Quarters,Year,Quarter,FillingDate,Date,NetIncome,Revenue,OperatingIncome,EPSDiluted,GrossProfit,GrossProfitRatio,TotalAssets,CommonStockEquity,CurrentAssets,CurrentLiability,TotalLiability,Inventory,RetainedEarnings,MarketCap,EnterpriseValue,bookValuePerShare,currentRatio,debtToAssets,debtToEquity,roic,shareholdersEquityPerShare,roe,priceToSalesRatio,peRatio,pbRatio,payoutRatio,inventoryTurnover,dividendYield,assetTurnover,quickRatio,returnOnAssets,priceToFreeCashFlowsRatio,grossProfitMargin,epsdilutedGrowth,fiveYNetIncomeGrowthPerShare,fiveYRevenueGrowthPerShare,fiveYShareholdersEquityGrowthPerShare,grossProfitGrowth,netIncomeGrowth,operatingIncomeGrowth,threeYNetIncomeGrowthPerShare,threeYRevenueGrowthPerShare,threeYShareholdersEquityGrowthPerShare,Industry,Sector,Symbol
2023Q1,2023,Q1,2023-05-02,2023-03-31,-6439000.0,20888000.0,-29328000.0,-0.12,-131000.0,-0.0062715435,2444320000.0,718303000.0,331242000.0,104509000.0,1726017000.0,0.0,-99111000.0,496238098.5,1332069098.5,13.15774481994957,3.169506932417304,0.4476107874582706,1.5231789370223987,-0.016463040484359568,13.15774481994957,-0.008964183638381017,23.757090123515894,-19.266893092871562,0.690847871302222,-3.004659108557229,0.0,0.03898733301308585,0.00854552595404857,2.9955697595422404,-0.0026342704719512994,44.08654037846482,-0.0062715434699348906,-3.3999999999999995,-1.360703914207674,-0.17004261234565873,-0.10879861605295278,0.9940881808745882,-3.2134754211069096,-2.1584310937314846,0.7820591030431918,-0.4225003370207094,-0.09947086201495493,REIT—Mortgage,Real Estate,ACRE
2022Q4,2022,Q4,2023-02-15,2022-12-31,2909000.0,30408000.0,25317000.0,0.05,-22159000.0,-0.7287227046,2523002000.0,747540000.0,2561035000.0,104460000.0,1775462000.0,0.0,-73326000.0,560054251.89,2155342251.89,13.734716902945358,24.516896419682176,0.6882935487169649,2.323040907509966,0.009343632894546467,13.734716902945358,0.0038914305588998582,18.41799039364641,48.13116637074596,0.7491963666024559,6.598831213475421,0.0,0.03427525089796172,0.012052309114301139,2.8880815623205054,0.001152991555298014,37.114264538767394,-0.7287227045514338,4.0,-0.753752058179114,0.4638836068324975,-0.06659015308627052,-3.8460056511687646,3.517080745341615,0.3317026984377466,-0.8415360822244047,-0.2585186868336744,-0.07733686619663974,REIT—Mortgage,Real Estate,ACRE
2022Q3,2022,Q3,2022-11-02,2022-09-30,644000.0,27271000.0,19011000.0,0.01,7786000.0,0.2855047486,2727186000.0,767077000.0,134201000.0,828436000.0,1960109000.0,0.0,-56889000.0,568642445.25,2394277445.25,14.09665197693049,0.1619932016474417,0.6977639222260601,2.480757472848228,0.007065345551102322,14.09665197693049,0.0008395506578870179,20.851543590260718,220.74629085791923,0.7413107748635404,29.809006211180126,0.0,0.033759351171121534,0.009999684656638749,0.2887706473402894,0.0002361408426121284,44.029612485482,0.28550474863408015,-0.95,-0.9695178162736321,-0.03071149613489446,-0.045205836486928885,-0.5519622511221084,-0.9357990230286113,-0.20312696483212475,-0.9624877931645972,-0.2769421809119946,-0.05189320721714505,REIT—Mortgage,Real Estate,ACRE
2022Q2,2022,Q2,2022-07-29,2022-06-30,10031000.0,25146000.0,23857000.0,0.2,17378000.0,0.691084069,2696334000.0,786000000.0,67657000.0,833286000.0,1910334000.0,-50397000.0,-38337000.0,618380096.57,2448245096.57,15.545099289772892,0.08119301176306815,0.6881528772028984,2.360674300254453,0.00894426213652745,15.545099289772892,0.012762086513994911,24.59158898313847,15.411726063453296,0.7867431254071248,1.6688266374239857,-0.15413615889834711,0.027070728978588733,0.009325995963408095,3.2391939862184174,0.0037202364395508866,47.799342704645596,0.691084069036825,-0.411764705882353,-0.15845899978178413,0.36026699723273525,0.06158050526396178,-0.3372234935163997,-0.3808406888463675,-0.1575620608072319,-0.41837503282199645,-0.343800508630675,0.044207560430514686,REIT—Mortgage,Real Estate,ACRE
2022Q1,2022,Q1,2022-05-03,2022-03-31,16201000.0,26220000.0,28319000.0,0.34,26220000.0,1.0,2515805000.0,689334000.0,76882000.0,720063000.0,1826471000.0,0.0,-29170000.0,732612241.4399999,2494319241.44,14.603173513687718,0.10677121307441155,0.7057248077653078,2.5756251686410363,0.011415386286404292,14.603173513687718,0.02350239506538195,27.940970306636153,11.30504662428245,1.062782687985795,1.0291957286587248,0.0,0.022759652455746713,0.010422111411655513,0.12587926334223534,0.006439688290626658,45.181143474560585,1.0,-0.055555555555555455,0.5141439093512706,0.529470655688087,-0.005156611580153477,-0.12922187904752416,-0.05550049554013875,-0.09989829000063569,0.14745310560236286,0.12063707202828748,-0.01883944194821304,REIT—Mortgage,Real Estate,ACRE
2021Q4,2021,Q4,2022-02-15,2021-12-31,17153000.0,30111000.0,31462000.0,0.36,30111000.0,1.0,2631838000.0,678628000.0,131181000.0,819969000.0,1953210000.0,0.0,-28631000.0,683761704.0799999,2535696704.08,14.430833229065332,0.15998287740146275,0.7228978379368335,2.80352416935346,0.012098024472444268,14.430833229065332,0.025275998043110513,22.708037065524223,9.965628520958433,1.0075648279764464,0.9632717308925552,0.0,0.02416485144079788,0.011441053742669571,0.24975578345034996,0.006517498417455785,37.96145370197645,1.0,0.7142857142857143,0.28719785102017154,0.44517247870592813,-0.019839302454969884,0.106859285399206,0.7237463571500352,0.0,0.039525872724507236,0.25863188910738283,-0.031804604371265824,REIT—Mortgage,Real Estate,ACRE
2021Q3,2021,Q3,2021-11-03,2021-09-30,9951000.0,27204000.0,0.0,0.21,27204000.0,1.0,2466685000.0,672743000.0,50142000.0,635915000.0,1793942000.0,0.0,-29110000.0,708116672.12,2435171672.12,14.326684908614604,0.07885016079192973,0.7065523161652177,2.590650515873075,0.0,14.326684908614604,0.014791681221506578,26.029873258344363,17.79008823535323,1.052581256319278,1.6609385991357652,0.0,0.02334078641379468,0.011028566679571977,0.10367580572875305,0.004034159205573472,67.83376493150685,1.0,-0.5116279069767442,-0.6733270012628789,0.40072809954251687,-0.02622777023206622,0.156091963792444,-0.43508373545273915,0.0,-0.3925203396921164,0.18248291120885188,-0.035915618338490905,REIT—Mortgage,Real Estate,ACRE
2021Q2,2021,Q2,2021-07-30,2021-06-30,17615000.0,23531000.0,0.0,0.43,23531000.0,1.0,2256835000.0,679037000.0,108457000.0,384156000.0,1577798000.0,0.0,-22538000.0,602424780.75,2053965780.75,16.558172652827082,0.28232540946906987,0.676705208843358,2.2490851014009547,0.0,16.558172652827082,0.025941149009553233,25.60132509243126,8.549883348708486,0.8871751918525793,0.8089128583593528,0.0,0.023652745463525655,0.010426548684330047,0.4793052822290944,0.007805178491116985,61.2780775862069,1.0,-0.04444444444444448,0.4047174640184492,0.5514880148831306,0.15575196252788118,0.10874994110163502,0.11912325285895807,0.0,0.3170456295565896,0.2003132114042228,0.11871772667918598,REIT—Mortgage,Real Estate,ACRE
2021Q1,2021,Q1,2021-05-04,2021-03-31,15740000.0,21223000.0,0.0,0.45,21223000.0,1.0,2090803000.0,575973000.0,37624000.0,328934000.0,1514830000.0,0.0,-23625000.0,472201788.8,1842721788.8,16.73511144479595,0.11438160846856817,0.7023445059147132,2.5495361761749247,0.0,16.73511144479595,0.027327669873414204,22.2495306412854,7.5000284116899625,0.8198332019035615,0.7067344345616264,0.0,0.023557725243416105,0.010150645469707094,0.41214346951060093,0.0075282080616873035,47.58180056428859,1.0,0.046511627906976785,1.5403744637165275,0.19044445752404268,0.17312678085305389,0.0008016599075733283,0.09252446727285348,0.0,0.3985882081645568,0.3375758363465122,0.1335038552729268,REIT—Mortgage,Real Estate,ACRE
2020Q4,2020,Q4,2021-02-18,2020-12-31,14407000.0,21206000.0,0.0,0.43,21206000.0,1.0,1929497000.0,473015000.0,7489000.0,651819000.0,1456482000.0,0.0,-25117000.0,392761572.42,1644911572.42,14.343584112082366,0.011489385857116776,0.687705655930017,2.8052514190881896,0.0,14.343584112082366,0.030457807891927317,18.5212474026219,6.81546422607066,0.8303364003678531,0.7684458943569098,0.0,0.028187584472141827,0.010990429111835882,0.1262083492503287,0.007466712827229065,43.70330170468455,1.0,-0.02272727272727275,0.4026970189475406,-0.1247369042083691,-0.0015914265640105411,-0.05177964585941692,-0.03490085744908896,0.0,1.0127968290696105,0.6849031540172286,-0.025211604661330652,REIT—Mortgage,Real Estate,ACRE
2020Q3,2020,Q3,2020-10-29,2020-09-30,14928000.0,22364000.0,0.0,0.44,22364000.0,1.0,1949058000.0,469349000.0,0.0,687012000.0,1479709000.0,0.0,-28401000.0,304704247.3,1576549247.3,14.07873338823656,0.0,0.6942533264787399,2.883014558462892,0.0,14.07873338823656,0.031805756483981006,13.624765126989805,5.102898032221329,0.6492061287016698,0.7416934619506966,0.0,0.036336874520488505,0.011474260899367797,0.11833126641164929,0.0076590845423789335,35.53402300874636,1.0,0.517241379310345,0.3609586504716499,-0.1964574789886238,-0.015330852072332642,0.5992562929061785,0.5282555282555282,0.0,0.1533271254441659,0.29745454910495883,-0.04641949799544547,REIT—Mortgage,Real Estate,ACRE
2020Q2,2020,Q2,2020-08-06,2020-06-30,9768000.0,13984000.0,0.0,0.29,13984000.0,1.0,2021233000.0,465126000.0,32179000.0,0.0,1556107000.0,0.0,-32257000.0,303850428.96,886270428.96,13.96064877880566,0.0,0.32426098327110237,1.409095599901962,0.0,13.96064877880566,0.021000761084093343,21.72843456521739,7.7766796928746915,0.6532647690303272,1.131961506961507,0.0,0.03638961458058559,0.006918549222182697,0.0,0.0048326937072569074,51.62256693170234,1.0,1.537037037037037,-0.06843750319389218,-0.4490589509028923,-0.0181097203936968,-0.33831740323649095,1.5658344436077158,0.0,0.24365732057656592,0.14802328198174525,-0.04662219853638878,REIT—Mortgage,Real Estate,ACRE
2020Q1,2020,Q1,2020-05-08,2020-03-31,-17263000.0,21134000.0,0.0,-0.54,21134000.0,1.0,2101355000.0,466065000.0,132193000.0,802520000.0,1635290000.0,0.0,-30953000.0,222966684.48000002,1604560684.48,14.611126131232501,0.16472237452026117,0.692930037999291,3.1242251617263688,0.0,14.611126131232501,-0.03703989786832309,10.55014121699631,-3.2289677993396286,0.47840255003057514,-0.554075189712101,0.0,0.042898785629374936,0.010057320157707765,0.25755245975178187,-0.00821517544631916,27.732174686567166,1.0,-2.6363636363636367,-3.1828867340565528,0.056028143684039675,0.03254677929084851,-0.02066728452270621,-2.7870600414078677,0.0,-3.387598275277086,0.8243569640490865,-0.004614838315756992,REIT—Mortgage,Real Estate,ACRE
2019Q4,2019,Q4,2020-02-20,2019-12-31,9660000.0,21580000.0,0.0,0.33,21580000.0,1.0,1784134000.0,426339000.0,42413000.0,561220000.0,1357795000.0,0.0,2437000.0,453663349.92,1652223349.92,14.885949594982439,0.07557285912832758,0.6747340726649456,2.8236121959285923,0.0,14.885949594982439,0.02265802565564023,21.02239805004634,11.740769925465838,1.0640906647526966,0.9861283643892339,0.0,0.020997949253956344,0.012095504037252807,0.08493817041445423,0.005414391519919468,60.682631075441414,1.0,0.06451612903225812,0.07853179542765874,0.032231590319176835,0.051345412334981286,0.08731798256663476,0.06929377905689617,0.0,0.19026645326676567,0.7006219984301435,0.011072784712872956,REIT—Mortgage,Real Estate,ACRE
2019Q3,2019,Q3,2019-11-08,2019-09-30,9034000.0,19847000.0,0.0,0.31,19847000.0,1.0,1674697000.0,425744000.0,36780000.0,492171000.0,1248953000.0,0.0,2324000.0,436103648.22,1528439648.22,14.868211138488329,0.0747301242860713,0.6558129619865564,2.5796910819647487,0.0,14.868211138488329,0.021219324288774474,21.97327798760518,12.068398500664157,1.0243330457270097,1.0545716183307505,0.0,0.02184572415040642,0.01185109903463134,0.08682348208244696,0.005394408660193456,60.511120885250456,1.0,-0.08823529411764713,1.1892728807678978,0.5299914024558389,0.05530353920531342,-0.0843367935409458,-0.07391081496668375,0.0,-0.5136596971464883,0.6758286320163244,0.010579293488926294,REIT—Mortgage,Real Estate,ACRE
2019Q2,2019,Q2,2019-07-26,2019-06-30,9755000.0,21675000.0,0.0,0.34,21675000.0,1.0,1671447000.0,425757000.0,124226000.0,820000.0,1245690000.0,0.0,2816000.0,422983380.78,1024178380.78,14.886982127733138,151.49512195121952,0.3628054015472821,1.4243101111666985,0.0,14.886982127733138,0.022912130628504054,19.514804188235292,10.84016865146079,0.9934854407091368,0.9759097898513582,0.0,0.02250679443349453,0.012967805739577743,157.85487804878048,0.005836260437812267,45.51144617817947,1.0,0.13333333333333347,0.46209044551121686,0.3284479131821001,0.04891924662345601,0.5310447128628947,0.14187053728198526,0.0,0.11547415000515783,1.049241063039309,0.039103720621456034,REIT—Mortgage,Real Estate,ACRE
2019Q1,2019,Q1,2019-05-01,2019-03-31,8543000.0,14157000.0,0.0,0.3,14157000.0,1.0,1618440000.0,425102000.0,1708000.0,449168000.0,1193338000.0,0.0,2588000.0,434425388.67,1456916388.67,14.883571698687202,0.003802586114772201,0.639693161315835,2.435427262162963,0.0,14.883571698687202,0.02009635334578525,30.686260413223142,12.712904971028912,1.0219321213967472,1.0434273674353272,0.0,0.02051905858285665,0.008747312226588567,0.032330887329462474,0.005278539828476805,63.98959915598763,1.0,-0.14285714285714282,0.7891328249073946,0.01591726825572026,0.047610622077895584,-0.02540272614622057,-0.1473200918255315,0.0,0.6614640517598582,-0.043111957324994135,0.04333434599899837,REIT—Mortgage,Real Estate,ACRE
2018Q4,2018,Q4,2019-02-21,2018-12-31,10019000.0,14526000.0,0.0,0.35,14526000.0,1.0,1603324000.0,425587000.0,52425000.0,541000.0,1177737000.0,0.0,3565000.0,372338161.59999996,740331161.5999999,14.904876943454298,96.90388170055454,0.23643505617080515,0.8907273953386734,0.0,14.904876943454298,0.023541602539551256,25.63253212171279,9.290801517117476,0.8748814263593577,0.8307216289050804,0.0,0.02235333591441356,0.00905992799958087,117.4011090573013,0.00624889292494842,34.06570554437328,1.0,0.0,1.6212135326267663,-0.20509338154085563,-0.30323729070808286,0.03875858123569794,0.006226775133072211,0.0,0.1266057521697582,-0.3075583699472865,0.03747827670337873,REIT—Mortgage,Real Estate,ACRE
2018Q3,2018,Q3,2018-10-30,2018-09-30,9957000.0,13984000.0,0.0,0.35,13984000.0,1.0,1731512000.0,424158000.0,55643000.0,716447000.0,1307354000.0,0.0,2460000.0,393891026.40000004,1549621026.4,14.860405563176851,0.07766520063591585,0.6703759488816711,2.7366311610296163,0.0,14.860405563176851,0.02347474290240901,28.167264473684213,9.889801807773427,0.9286422191730441,0.8070704027317465,0.0,0.020401581811715017,0.008076178507570262,0.08469154033724756,0.005750465489121647,38.757357709337796,1.0,0.06060606060606049,0.27892299701622975,0.20243609571326177,0.012409825430021676,0.02552068055148137,0.07029990325701387,0.0,0.06024717230231544,-0.413151354274665,0.03933944057631803,REIT—Mortgage,Real Estate,ACRE
2018Q2,2018,Q2,2018-07-26,2018-06-30,9303000.0,13636000.0,0.0,0.33,13636000.0,1.0,1817516000.0,422196000.0,52324000.0,804644000.0,1395320000.0,0.0,827000.0,393927142.75,1637744142.75,14.801028228969379,0.06502751527383538,0.6871257254406564,2.9580147609167304,0.0,14.801028228969379,0.02203478952903391,28.88876083528894,10.58602447463184,0.9330432849908573,0.8606900999677524,0.0,0.020326093663166348,0.007502547432869917,0.07129736877426539,0.005118524403636612,46.7291984282325,1.0,0.0,0.020444113151399986,-0.2865510069140562,-0.6170846600882371,0.037984319098728785,-0.0016097875080489374,0.0,0.03626815973197809,-0.372514785485768,0.04099644482617184,REIT—Mortgage,Real Estate,ACRE
2018Q1,2018,Q1,2018-05-01,2018-03-31,9318000.0,13137000.0,0.0,0.33,13137000.0,1.0,1744155000.0,420714000.0,66887000.0,738456000.0,1323441000.0,0.0,-440000.0,351923537.55,1520235537.55,14.764053396859815,0.09057682515952203,0.6728260963045142,2.789336699040203,0.0,14.764053396859815,0.022148062579329424,26.788729356017356,9.44203524227302,0.8364911496883869,0.8287186091435931,0.0,0.02194226636205851,0.007532014069850443,0.09761989881590778,0.005342415094988691,36.299488143372876,1.0,0.5000000000000001,8.21250816444417,0.2580465012524524,-0.16852523509475142,0.20833333333333334,0.5070354196991752,0.0,0.3189219025261171,-0.2651961339873389,0.043353924077019705,REIT—Mortgage,Real Estate,ACRE
2017Q4,2017,Q4,2018-03-01,2017-12-31,6183000.0,10872000.0,0.0,0.22,10872000.0,1.0,1770219000.0,419170000.0,945000.0,744923000.0,1351049000.0,0.0,-1750000.0,367479036.3,1540771036.3,14.714561827645676,0.0012685874915930907,0.6788058426669242,2.866700861225756,0.0,14.714561827645676,0.014750578524226447,33.80050002759382,14.85844397137312,0.8766825781902331,1.2480996280122918,0.0,0.020999837372219648,0.006141612986867727,0.039316815295003645,0.0034927881804454703,49.793907357723576,1.0,-0.4358974358974359,0.311667650012374,0.12004259403121159,-0.4189611435170162,-0.2617139752818145,-0.44085729788388495,0.0,-0.30595004171312895,-0.47715758854781326,0.039240860873878965,REIT—Mortgage,Real Estate,ACRE
2017Q3,2017,Q3,2017-11-01,2017-09-30,11058000.0,14726000.0,0.0,0.39,14726000.0,1.0,1587468000.0,420500000.0,873000.0,556245000.0,1166968000.0,0.0,-211000.0,379086076.38,1385754076.38,14.76407430588311,0.0015694523096836826,0.6519268419898858,2.4611486325802616,0.0,14.76407430588311,0.026297265160523185,25.74263726606003,8.570403246066196,0.9015126667776456,0.6978657985169109,0.0,0.020356854236620377,0.009276407461441743,0.05234743683089286,0.006965809704510579,34.932369736454106,1.0,0.6250000000000001,7.451392749810163,1.5196458299557558,-0.18461756303089794,0.4144654692152531,0.6472516013704752,0.0,1.69417892955824,0.14132401475079906,0.04791220160684209,REIT—Mortgage,Real Estate,ACRE
2017Q2,2017,Q2,2017-08-03,2017-06-30,6713000.0,10411000.0,0.0,0.24,10411000.0,1.0,1662570000.0,416982000.0,857000.0,669311000.0,1245588000.0,0.0,-3552000.0,372748915.77,1530783915.77,14.643354142894331,0.001280421209273417,0.6999753393842064,2.790907041550954,0.0,14.643354142894331,0.016099016264491034,35.803372948804146,13.881607171532846,0.8939208785271308,1.1456874720691197,0.0,0.020633192142524258,0.00626199197627769,0.009831005317408499,0.0040377247273799,54.519367525230365,1.0,0.04347826086956513,9.859814182914908,0.5423834136466034,-0.425567448856917,0.006963923009962279,0.04029133736246707,0.0,0.010513221769615574,-0.3591501913123406,0.031753505432872364,REIT—Mortgage,Real Estate,ACRE
2017Q1,2017,Q1,2017-05-02,2017-03-31,6453000.0,10339000.0,0.0,0.23,10339000.0,1.0,1429000000.0,417890000.0,865000.0,487435000.0,1011110000.0,0.0,-2547000.0,380912798.22,1280616798.22,14.678866727840028,0.0017745955871039216,0.6606745976207138,2.2592165402378614,0.0,14.678866727840028,0.015441862691138817,36.84232500435245,14.757198133426314,0.9115145091291967,1.1476832481016581,0.0,0.01944277019466957,0.007235129461161651,0.0928636638731318,0.004515745276417075,61.40783463162986,1.0,-0.1785714285714286,-0.554438711794724,-0.6178605968311993,-0.4992350576582302,-0.18009516256938937,-0.19987600743955364,0.0,0.35584603523894603,-0.25564145432467733,0.03320204420471198,REIT—Mortgage,Real Estate,ACRE
2016Q4,2016,Q4,2017-03-07,2016-12-31,8065000.0,12610000.0,0.0,0.28,12610000.0,1.0,1373703000.0,419029000.0,203000.0,578544000.0,944030000.0,0.0,-1310000.0,390769351.51,1149600351.51,14.722925807175978,0.00035088083188141263,0.5868087934582658,1.9237355887062708,0.0,14.722925807175978,0.019246877901052194,30.988846273592387,12.113123109423436,0.9325592059499462,0.9182889026658401,0.0,0.018952356348782066,0.009179567926982761,0.08205598882712464,0.005870992492554795,46.7819168574165,1.0,-0.5692307692307692,0.7124655140264442,0.3002686245100436,-0.418630872241605,0.07246130294267733,-0.5626830061815421,0.0,1.1168612757872196,-0.3076986770803426,-0.3117430145160007,REIT—Mortgage,Real Estate,ACRE
2016Q3,2016,Q3,2016-11-03,2016-09-30,18442000.0,11758000.0,0.0,0.65,11758000.0,1.0,1565139000.0,418260000.0,38291000.0,607510000.0,1099871000.0,0.0,-1969000.0,358202451.59999996,1208590451.6,14.71256262055131,0.06302941515366002,0.5700171039121765,2.133017740161622,0.0,14.71256262055131,0.0440921914598575,30.464573192719847,4.855797250840473,0.8564109682972314,0.4019086866934172,0.0,0.020692209020045694,0.007512431803181698,0.13178219288571383,0.011782979019754796,-10.777868259365126,1.0,1.0967741935483872,11.77920379599563,1.0155330684131136,-0.18746242296915305,0.11831843256610233,1.1214770505004026,0.0,1.3782795357768736,0.01508646500774016,0.0023375802885111075,REIT—Mortgage,Real Estate,ACRE
2016Q2,2016,Q2,2016-08-04,2016-06-30,8693000.0,10514000.0,0.0,0.31,10514000.0,1.0,1332071000.0,407291000.0,1518000.0,408433000.0,877774000.0,0.0,-13005000.0,349388759.87,927244759.87,14.326752789249653,0.0037166438559078233,0.4377882260029683,1.4318141083402285,0.0,14.326752789249653,0.021343462045564473,33.23081223796842,10.047991483665017,0.8578356994630375,0.8547106867594616,0.0,0.021265709872190917,0.007892972671877099,0.01671510382363815,0.006525928422734224,22.379500375992826,1.0,0.7222222222222223,12.492045635105377,0.5602262071111267,-0.4379871528055315,-0.28853701448098523,0.6925623052959502,0.0,-0.043244286585483814,-0.44803811318606557,-0.6293545739349405,REIT—Mortgage,Real Estate,ACRE
2016Q1,2016,Q1,2016-05-05,2016-03-31,5136000.0,14778000.0,0.0,0.18,14778000.0,1.0,1422115000.0,406982000.0,27667000.0,415311000.0,968114000.0,0.0,-14285000.0,312396141.59999996,976654141.5999999,14.265390337970807,0.06661754685043257,0.47142600985152394,1.6473013548510744,0.0,14.265390337970807,0.01261972273958062,21.1392706455542,15.20619848130841,0.7675920350285761,1.3925233644859814,0.0,0.022894008752379548,0.010391564676555694,0.08145943642234374,0.0036115222749215077,17.542460781671156,1.0,-0.41935483870967744,-0.6461259552656344,-0.45494935610059656,-0.513340675235631,-0.29426934097421203,-0.42142615748563705,0.0,4.071892144420904,0.4135330635881997,-0.19660869825432367,REIT—Mortgage,Real Estate,ACRE
2015Q4,2015,Q4,2016-03-01,2015-12-31,8877000.0,20940000.0,0.0,0.31,20940000.0,1.0,1378982000.0,409471000.0,38302000.0,305605000.0,922494000.0,0.0,-11992000.0,326061701.68,946477701.6800001,14.366447257879011,0.12533171904909932,0.4564316285491761,1.53713205574998,0.0,14.366447257879011,0.021679190956136088,15.57123694746896,9.182767311028499,0.7962998641662046,0.8055649431114115,0.0,0.021931431882846696,0.015185114816582088,0.15476513800494102,0.006437357412932149,4.590284820857911,1.0,-0.060606060606060656,0.8821744475645968,1.1561097553301771,-0.4327072607246838,-0.12009412555676947,-0.05352382983260476,0.0,0.8821744475645968,1.1561097553301771,-0.4327072607246838,REIT—Mortgage,Real Estate,ACRE
2015Q3,2015,Q3,2015-11-05,2015-09-30,9379000.0,23798000.0,0.0,0.33,23798000.0,1.0,1502186000.0,407573000.0,3197000.0,394035000.0,1010562000.0,0.0,-13717000.0,341783690.71,1078034690.71,14.297932882193612,0.008113492456253885,0.49704231033973156,1.831941762579955,0.0,14.297932882193612,0.023011828555866067,14.36186615303807,9.110344671873333,0.8385827586959882,0.7626612645271351,0.0,0.020928441568235177,0.01584224590030795,0.03450454908827896,0.0062435677073278545,-18.531892355365176,1.0,0.06451612903225812,6.467150859191282,3.0683919751934967,-0.21036137345514755,0.09637888141527688,0.04594624735139958,0.0,6.467150859191282,3.0683919751934967,-0.21036137345514755,REIT—Mortgage,Real Estate,ACRE
2015Q2,2015,Q2,2015-07-30,2015-06-30,8967000.0,21706000.0,0.0,0.31,21706000.0,1.0,1544838000.0,405099000.0,3384000.0,350259000.0,1055688000.0,0.0,-15943000.0,324520588.29,1065285588.29,14.218135232383903,0.00966142197630896,0.48475633043723676,1.8486098459882645,0.0,14.218135232383903,0.022135329882325062,14.950731976872754,9.047635449146872,0.8010895812875372,0.7969220475075276,0.0,0.022020174552420533,0.014050664212040357,0.032801441219212066,0.005804492121504003,3.330773452905133,1.0,0.24,12.828055342832869,2.2139410768368486,-0.4422480249855299,0.21459347546304067,0.2697536108751062,0.0,12.828055342832869,2.2139410768368486,-0.4422480249855299,REIT—Mortgage,Real Estate,ACRE
2015Q1,2015,Q1,2015-05-07,2015-03-31,7062000.0,17871000.0,0.0,0.25,17871000.0,1.0,1589781000.0,403069000.0,3579000.0,417295000.0,1102626000.0,0.0,-17758000.0,314751437.65000004,1131516437.65,14.150570632032187,0.008576666387088271,0.5194237445283344,2.0487063009062965,0.0,14.150570632032187,0.01752057340058402,17.61241327569806,11.142432655409234,0.7808872368006471,1.0120362503540075,0.0,0.02270680653076915,0.011241170953735138,0.03015612456415725,0.004442121273307456,2.5080195513075907,1.0,-0.1935483870967742,-0.5126538877845448,-0.33982944907465396,-0.5172577135526968,-0.13974198517377492,-0.20651685393258426,0.0,-0.5126538877845448,-0.33982944907465396,-0.5172577135526968,REIT—Mortgage,Real Estate,ACRE
2014Q4,2014,Q4,2015-03-05,2014-12-31,8900000.0,20774000.0,0.0,0.31,20774000.0,1.0,1867653000.0,402954000.0,21790000.0,524861000.0,1386767000.0,0.0,-17674000.0,326712867.32,1430665867.32,14.15895234842139,0.041515753694787765,0.5999529891259243,2.7807243506702997,0.0,14.15895234842139,0.022086888329685275,15.72700815057283,9.177327733707864,0.810794451277317,0.8034831460674158,0.0,0.021887720733679977,0.011123051230608683,0.0730498169991674,0.0047653391716769656,-1.5526628393553874,1.0,1.214285714285714,0.8898749785245625,1.142218323338213,-0.4409006820667168,0.6110120201628538,1.1696733300828863,0.0,0.8898749785245625,1.142218323338213,-0.4409006820667168,REIT—Mortgage,Real Estate,ACRE
2014Q3,2014,Q3,2014-11-10,2014-09-30,4102000.0,12895000.0,0.0,0.14,12895000.0,1.0,1402478000.0,401039000.0,11045000.0,211707000.0,1001439000.0,0.0,-19427000.0,332751325.96999997,1128527325.97,14.089037500703066,0.052171161085840335,0.5755698128598096,2.012831669737856,0.0,14.089037500703066,0.010228431648792263,25.80467824505622,20.279822401877134,0.8297231091489855,1.7432959531935641,0.0,0.021490522927757518,0.009194440126690044,0.10624589645122741,0.0029248230631781745,12.331887705963013,1.0,-0.3913043478260869,3.394567294336307,1.2076516373887958,-0.22189813639080141,-0.20563050575987188,-0.3820427839710756,0.0,3.394567294336307,1.2076516373887958,-0.22189813639080141,REIT—Mortgage,Real Estate,ACRE
2014Q2,2014,Q2,2014-08-06,2014-06-30,6638000.0,16233000.0,0.0,0.23,16233000.0,1.0,1421588000.0,403835000.0,67668000.0,320137000.0,1017753000.0,0.0,-16379000.0,353110900.99,1181818900.99,14.19268659208549,0.2113720063597772,0.597120966130834,2.1019971027771245,0.0,14.19268659208549,0.01643740636646155,21.75265822645229,13.298843815531786,0.874394,1.0768303705935522,0.0,0.020242932121210356,0.011418920249748872,0.2743200567257143,0.00466942602216676,-7.034081693027889,1.0,0.3529411764705882,9.767638059598625,1.4067783008394998,-0.4432463295561281,0.16977732939396123,0.39600420609884335,0.0,9.767638059598625,1.4067783008394998,-0.4432463295561281,REIT—Mortgage,Real Estate,ACRE
2014Q1,2014,Q1,2014-05-07,2014-03-31,4755000.0,13877000.0,0.0,0.17,13877000.0,1.0,1257861000.0,404088000.0,2267000.0,277524000.0,853773000.0,0.0,-15865000.0,381414729.6,1155528729.6,14.2071599743483,0.008168662890416685,0.6395905429932243,1.9909425669656116,0.0,14.2071599743483,0.011767238819267091,27.485388023347987,20.05335066246057,0.9438902654867257,1.4988433228180862,0.0,0.018685696820031777,0.011032220571271388,0.11771594528761477,0.003780226909014589,49.962631595493846,1.0,0.30769230769230776,-0.6713776663242202,-0.48661917648556996,-0.5153271858581888,0.14185797745412657,0.8705743509047994,0.0,-0.6713776663242202,-0.48661917648556996,-0.5153271858581888,REIT—Mortgage,Real Estate,ACRE
2013Q4,2013,Q4,2014-03-17,2013-12-31,2542000.0,12153000.0,0.0,0.13,12153000.0,1.0,1176915000.0,406216000.0,2552000.0,264803000.0,770699000.0,0.0,-13473000.0,248762450.0,955923450.0,21.391611153532214,0.009637353051136128,0.6179384237604245,1.790330759989759,0.0,21.391611153532214,0.00625775449514544,20.469221591376616,24.46522915027537,0.6123895907595959,2.8005507474429585,0.0,0.0286176631561556,0.010326149297103019,0.08554283750561738,0.002159884103779797,12.359638793660258,1.0,-0.5185185185185185,-0.19103555173231107,0.878183070669853,-0.1553022489854398,0.06614615317133082,-0.6668850740400996,0.0,-0.19103555173231107,0.878183070669853,-0.1553022489854398,REIT—Mortgage,Real Estate,ACRE
2013Q3,2013,Q3,2013-11-13,2013-09-30,7631000.0,11399000.0,0.0,0.27,11399000.0,1.0,839806000.0,410647000.0,0.0,224919000.0,429159000.0,0.0,-8888000.0,347748665.65999997,710709665.66,14.678251030273126,0.0,0.44714374510303573,0.9144447664295612,0.0,14.678251030273126,0.018582870445906095,30.506944965347834,11.39263090224086,0.8468311363774726,0.8939850609356572,0.0,0.019617616611274046,0.013573372898026449,0.05581120314424304,0.00908662238659881,106.80241574324323,1.0,-0.15624999999999997,5.532353591679274,0.9855777196258301,-0.18935736521325724,0.6653031409788167,1.3372128637059724,0.0,5.532353591679274,0.9855777196258301,-0.18935736521325724,REIT—Mortgage,Real Estate,ACRE
2013Q2,2013,Q2,2013-08-07,2013-06-30,3265000.0,6845000.0,0.0,0.32,6845000.0,1.0,581059000.0,394876000.0,3312000.0,72251000.0,186183000.0,0.0,-9401000.0,131987903.44,260572903.44,38.65352647501679,0.045840195983446595,0.2905384823227934,0.42752661595032365,0.0,38.65352647501679,0.008268418440219208,19.28238180277575,10.106271320061257,0.334251520578612,0.7096477794793262,0.0,0.017554639020789343,0.011780215090033887,0.6027183014767962,0.005619050733230188,166.2316164231738,1.0,7.000000000000001,13.011473225586506,1.8266919227288545,0.5163086002734546,1.0275473933649288,8.984709480122325,0.0,13.011473225586506,1.8266919227288545,0.5163086002734546,REIT—Mortgage,Real Estate,ACRE
2013Q1,2013,Q1,2013-05-15,2013-03-31,327000.0,3376000.0,0.0,0.04,3376000.0,1.0,443953000.0,163584000.0,2464000.0,169345000.0,280369000.0,0.0,-5844000.0,155325177.84,400236177.84000003,17.756466004764757,0.014550178629425137,0.6024534128612713,1.6350070911580594,0.0,17.756466004764757,0.0019989730046948355,46.008642725118484,118.75013596330274,0.9495132643779342,7.085626911314985,0.0,0.014917092207592606,0.007604408574781564,0.1477102955505034,0.0007365644561473849,126.69264097879282,1.0,-0.75,-0.9302283970837928,-0.6144054511779065,-0.39424372194855156,0.5166217430368374,-0.6975023126734505,0.0,-0.9302283970837928,-0.6144054511779065,-0.39424372194855156,REIT—Mortgage,Real Estate,ACRE
2012Q4,2012,Q4,2013-04-01,2012-12-31,1081000.0,2226000.0,0.0,0.16,2226000.0,1.0,387859000.0,165438000.0,1746000.0,113884000.0,222421000.0,0.0,-3854000.0,107267032.52000001,295422032.52,25.32457453312609,0.015331389835270978,0.5454172779283193,1.2786965509737787,0.0,25.32457453312609,0.006534169900506534,48.18824461814915,24.80736182238668,0.6483820677232559,0.513413506012951,0.0,0.005174003484216084,0.005739199038825965,0.22071581609356888,0.002787095310409195,65.3668692992078,1.0,3.666666666666667,0.0,0.0,0.0,0.49295774647887325,2.9512635379061374,1.0,0.0,0.0,0.0,REIT—Mortgage,Real Estate,ACRE
2012Q3,2012,Q3,2012-11-07,2012-09-30,-554000.0,1889000.0,-554000.0,-0.06,1491000.0,0.7893065113816834,220253000.0,166683000.0,217315000.0,2683000.0,53570000.0,0.0,-2619000.0,157045488.79999998,133062488.79999998,18.106931957920718,80.99701826313827,0.0,0.0,-0.006647348559841135,18.106931957920718,-0.0033236742799205676,83.13683896241396,-70.86890288808664,0.9421805991012879,-1.0018050541516246,0.0,0.003534007912234917,0.008576500660603942,80.28065598210958,-0.002515289235560923,145.54725560704355,0.7893065113816834,-1.0,0.0,0.0,0.0,0.236318407960199,-2.165714285714286,-2.165714285714286,0.0,0.0,0.0,REIT—Mortgage,Real Estate,ACRE
2012Q2,2012,Q2,2012-08-14,2012-06-30,-175000.0,1559000.0,-175000.0,-0.03,1206000.0,0.7735728030788968,171259000.0,167658000.0,168295000.0,2267000.0,3601000.0,0.0,-1509000.0,114964614.04,27509614.040000007,25.491859947273216,74.23687692986326,0.0,0.0,-0.0010437915279915065,25.491859947273216,-0.0010437915279915065,73.74253626683772,-164.23516291428572,0.6857090865929452,0.0,0.0,0.0,0.009103171220198646,73.31627701808557,-0.0010218441074629654,-210.17296899451554,0.7735728030788968,-1.0588235294117647,0.0,0.0,0.0,0.9770491803278688,-1.344488188976378,-1.344488188976378,0.0,0.0,0.0,REIT—Mortgage,Real Estate,ACRE
2012Q1,2012,Q1,2012-06-01,2012-03-31,508000.0,949000.0,508000.0,0.51,610000.0,0.642781875658588,84901000.0,29271000.0,83270000.0,2046000.0,55630000.0,0.0,-729000.0,17974278.0,60677278.0,29.312888117119364,40.69892473118279,0.55698990589039,1.6155580608793687,0.0066353187042842215,29.312888117119364,0.017355061323494243,18.94022971548999,8.845609251968504,0.6140643640463257,0.0,0.0,0.0,0.011177724643997126,2.4960899315738025,0.005983439535458946,-81.33157466063348,0.642781875658588,0.0,0.0,0.0,0.0,0.0,0.0,0.0,0.0,0.0,0.0,REIT—Mortgage,Real Estate,ACRE
