Quarters,Year,Quarter,FillingDate,Date,NetIncome,Revenue,OperatingIncome,EPSDiluted,GrossProfit,GrossProfitRatio,TotalAssets,CommonStockEquity,CurrentAssets,CurrentLiability,TotalLiability,Inventory,RetainedEarnings,MarketCap,EnterpriseValue,bookValuePerShare,currentRatio,debtToAssets,debtToEquity,roic,shareholdersEquityPerShare,roe,priceToSalesRatio,peRatio,pbRatio,payoutRatio,inventoryTurnover,dividendYield,assetTurnover,quickRatio,returnOnAssets,priceToFreeCashFlowsRatio,grossProfitMargin,epsdilutedGrowth,fiveYNetIncomeGrowthPerShare,fiveYRevenueGrowthPerShare,fiveYShareholdersEquityGrowthPerShare,grossProfitGrowth,netIncomeGrowth,operatingIncomeGrowth,threeYNetIncomeGrowthPerShare,threeYRevenueGrowthPerShare,threeYShareholdersEquityGrowthPerShare,Industry,Sector,Symbol
2023Q1,2023,Q1,2023-05-22,2023-03-31,1181626.0,0.0,-1159452.0,0.0289,-1159452.0,0.0,47511898.0,26798140.0,643614.0,5247091.0,20713758.0,-3220.0,-19573654.0,307206674.03999996,306566280.03999996,0.8662101206998895,0.12266110879342478,0.0,0.0,-0.025720247193671938,0.8662101206998895,0.04409358261431577,0.0,64.99659664733173,11.463731215673924,0.0,-360.0782608695652,0.0,0.0,0.12266110879342478,0.0248701072729193,-590.9764057795928,0.0,-0.9999999994207773,1.3677125333292675,0.0,-0.9726995313968311,0.6722903907155557,-0.505412052678987,-1.4389182912771667,1.3677125333292675,0.0,-0.9726995313968311,Shell Companies,Financial Services,MBAC
2022Q4,2022,Q4,2023-04-17,2022-12-31,2389112.0,0.0,-475396.0,49894447.15,-3538047.0,0.0,404668541.0,388511525.0,571219.0,1431683.0,16157016.0,-1950.0,-15510472.0,400800000.0,400675145.0,9.712788125,0.39898427235638056,0.0,0.0,-0.0009639748253116747,9.712788125,0.006149398013353658,0.0,41.940269020456135,1.0316296279756436,0.0,-1814.383076923077,0.0,0.0,0.08857058441009637,0.005903873807675107,-301.9252252951266,0.0,1176755828.0094337,-0.916249229486966,0.0,-0.7261160638118882,-12.639821736297712,0.12590612579207952,-0.8327389924862466,-0.916249229486966,0.0,-0.7261160638118882,Shell Companies,Financial Services,MBAC
2022Q3,2022,Q3,2022-11-14,2022-09-30,2121946.0,0.0,-259391.0,0.0424,-259391.0,0.0,402531719.0,385671705.0,473518.0,1480047.0,16860014.0,0.0,-15750591.0,98101000.0,97889876.0,38.5671705,0.3199344345145796,0.0,0.0,-0.00059843518897236,38.5671705,0.005501948866069913,0.0,11.557904866570592,0.25436400629908795,0.0,0.0,0.0,0.0,0.1426468213509436,0.005271500107548046,-275.1472485555618,0.0,-0.788,1.4968852556904995,0.0,0.0846298444294678,0.17732523104832826,-0.7836913831544919,0.17732523104832826,1.4968852556904995,0.0,0.0846298444294678,Shell Companies,Financial Services,MBAC
2022Q2,2022,Q2,2022-08-12,2022-06-30,9809808.0,0.0,-315302.0,0.2,-315302.0,0.0,401097791.0,383549759.0,944467.0,1428738.0,17548032.0,0.0,-16451241.0,98100000.0,97532336.0,38.3549759,0.6610498215908025,0.0,0.0,-0.0016987252454867816,38.3549759,0.025576363352636078,0.0,2.500048930621272,0.2557686393957557,0.0,0.0,0.0,0.0,0.3973184726660871,0.024457397223611236,-369.2133985698156,0.0,-0.7727272727272727,3.875264966241061,0.0,0.6183565836524554,0.0,-0.7757953011717702,-1.0687211538629195,3.875264966241061,0.0,0.6183565836524554,Shell Companies,Financial Services,MBAC
2022Q1,2022,Q1,2022-05-23,2022-03-31,43753802.0,0.0,4588136.0,0.88,0.0,0.0,401365165.0,378802506.0,1290618.0,1459587.0,22562659.0,0.0,-21198494.0,390800000.0,389966636.0,9.47006265,0.8842350610138348,0.0,0.0,0.02192528134626306,9.47006265,0.11550557693512196,0.0,2.2329488075116304,1.031672161112894,0.0,0.0,0.0,0.0,0.5709587712140489,0.10901245502957388,-2539.4762492689583,0.0,4.1764705882352935,11.530902653779519,0.0,-0.7015306772940124,0.0,5.135191033948566,1.7226419308268839,11.530902653779519,0.0,-0.7015306772940124,Shell Companies,Financial Services,MBAC
2021Q4,2021,Q4,2022-04-15,2021-12-31,7131612.0,0.0,-6349114.0,0.17,0.0,0.0,401602583.0,354631537.0,1482498.0,6325424.0,46971046.0,0.0,-45369463.0,99100000.0,98112746.0,35.4631537,0.23437132435707075,0.0,0.0,-0.3263399459204717,35.4631537,0.020109920455269607,0.0,3.4739691390950598,0.2794449722050524,0.0,0.0,0.0,0.0,0.1560771262131993,0.017757883793292236,-1085.0285764337486,0.0,2.8888888888888893,0.0,0.0,0.0,0.0,2.6699731529951447,-7.644001247088199,0.0,0.0,0.0,Shell Companies,Financial Services,MBAC
2021Q3,2021,Q3,2021-11-15,2021-09-30,-4270495.0,0.0,-734511.0,-0.09,0.0,0.0,401879613.0,355579101.0,1853801.0,246340.0,46300512.0,0.0,-44421899.0,99100000.0,97975961.0,35.5579101,7.525375497280182,0.0,0.0,-0.002065675395247709,35.5579101,-0.012009971868397295,0.0,-5.801435196622405,0.27870029403106006,0.0,0.0,0.0,0.0,4.562957700738816,-0.01062630415143751,-216.67453779013834,0.0,-2.5,0.0,0.0,0.0,0.0,-2.3977915489564747,-3.0680283788498923,0.0,0.0,0.0,Shell Companies,Financial Services,MBAC
2021Q2,2021,Q2,2021-08-23,2021-06-30,3055173.0,0.0,-180557.0,0.06,0.0,0.0,402385645.0,359849596.0,2364980.0,23009.0,42536049.0,0.0,1887140.0,147584174.04000002,146072767.04000002,23.699953574778295,102.78499717501847,0.0,0.0,-0.0005017568506593516,23.699953574778295,0.008490138752302503,0.0,12.076580773003691,0.4101273856647598,0.0,0.0,0.0,0.0,65.68764396540485,0.007592649086674053,-308.3941391307619,0.0,3.0,0.0,0.0,0.0,0.0,3.615656406967954,-1.9231479083020335,0.0,0.0,0.0,Shell Companies,Financial Services,MBAC
2021Q1,2021,Q1,2021-05-27,2021-03-31,-1168033.0,0.0,-61768.0,-0.03,0.0,0.0,402948715.0,356794423.0,2942348.0,419820.0,46154292.0,0.0,-1168033.0,110202381.80000001,108237417.80000001,31.728763827861297,7.008594159401649,0.0,0.0,-0.00017311929788768027,31.728763827861297,-0.003273686259384161,0.0,-23.587172151814208,0.30886800548449156,0.0,0.0,0.0,0.0,4.680491639273974,-0.0028987137978588665,-185.42225860293576,0.0,0.0,0.0,0.0,0.0,0.0,0.0,0.0,0.0,0.0,0.0,Shell Companies,Financial Services,MBAC
