Quarters,Year,Quarter,FillingDate,Date,NetIncome,Revenue,OperatingIncome,EPSDiluted,GrossProfit,GrossProfitRatio,TotalAssets,CommonStockEquity,CurrentAssets,CurrentLiability,TotalLiability,Inventory,RetainedEarnings,MarketCap,EnterpriseValue,bookValuePerShare,currentRatio,debtToAssets,debtToEquity,roic,shareholdersEquityPerShare,roe,priceToSalesRatio,peRatio,pbRatio,payoutRatio,inventoryTurnover,dividendYield,assetTurnover,quickRatio,returnOnAssets,priceToFreeCashFlowsRatio,grossProfitMargin,epsdilutedGrowth,fiveYNetIncomeGrowthPerShare,fiveYRevenueGrowthPerShare,fiveYShareholdersEquityGrowthPerShare,grossProfitGrowth,netIncomeGrowth,operatingIncomeGrowth,threeYNetIncomeGrowthPerShare,threeYRevenueGrowthPerShare,threeYShareholdersEquityGrowthPerShare,Industry,Sector,Symbol
2023Q1,2023,Q1,2023-05-04,2023-03-31,3117000.0,33180000.0,4717000.0,0.15,26644000.0,0.8030138638,231750000.0,168349000.0,59972000.0,45138000.0,63401000.0,7150000.0,70645000.0,201561117.85000002,187039117.85000002,8.460835046911802,1.3286366254597013,0.06484573894282632,0.08926693951256022,0.014697627102521028,8.460835046911802,0.018515108494852953,6.074777512055456,16.166275092236127,1.1972813491615633,2.2242540904716073,0.9141258741258741,0.034396514932803046,0.14317152103559871,1.1563206167752227,0.013449838187702266,102.7324759683996,0.8030138637733575,-0.8760330578512397,5.139766219500143,-0.22537056217499923,-0.41819884996415435,0.009395362933777846,-0.8713365805333113,0.0,1.6543170355139525,-0.15167247912288528,-0.3392924920617533,Health Information Services,Healthcare,SPOK
2022Q4,2022,Q4,2023-02-23,2022-12-31,24226000.0,33255000.0,4717000.0,1.21,26396000.0,0.7937453015,244477000.0,172078000.0,70051000.0,53451000.0,72399000.0,6849000.0,74077000.0,161374138.38,141320138.38,8.733238387190452,1.3105648163738752,0.06421871996138696,0.09123769453387418,0.17344160527123867,8.733238387190452,0.1407849928520787,4.852627826792963,1.665299042144803,0.9377964549797184,0.25435482539420456,1.0014600671630896,0.03818455709111127,0.1360250657526066,1.1714467456174815,0.09909316622831596,35.073709710932405,0.7937453014584273,7.066666666666667,2.1492299185309074,-0.22928366793675106,-0.39917220275543924,-0.026696165191740413,7.296575342465753,-0.27929717341482047,3.438334649635737,-0.19513222257075577,-0.3414114267148366,Health Information Services,Healthcare,SPOK
2022Q3,2022,Q3,2022-10-27,2022-09-30,2920000.0,33744000.0,6545000.0,0.15,27120000.0,0.8036984353,226541000.0,153262000.0,72192000.0,52707000.0,73279000.0,7322000.0,56285000.0,150459554.76,131409554.75999999,7.782301907431219,1.369685241049576,0.07996345032466529,0.11819629131813496,0.026780661925522333,7.782301907431219,0.01905234174159283,4.458853566856329,12.88181119520548,0.9817146765669246,2.113013698630137,0.9046708549576619,0.04100769811423308,0.14895316962492441,1.2158726544861214,0.012889499031080467,29.124962206736352,0.8036984352773826,0.5447991761071059,-0.20524543330038272,-0.21555734179285152,-0.5038785203700585,0.014590347923681257,0.5176715176715176,0.976147342995169,3.13425489772938,-0.17105925084895746,-0.43044081928826183,Health Information Services,Healthcare,SPOK
2022Q2,2022,Q2,2022-07-28,2022-06-30,1924000.0,33710000.0,3312000.0,0.0971,26730000.0,0.7929397805,228876000.0,156194000.0,72990000.0,51851000.0,72682000.0,7187000.0,59826000.0,124070051.7,119358051.7,7.931182316094739,1.407687412007483,0.08181285936489628,0.11988296605503412,0.012622643585530198,7.931182316094739,0.012318014776495896,3.6805117680213586,16.121368464137216,0.7943330198343086,3.199064449064449,0.971197996382357,0.049609070969702844,0.14728499274716442,1.2538813137644405,0.008406298607106032,-81.14457272727273,0.7929397804805696,1.2624324324324325,0.32743225015253924,-0.17684637308499274,-0.48178322828637477,0.02724722339648745,1.266703631827003,10.26530612244898,3.80226377131332,-0.1677273540687656,-0.43232626081088144,Health Information Services,Healthcare,SPOK
2022Q1,2022,Q1,2022-04-28,2022-03-31,-7214000.0,33825000.0,294000.0,-0.37,26021000.0,0.7692830746,232875000.0,159895000.0,78674000.0,54114000.0,72980000.0,8095000.0,64259000.0,156404217.48000002,141422217.48000002,8.158105456223788,1.453856672949699,0.0702866344605475,0.10236717846086495,0.0012781811891171063,8.158105456223788,-0.04511710810219206,4.623923650554325,-5.420162790407541,0.978168282185184,-0.9043526476296091,0.9640518838789376,0.041712430170460384,0.14524959742351046,1.2880400635695015,-0.030977992485238862,-28.14037738035265,0.7692830746489283,0.5697674418604651,-9.848655370065192,-0.14506095083858683,-0.4788757677814392,0.09779352824536978,0.5672465506898621,1.014201526422568,-10.522683507341645,-0.20672670193925732,-0.4211045351047765,Health Information Services,Healthcare,SPOK
2021Q4,2021,Q4,2022-02-17,2021-12-31,-16670000.0,34543000.0,-20702000.0,-0.86,23703000.0,0.6861882292,248154000.0,173691000.0,94053000.0,54998000.0,74463000.0,0.0,77986000.0,181776427.32,154481427.32,8.915000992660064,1.7101167315175096,0.06966641682181227,0.0995330788584325,-0.08004148520889051,8.915000992660064,-0.09597503612737562,5.262323113800191,-2.7261011895620877,1.0465506406204121,-0.14607078584283142,0.0,0.013395576290612289,0.13919985170498964,1.5726026400960036,-0.06717602778919542,-33.33512329359985,0.6861882291636511,-5.615384615384615,-6.804954464120772,-0.17618980243090596,-0.4317541659574295,-0.16335462920475805,-5.684041700080193,-4.820073095305032,-30.215433796538758,-0.20296997901857242,-0.3685913546418082,Health Information Services,Healthcare,SPOK
2021Q3,2021,Q3,2021-11-04,2021-09-30,-2494000.0,35851000.0,-3557000.0,-0.13,28331000.0,0.790242949987448,269752000.0,191614000.0,104503000.0,57360000.0,78138000.0,0.0,97122000.0,198931206.46,179064206.46,9.844081855471797,1.8218793584379358,0.06522287137815475,0.09182001315143988,-0.011483883834761096,9.844081855471797,-0.013015750414896615,5.548832848735042,-19.940978995589415,1.0381872225411506,-0.9775461106655974,0.0,0.012255492958517895,0.13290355585871466,1.6464086471408648,-0.009245529226845399,93.1325872940075,0.790242949987448,-2.25,-1.6478211359614408,-0.16680470352486187,-0.3924718845343647,-0.01457391304347826,-2.4687065368567453,-1.2106898694841517,-4.182701970445628,-0.15634958448995337,-0.3137880779614568,Health Information Services,Healthcare,SPOK
2021Q2,2021,Q2,2021-07-29,2021-06-30,-719000.0,35723000.0,-1609000.0,-0.04,28750000.0,0.8048036279147888,269239000.0,195004000.0,105174000.0,52515000.0,74235000.0,0.0,102161000.0,186583401.67999998,166492401.67999998,10.054155209461396,2.0027420736932307,0.06698880919926162,0.09249041045311891,-0.0032958870458061774,10.054155209461396,-0.003687103854279912,5.223060820199871,-64.87600892906815,0.9568183302906605,-3.368567454798331,0.0,0.01298079024282049,0.13268137231233215,1.820584594877654,-0.0026704897878836275,-182.56692923679057,0.8048036279147888,0.6666666666666666,-1.2206875917870548,-0.15225279046089657,-0.37510708847806834,-0.0015627713144643167,0.6869830213321724,0.07528735632183908,0.2498140436241176,-0.10460979966593759,-0.29398140426886055,Health Information Services,Healthcare,SPOK
2021Q1,2021,Q1,2021-04-29,2021-03-31,-2297000.0,36036000.0,-1740000.0,-0.12,28795000.0,0.799062049062049,272676000.0,196572000.0,110282000.0,54238000.0,76104000.0,0.0,105433000.0,202171525.14000002,179202525.14000002,10.199459486552696,2.0332976879678455,0.06849521043289472,0.09501353193740716,-0.010015040778168552,10.199459486552696,-0.011685285798587795,5.610265432900433,-22.003866471484546,1.028485873573042,-1.1885067479320854,0.0,0.013503385296764843,0.13215684548695156,1.849570411888344,-0.008423917029734924,-69.04765202868853,0.799062049062049,0.9508196721311475,-1.7157839933266397,-0.1479213925271702,-0.3608951653582187,-0.028770912034538586,0.9507176725525113,0.9288314450488773,-5.671204081965673,-0.13142563489248835,-0.29864401963653686,Health Information Services,Healthcare,SPOK
2020Q4,2020,Q4,2021-02-18,2020-12-31,-46609000.0,37481000.0,-24449000.0,-2.44,29648000.0,0.7910141138176676,277291000.0,200613000.0,118885000.0,57440000.0,76678000.0,0.0,110283000.0,212453101.77,178444101.77,10.509720363684009,2.069724930362117,0.0,0.0,-0.2177511252102166,10.509720363684009,-0.23233289966253434,5.66828797977642,-1.1395497745607073,1.0590196137339056,-0.05112746465274947,0.0,0.011216593121713121,0.1351684692254707,1.8916782729805013,-0.16808695558096007,138.67695937989558,0.7910141138176676,-16.25,-1.689289303581408,-0.14851360342003214,-0.3531853534684326,-0.048187742784680083,-15.726382306477094,-9.949121522693996,-1.282323063664832,-0.10333358718596604,-0.2769541084518593,Health Information Services,Healthcare,SPOK
2020Q3,2020,Q3,2020-10-29,2020-09-30,3165000.0,37693000.0,2732000.0,0.16,31149000.0,0.8263868622821213,322273000.0,248022000.0,118601000.0,55916000.0,74251000.0,0.0,159379000.0,181179784.02,146930784.02,13.018501113455516,2.121056584877316,0.0,0.0,0.010922422076066356,13.018501113455516,0.01276096475312674,4.806722309712679,14.311199369668246,0.7304988429252244,0.7519747235387045,0.0,0.013136123397394478,0.11695984460379864,1.9475642034480292,0.009820866160056846,16.99622739399625,0.8263868622821213,-0.18637172641749294,-0.16143182569017397,-0.08741256666131743,0.0342143791105376,0.0439372612105369,-0.15802075019952114,-0.13516935739157962,-0.10952631870159547,-0.09422039459399137,-0.1700710006117591,Health Information Services,Healthcare,SPOK
2020Q2,2020,Q2,2020-07-30,2020-06-30,3759000.0,35739000.0,3159000.0,0.19665,29838000.0,0.8348862587089734,313695000.0,245681000.0,111373000.0,50900000.0,68014000.0,0.0,158716000.0,177807575.54999998,152350575.54999998,12.919119688204983,2.188074656188605,0.0,0.0,0.013352229954267469,12.919119688204983,0.015300328474729426,4.975169298245613,11.82545727254589,0.7237335225353202,0.6328810853950518,0.0,0.013379632406781332,0.11392913498780663,1.9735756385068761,0.011982977095586477,253.6484672610556,0.8348862587089734,1.819375,0.2692185368600999,-0.15072517570533736,0.020629759350730085,0.028790125159466263,1.8281559814937212,1.768987341772152,1.6857611477173604,-0.09624168841269105,-0.15587560197455536,Health Information Services,Healthcare,SPOK
2020Q1,2020,Q1,2020-04-30,2020-03-31,-4539000.0,37267000.0,-4108000.0,-0.24,29003000.0,0.7782488528725146,310802000.0,242780000.0,110250000.0,49955000.0,68022000.0,0.0,157446000.0,202668674.04,176592674.04,12.805719543454314,2.206986287658893,0.0,0.0,-0.018546221604104084,12.805719543454314,-0.01869593870994316,5.438287869697051,-11.162628003965631,0.8347832360161462,-0.5792024675038555,0.0,0.012971910989466106,0.11990592081132039,1.989910919827845,-0.014604153126427757,-141.03595966597078,0.7782488528725146,0.52,-2.3384983767771734,-0.10577330933366276,0.01512310749765063,-0.07918214433120614,0.5227129337539432,0.6643790849673202,-6.755697663186691,-0.026225428631717857,-0.18199503537947542,Health Information Services,Healthcare,SPOK
2019Q4,2019,Q4,2020-02-27,2019-12-31,-9510000.0,39548000.0,-12240000.0,-0.5,31497000.0,0.7964245979569131,319872000.0,250094000.0,117665000.0,51183000.0,69778000.0,1004000.0,164819000.0,230658044.6,200309044.6,13.26053736952559,2.298907840493914,0.0,0.0,-0.037304488466961,13.26053736952559,-0.038025702335921695,5.832356746232426,-6.063565841219768,0.9222853990899421,-0.2501577287066246,8.018924302788845,0.010313969339875344,0.12363695478191276,2.099017251821894,-0.02973064225690276,854.2890540740741,0.7964245979569131,-6.142857142857142,-2.5724525460213665,-0.11840231836936209,0.024254780614967605,-0.023742367417785078,-6.171945701357466,-3.5468053491827636,-4.42103490391453,-0.02567149782128048,-0.1547678880122736,Health Information Services,Healthcare,SPOK
2019Q3,2019,Q3,2019-10-24,2019-09-30,-1326000.0,39453000.0,-2692000.0,-0.07,32263000.0,0.8177578384406763,332031000.0,260797000.0,121230000.0,52177000.0,71234000.0,995000.0,176680000.0,227896523.34,195538523.34,13.663728320042567,2.323437529946145,0.0,0.0,-0.006033542827685952,13.663728320042567,-0.0050844143145818395,5.776405427724128,-42.966916165158366,0.8738464144142762,-1.8031674208144797,7.226130653266332,0.010491603667129467,0.1188232424080884,2.113191636161527,-0.003993603006948146,26.499595737209305,0.8177578384406763,-1.3333333333333337,-1.323336970818895,-0.10116343560112234,0.06308752693659199,-0.0007123830762559623,-0.9791044776119403,-0.3514056224899598,-1.351253641915024,-0.06492980191472193,-0.15674216870761234,Health Information Services,Healthcare,SPOK
2019Q2,2019,Q2,2019-08-01,2019-06-30,-670000.0,39525000.0,-1992000.0,-0.03,32286000.0,0.8168500948766604,338073000.0,268500000.0,126776000.0,50139000.0,69573000.0,1229000.0,180477000.0,292688099.18,262204099.18,13.971374345101584,2.5284907955882647,0.0,0.0,-0.004977722691868471,13.971374345101584,-0.0024953445065176907,7.405138499177736,-109.21197730597015,1.0900860304655493,-3.5850746268656715,5.890154597233523,0.00820668830310998,0.11691261946384361,2.318295139512156,-0.001981820494390265,-150.09646111794873,0.8168500948766604,-1.7500000000000002,-1.1758376176113041,-0.09335146713224371,0.09810450037844219,-0.055191384759452185,-1.9029649595687332,-2.7865470852017937,-1.2075470675480338,-0.05336382289752634,-0.13164133529016292,Health Information Services,Healthcare,SPOK
2019Q1,2019,Q1,2019-04-25,2019-03-31,742000.0,41764000.0,1115000.0,0.04,34172000.0,0.8182166459151422,340602000.0,270534000.0,128618000.0,50550000.0,70068000.0,1436000.0,183627000.0,267605761.79999998,222168761.79999998,14.092536478412999,2.544371909000989,0.0,0.0,0.002162977591559472,14.092536478412999,0.002742723650262074,6.407570199214634,90.16366637466308,0.989176080640511,3.5673854447439353,5.286908077994429,0.009891416321515092,0.12261818779690078,2.3445301681503463,0.002178495722279963,-4181.340028125,0.8182166459151422,2.459317148217636,-0.8289656070926061,-0.060735097784531726,0.11635186850734273,0.012143830341804395,2.3921200750469045,2.945898778359511,-0.7678670955656531,-0.008581579739374406,-0.11695240246857981,Health Information Services,Healthcare,SPOK
2018Q4,2018,Q4,2019-02-28,2018-12-31,-533000.0,43256000.0,-573000.0,-0.027410080152114116,33762000.0,0.7805159977806547,327712000.0,274554000.0,130978000.0,44948000.0,53158000.0,1708000.0,185294000.0,257846017.26,174503017.26,14.119225414790881,2.913989498976595,0.0,0.0,-0.0020676250252758695,14.119225414790881,-0.0019413303029640798,5.9609306745884965,-120.94090865853659,0.9391450033873118,-4.564727954971858,5.558548009367682,0.009435864186906078,0.13199394590372035,2.6628993503604166,-0.0016264280831950004,-82.30003742738589,0.7805159977806547,-0.3705040076057058,-1.0739839819647252,-0.11998077483896927,0.1315101743704907,-0.02686343459964259,-0.10810810810810811,0.5228975853455454,-1.0077376658560055,-0.035363014422151506,-0.1310404577913782,Health Information Services,Healthcare,SPOK
2018Q3,2018,Q3,2018-10-25,2018-09-30,-481000.0,42476000.0,-1201000.0,-0.02,34694000.0,0.8167906582540729,339363000.0,279109000.0,139264000.0,51004000.0,60254000.0,1663000.0,188444000.0,290674866.06,195441866.06,14.345541864425483,2.7304525135283506,0.0,0.0,-0.002232721265828942,14.345541864425483,-0.0017233410603026058,6.843273049722196,-151.0784127130977,1.041438527815298,-5.051975051975052,4.679494888755261,0.008359855920595518,0.12516391003144126,2.542408438553839,-0.0014173613505302583,63.121577863192186,0.8167906582540729,0.6,-1.0928019671955413,-0.04929986455279388,0.17603489570252162,0.044119417358853975,0.507172131147541,0.4413953488372093,-1.1247906580936302,0.007000598937753499,0.13963700913207444,Health Information Services,Healthcare,SPOK
2018Q2,2018,Q2,2018-07-26,2018-06-30,-976000.0,40628000.0,-2150000.0,-0.05,33228000.0,0.8178596042138426,338705000.0,281266000.0,138197000.0,48085000.0,57439000.0,1505000.0,191012000.0,297251662.05,203183662.05,14.240637952389205,2.8740147655193926,0.0,0.0,-0.004373126233989979,14.240637952389205,-0.003470024816366002,7.316423699172985,-76.14028228739754,1.0568346762495289,-2.521516393442623,4.916943521594685,0.008279179948154641,0.11995098979938294,2.696100655089945,-0.0028815636025449876,100.15217724056605,0.8178596042138426,-2.666666666666667,-1.1566432470909378,-0.14818568693899378,0.18585860826706904,-0.06140895994576578,-2.9099804305283756,-3.8666666666666667,-1.317296116033083,-0.07042988041028796,0.12503167685779984,Health Information Services,Healthcare,SPOK
2018Q1,2018,Q1,2018-04-26,2018-03-31,511000.0,43114000.0,750000.0,0.03,35402000.0,0.821125388504894,347868000.0,291254000.0,147808000.0,47368000.0,56614000.0,1649000.0,194527000.0,299415610.0,198113610.0,14.542485944537093,3.1204188481675392,0.0,0.0,0.0013345453918915437,14.542485944537093,0.0017544823418734164,6.944742079139027,146.48513209393346,1.0280223104232045,5.362035225048924,4.676773802304427,0.009151159486975311,0.12393781549323307,2.921170410403648,0.001468947991766992,-7485.39025,0.821125388504894,1.0280373831775702,-0.9200919661526075,-0.1212449699228254,0.23116906602598172,-0.03397276721150435,1.0238963711185933,-0.7909698996655519,-0.8573557593851873,-0.020696768605768193,0.15279844077994487,Health Information Services,Healthcare,SPOK
2017Q4,2017,Q4,2018-03-01,2017-12-31,-21384000.0,43770000.0,3588000.0,-1.07,36647000.0,0.837262965501485,350561000.0,290529000.0,146860000.0,50894000.0,60032000.0,1672000.0,191796000.0,312808490.95,205651490.95,14.535343449889815,2.8856053758792783,0.0,0.0,-0.0746860746714968,14.535343449889815,-0.07360366779219975,7.146641328535527,-3.657039035610737,1.0766859451207969,-0.11695660306771417,4.260167464114833,0.007995307264212869,0.12485701489897622,2.7397335638778637,-0.06099936958189873,-513.6428422824301,0.837262965501485,-6.631578947368421,-12.447049850613407,-0.08461988689157922,0.25386208937573596,0.0021877649246588456,-6.737590555406493,0.07909774436090225,-4.33629108157326,-0.07933757586105615,0.12272184765636912,Health Information Services,Healthcare,SPOK
2017Q3,2017,Q3,2017-10-26,2017-09-30,3727000.0,43636000.0,3325000.0,0.19,36567000.0,0.8380007333394445,375017000.0,313369000.0,145740000.0,51977000.0,61648000.0,1906000.0,215737000.0,306650987.05,196510987.05,15.686282950772586,2.803932508609577,0.0,0.0,0.01014502626867398,15.686282950772586,0.011893327036177797,7.02747701553763,20.569559099141397,0.9785619734243016,0.6691709149449959,3.7088142707240292,0.00813302453056624,0.11635739179823848,2.6395713488658443,0.009938216134201917,55.927592020791536,0.8380007333394445,1.714285714285714,-0.4906290859967434,-0.1291768638620317,0.3265882355467188,0.040757079834922445,1.4879839786381843,0.3796680497925311,-0.13170236133033814,-0.050176265579375975,0.22044959899440567,Health Information Services,Healthcare,SPOK
2017Q2,2017,Q2,2017-07-27,2017-06-30,1498000.0,42325000.0,2410000.0,0.07,35135000.0,0.8301240401653869,371222000.0,311510000.0,140914000.0,50491000.0,59712000.0,1642000.0,214565000.0,360262277.7,253111277.7,15.304758064599335,2.790873621041374,0.0,0.0,0.0043683719839755775,15.304758064599335,0.00480883438733909,8.511808096869462,60.12387812082776,1.1565030904304836,1.698931909212283,4.378806333739342,0.00706429775620108,0.11401533314297105,2.606464518429027,0.004035321182473022,556.8195945904173,0.8301240401653869,0.7500000000000001,-0.8071795908986926,-0.1776528701229677,0.30759217977552433,0.021128807254126948,0.7540983606557377,0.743849493487699,-0.6287995975616986,-0.08330747905769542,0.20290411614603343,Health Information Services,Healthcare,SPOK
2017Q1,2017,Q1,2017-04-27,2017-03-31,854000.0,41444000.0,1382000.0,0.04,34408000.0,0.8302287423993823,381265000.0,321405000.0,149517000.0,50337000.0,59860000.0,1841000.0,215637000.0,390084041.0,271137041.0,15.654818854791344,2.970320042910781,0.0,0.0,0.002491241337194518,15.654818854791344,0.002657083741696613,9.412316402856867,114.19322043325526,1.2136837977007204,9.009367681498828,3.821835958718088,0.01972395481823877,0.1087012969981509,2.841369171782188,0.0022399118723197774,475.1328148599269,0.8302287423993823,-0.7333333333333333,-0.891332143387714,-0.21344905501629158,0.35128120234688326,-0.06250340580894774,-0.7177792465300727,-0.7061450138209654,-0.8159374137185511,-0.1284831737841335,0.2401093519580764,Health Information Services,Healthcare,SPOK
2016Q4,2016,Q4,2017-03-02,2016-12-31,3026000.0,44184000.0,4703000.0,0.15,36702000.0,0.8306626833242803,388087000.0,322087000.0,155862000.0,56327000.0,66000000.0,1996000.0,217275000.0,425996628.5,300180628.5,15.688634141384995,2.7670921582899854,0.0,0.0,0.009013581692959065,15.688634141384995,0.009394977133507407,9.641422879322832,35.19469832286847,1.322613543856163,0.8489755452742895,3.7484969939879758,0.006030564159734893,0.11385076026767194,2.6538249862410566,0.007797220726280448,69.30155010574263,0.8306626833242803,-0.25000000000000006,-0.8280175374481937,-0.19266460719176084,0.3738768232363947,-0.026885141584473433,-0.25431246919664857,-0.21993697130535744,-0.6021601710576059,-0.1485881777576218,0.25728208392771035,Health Information Services,Healthcare,SPOK
2016Q3,2016,Q3,2016-10-27,2016-09-30,4058000.0,45355000.0,6029000.0,0.2,37716000.0,0.8315731451879617,391132000.0,332454000.0,152236000.0,48892000.0,58678000.0,2100000.0,226110000.0,365620406.58,243159406.57999998,16.203500060119648,3.113720035997709,0.0,0.0,0.011906031310727126,16.203500060119648,0.012206199955482564,8.061303198765296,22.524667729176933,1.0997623929325562,0.6328240512567768,3.6376190476190478,0.007023677983460984,0.11595829540922246,2.982962447844228,0.010375014061748974,44.78995547960309,0.8315731451879617,0.1764705882352941,-0.58177365576188,-0.2055750123655004,0.4999459865555851,0.016001293033780506,0.17589104607360184,0.07277580071174378,-0.2575652266551075,-0.03737026878496565,0.32834867328880585,Health Information Services,Healthcare,SPOK
2016Q2,2016,Q2,2016-07-28,2016-06-30,3451000.0,44635000.0,5620000.0,0.17,37122000.0,0.8316791755348941,388407000.0,330546000.0,147077000.0,48227000.0,57861000.0,2129000.0,224677000.0,393732026.955,276637026.955,16.08940511898978,3.0496817135629417,0.0,0.0,0.0101425231005523,16.08940511898978,0.010440301803682392,8.821149926179007,28.52303875362214,1.191156531783776,0.744711677774558,3.5288868013151715,0.006527282070182541,0.11491811424613871,2.920189935098596,0.008885009796424884,44.625640593335596,0.8316791755348941,0.0,-0.800478087072134,-0.2636861365604971,0.5214529551162577,-0.006662920446335394,0.0020325203252032522,-0.03103448275862069,-0.46752074651243714,-0.10031412685654459,0.33981073221857977,Health Information Services,Healthcare,SPOK
2016Q1,2016,Q1,2016-04-28,2016-03-31,3444000.0,45388000.0,5800000.0,0.17,37371000.0,0.8233674098880761,384739000.0,330091000.0,139843000.0,45056000.0,54648000.0,1986000.0,223855000.0,362171919.69000006,250250919.69000006,15.958977203277612,3.103759765625,0.0,0.0,0.009915487765983418,15.958977203277612,0.01043348652341324,7.979464168723012,26.29006385670732,1.0971881077945174,0.7491289198606271,4.036757301107754,0.007123688667548669,0.11797088415783168,2.9518599076704546,0.008951522980514062,44.856566719098346,0.8233674098880761,-0.9518413597733711,-0.9096276488646464,-0.15556757511001498,0.5995874431071203,-0.0491807449623448,-0.9526402640264027,-0.11423335369578497,-0.47852042324246924,-0.1042327719057864,0.3510894308596604,Health Information Services,Healthcare,SPOK
2015Q4,2015,Q4,2016-02-25,2015-12-31,72720000.0,47339000.0,6548000.0,3.53,39304000.0,0.8302667990451847,390422000.0,333553000.0,141613000.0,47156000.0,56869000.0,2291000.0,223116000.0,376078932.32,265292932.32,16.248426686131154,3.003074900330817,0.0,0.0,0.21487078373648724,16.248426686131154,0.2180163272403486,7.944378468493208,1.2929006199119912,1.127493778559929,0.07201595159515951,3.507202095154954,0.01392526820817475,0.12125085164258162,2.847124438035457,0.18625999559451056,58.8727195241077,0.8302667990451847,16.65,0.927919476750009,-0.0689702208812678,0.9442237844123831,0.025946228138867135,16.232227488151658,-0.0163737419257924,36.90261324124911,-0.036049658950544045,0.4016377599866973,Health Information Services,Healthcare,SPOK
2015Q3,2015,Q3,2015-10-29,2015-09-30,4220000.0,46181000.0,6657000.0,0.2,38310000.0,0.8295619410580108,325927000.0,268137000.0,144319000.0,48302000.0,57790000.0,1896000.0,154822000.0,350619579.06,237825579.06,12.587816778037746,2.9878472941079046,-2.7613545364452777e-05,-3.356493135971537e-05,0.014047731568135543,12.587816778037746,0.015738223370888763,7.5922907485762545,20.77130207701422,1.3076135671690219,0.6327014218009479,4.151371308016878,0.007615090997365821,0.1416912376084215,2.805308268808745,0.012947684604221191,53.027764528130675,0.8295619410580108,0.25000000000000006,-0.7159107008117692,-0.15663537357401233,0.6190820806172296,-0.013594932797775374,0.25,0.1843088418430884,-0.459100158061534,-0.13567313353882288,0.06455109227390411,Health Information Services,Healthcare,SPOK
2015Q2,2015,Q2,2015-07-30,2015-06-30,3376000.0,47969000.0,5621000.0,0.16,38838000.0,0.8096478976005337,335556000.0,274391000.0,149467000.0,51891000.0,61165000.0,1914000.0,154175000.0,365045715.16,248516715.16000003,12.657988432968518,2.8804031527625216,0.0,0.0,0.011719418216646026,12.657988432968518,0.012303610541162064,7.610033879380434,27.032413741113743,1.330385162632885,0.8036137440758294,4.770637408568443,0.007431945883300915,0.14295378416717328,2.6883467267927,0.010060913826604203,21.375202901979154,0.8096478976005337,-0.11111111111111106,-0.7345752174032313,-0.1649153296329348,0.7263240836884438,-0.01238397965670693,-0.1381159050293592,-0.10393750996333492,-0.5919776238594752,-0.12489687392584715,0.0814601979839908,Health Information Services,Healthcare,SPOK
2015Q1,2015,Q1,2015-04-30,2015-03-31,3917000.0,48138000.0,6273000.0,0.18,39325000.0,0.8169221820599111,329471000.0,276252000.0,140067000.0,43997000.0,53219000.0,3222000.0,153546000.0,419799842.64000005,314808842.64000005,12.614942413261883,3.1835579698615817,4.8562695958066113e-05,5.7918132719401126e-05,0.014013384548703831,12.614942413261883,0.014179082866368388,8.720757876106196,26.79345434260914,1.5196264376004518,0.8567781465407199,2.7352576039726877,0.00799428598852035,0.14610694112683664,2.934677364365752,0.01188875500423406,269.1024632307693,0.8169221820599111,-0.41935483870967744,-0.543936329775145,-0.20682612774631381,0.807888236699123,-0.033736301538159125,-0.43330439814814814,0.35838025119099176,-0.5327156616559994,-0.14347970452537423,0.08888737134840599,Health Information Services,Healthcare,SPOK
2014Q4,2014,Q4,2015-03-05,2014-12-31,6912000.0,51269000.0,4618000.0,0.31,40698000.0,0.7938130254149681,337890000.0,279059000.0,144955000.0,49763000.0,58831000.0,2673000.0,152379000.0,374190390.56,266917390.56,12.946522311142056,2.912907180033358,0.0,0.0,0.027384660376881285,12.946522311142056,0.02476895566887289,7.298570102010962,13.534085306712964,1.3409006359228695,0.3910590277777778,3.954732510288066,0.007223595442830016,0.15173281245375714,2.687619315555734,0.020456361537778567,47.03838976241358,0.7938130254149681,0.4761904761904762,1.0012608156915173,-0.1757296800265919,0.8469836998536916,-0.026153956593524923,0.4858125537403267,-0.42796977579586276,-0.6258341730314397,-0.10774506283209015,0.133746047265573,Health Information Services,Healthcare,SPOK
2014Q3,2014,Q3,2014-10-30,2014-09-30,4652000.0,49791000.0,8073000.0,0.21,41791000.0,0.8393283926814082,335173000.0,278282000.0,142502000.0,46928000.0,56891000.0,2676000.0,148240000.0,281684024.46999997,175384024.46999997,12.852872387108293,3.0366092737811115,0.0,0.0,0.016813875349595015,12.852872387108293,0.016716855563780626,5.657328120945552,15.137791512790198,1.0122250970957518,0.5823301805674979,2.9895366218236172,0.009617158818634085,0.14855313524657415,2.7634461302420728,0.013879399593642686,22.3381462704203,0.8393283926814082,0.1052631578947368,-0.46624979819676365,-0.24366896947961605,0.8154471568052806,-0.002934580331154268,0.08412957352598462,0.09568403908794788,-0.5456643074672438,-0.17355038727414984,0.18978086717221465,Health Information Services,Healthcare,SPOK
2014Q2,2014,Q2,2014-07-31,2014-06-30,4291000.0,49094000.0,7368000.0,0.19,41914000.0,0.8537499490772803,330887000.0,275357000.0,132139000.0,45654000.0,55530000.0,2070000.0,146367000.0,333289310.2,236947310.2,12.723173741922192,2.894357559030972,0.0,0.0,0.016108339695692014,12.723173741922192,0.015583406268952668,6.788799246343748,19.417927650897226,1.2103898219402447,0.6308552784898624,3.468599033816425,0.008122072677265241,0.14837089399099995,2.6489245192097077,0.012968173424764345,40.90945258377317,0.8537499490772803,-0.13636363636363635,-0.8987132239850207,-0.3099560049259351,0.8398572552817769,-0.03232211294269751,-0.12249488752556237,-0.08947108255066732,-0.7644975602928632,-0.23121108614247177,0.20313399687213066,Health Information Services,Healthcare,SPOK
2014Q1,2014,Q1,2014-05-01,2014-03-31,4890000.0,50119000.0,8092000.0,0.22,43314000.0,0.8642231489056047,327012000.0,273155000.0,123764000.0,43951000.0,53857000.0,1989000.0,144789000.0,393166057.66,302309057.66,12.623740664541474,2.815954130736502,0.0,0.0,0.017966989905343473,12.623740664541474,0.01790192381614834,7.844650884095852,20.100514195296526,1.4393514951584268,0.5535787321063395,3.4213172448466564,0.006885131478824004,0.15326348880163418,2.567268094013788,0.014953579685149168,76.07702354102167,0.8642231489056047,-0.38888888888888884,-0.47619963592246795,-0.32760556100514554,1.4413242055694164,-0.10850862388342321,-0.3898939488459139,-0.3429151441331709,-0.8773439891649807,-0.10867971460810842,0.2652926810305949,Health Information Services,Healthcare,SPOK
2013Q4,2013,Q4,2014-03-11,2013-12-31,8015000.0,54685000.0,12315000.0,0.36,48586000.0,0.8884703300722319,326898000.0,269950000.0,120168000.0,46827000.0,56948000.0,2221000.0,142684000.0,308929321.68,220209321.68,12.478213395337812,2.5662118008841053,0.0,0.0,0.029770141804020968,12.478213395337812,0.02969068345989998,5.6492515622199875,9.635973851528384,1.14439459781441,0.33761696818465375,2.7460603331832507,0.008759285085936165,0.1672845964184547,2.3077498024643903,0.024518351290004833,36.27634120244246,0.8884703300722319,0.3846153846153845,0.06695700538098548,-0.3059700221452892,1.0511296673187727,0.09650191830286617,0.39101006594932314,0.2916928886091882,-0.7983672098713297,0.020552431053950708,0.4930946693378303,Health Information Services,Healthcare,SPOK
2013Q3,2013,Q3,2013-11-06,2013-09-30,5762000.0,49669000.0,9534000.0,0.26,44310000.0,0.8921057399987921,324363000.0,263839000.0,112613000.0,50634000.0,60524000.0,2544000.0,137405000.0,306270732.24,223682732.24,12.19822806010868,2.2240589327329463,0.0,0.0,0.021769977207368327,12.19822806010868,0.02183907610322962,6.166235121303027,13.288386508156888,1.1608243369630722,0.46962860118014577,2.1065251572327046,0.008835320241698847,0.15312782284045962,1.9963660781293202,0.017764048303906425,22.424273849758386,0.8921057399987921,-0.16129032258064513,2.026906972639966,-0.2859533747836365,0.8828500997056261,-0.052861082016971976,-0.15612185120093733,-0.199160016799664,-0.6179855699787281,-0.10669131909359496,0.5689720318985254,Health Information Services,Healthcare,SPOK
2013Q2,2013,Q2,2013-08-02,2013-06-30,6828000.0,52268000.0,11905000.0,0.31,46783000.0,0.8950600749980868,318924000.0,259920000.0,103900000.0,48945000.0,59004000.0,2641000.0,134418000.0,299773291.84999996,228168291.84999996,12.008714911805109,2.1227908877311266,0.0,0.0,0.026536674349959415,12.008714911805109,0.026269621421975992,5.735312081005586,10.975882097612772,1.153329069906125,0.6177504393673111,2.0768648239303293,0.014070633090657706,0.16388857533456247,1.8580243130043927,0.021409489408134853,65.9567198789879,0.8950600749980868,-0.03125000000000003,-0.15623851373915004,-0.2794313699626301,0.8132566849118998,-0.024276805639560348,-0.014007220216606497,0.014054514480408859,-0.4623563148688561,-0.08868664801943485,0.6377747440819823,Health Information Services,Healthcare,SPOK
2013Q1,2013,Q1,2013-04-15,2013-03-31,6925000.0,53130000.0,11740000.0,0.32,47947000.0,0.9024468285337851,325815000.0,256179000.0,106028000.0,59437000.0,69636000.0,3032000.0,130354000.0,286500501.13,215235501.13,11.8119325329363,1.7838719989232297,-0.00019029203689210135,-0.00024201827628337998,0.02695417904143787,11.8119325329363,0.02703188005261946,5.392443085450781,10.342978380144405,1.1183606038355993,0.38729241877256315,1.7094327176781003,0.009361240170337569,0.16306799871092492,1.5672729108131298,0.021254392830287128,21.494523304824067,0.9024468285337851,2.4238820720276273,1.049311844251313,-0.29011638145851415,0.8198299853744088,-0.4557723521866948,2.4163788850518007,1.5444299956653662,-0.18587840572488853,-0.11607022484150836,0.6928062910956625,Health Information Services,Healthcare,SPOK
2012Q4,2012,Q4,2013-04-15,2012-12-31,2027000.0,51884000.0,4614000.0,0.09346116287541867,88101000.0,1.6980379307686377,322627000.0,251419000.0,95909000.0,60726000.0,71208000.0,3257000.0,126205000.0,253317627.04,192743627.04,11.592457873199253,1.579372920989362,0.0,0.0,0.007669792342241567,11.592457873199253,0.008062238732951766,4.882384300362347,31.242923907252095,1.0075516450228503,1.3236309817464234,-11.119742093951489,0.010591446127735684,0.1608172905553472,1.3864572011988274,0.006282797162047814,14.62741812218501,1.6980379307686377,-0.7403856586793925,1.049836034386267,-0.34433656021318987,-0.1478978685880117,1.4283627342888643,-0.7481361829025845,-0.6463554840193148,-0.41672407315183896,-0.17097312901463801,0.653809433797737,Health Information Services,Healthcare,SPOK
2012Q3,2012,Q3,2012-11-02,2012-09-30,8048000.0,55116000.0,13047000.0,0.36,36280000.0,0.6582480586399594,314336000.0,259826000.0,83704000.0,44230000.0,54510000.0,3222000.0,131796000.0,263901410.73,214640410.73,11.824530423570275,1.8924711734117114,0.0,0.0,0.030969239844044028,11.824530423570275,0.030974575292695882,4.7881089108425865,8.197732689177435,1.015685153641283,0.3421968190854871,5.846058348851645,0.010435715339231905,0.175341036343276,1.6092245082523173,0.025603176219077674,16.240086814153845,0.6582480586399594,-0.027027027027027053,-0.5049733732273612,-0.34701504508559305,-0.2587073736203451,-0.015548259300464006,-0.047235704984017995,-0.055249818971759596,-0.09014427969037402,-0.17505503235360323,0.6701955400693052,Health Information Services,Healthcare,SPOK
2012Q2,2012,Q2,2012-07-31,2012-06-30,8447000.0,55961000.0,13810000.0,0.37,36853000.0,0.6585479172995479,318395000.0,259026000.0,79817000.0,50217000.0,59369000.0,2799000.0,126551000.0,284596905.42,243628905.42000002,11.704534717565165,1.5894418224903917,0.0,0.0,0.031759713999445265,11.704534717565165,0.03261062596032831,5.085629374385733,8.423017207884456,1.0987194544949157,0.6558541494021546,6.826723829939264,0.019466128740311586,0.1757596695928014,1.3798116175797042,0.026529939226432576,19.062083417280643,0.6585479172995479,0.0,-0.192220426578386,-0.35435378766998993,-0.2615512085249314,-0.020283921735431733,-0.001772630583786339,-0.03135301956933436,-0.805011864700045,-0.2307893510856762,0.6925551404563541,Health Information Services,Healthcare,SPOK
2012Q1,2012,Q1,2012-05-04,2012-03-31,8462000.0,56735000.0,14257000.0,0.37,37616000.0,0.6630122499339033,317302000.0,256108000.0,75633000.0,48396000.0,61194000.0,2575000.0,123635000.0,307944143.99,273915143.99,11.585167341632747,1.5627944458219687,0.010242607988603917,0.012689958923579115,0.03317847134999103,11.585167341632747,0.0330407484342543,5.4277631795188155,9.097853462242968,1.2023995501507176,0.654100685417159,7.4248543689320385,0.01797403882497516,0.17880441976413639,1.3366600545499627,0.026668599630635798,21.39987102084781,0.6630122499339033,-0.5682771608782857,-0.1938110054202397,-0.3687701179315357,-0.31890641069259273,-0.036055659482869075,-0.5533621872690806,0.023401048022396096,-0.11278226411272738,-0.2549712498913452,1.2404729476219505,Health Information Services,Healthcare,SPOK
2011Q4,2011,Q4,2012-02-23,2011-12-31,18946000.0,58931000.0,13931000.0,0.8570313323073626,39023000.0,0.6621811949568139,350060000.0,252440000.0,104220000.0,56566000.0,97620000.0,2268000.0,120826000.0,306617751.40999997,281212751.40999997,11.419243614888135,1.8424495279850086,0.08070045135119694,0.11190778006655047,0.06885216094472868,11.419243614888135,0.07505149738551735,5.202995900459859,4.045943093660931,1.2146163500633813,0.2918821914916077,8.777777777777779,0.018035485468698292,0.16834542649831458,1.5733302690662234,0.05412215048848769,16.31726631951466,0.6621811949568139,0.8631115919725273,1.831084384059854,-0.36977440291581837,-0.34180938673982486,-0.03173539774701008,0.8135349861204173,-0.13953057442865965,1.468146962262474,-0.26807949533748426,0.8770595288576105,Health Information Services,Healthcare,SPOK
2011Q3,2011,Q3,2011-10-27,2011-09-30,10447000.0,61470000.0,16190000.0,0.46,40302000.0,0.6556368960468522,334846000.0,238642000.0,83762000.0,58970000.0,96204000.0,2424000.0,107523000.0,291600051.59999996,279261051.59999996,10.802722368242543,1.4204171612684415,0.08436714191001236,0.11837815640163928,0.04099941692118061,10.802722368242543,0.043776870793908865,4.743778291849682,6.978081066334833,1.221914212921447,0.5294342873552216,8.732673267326733,0.018967760703921633,0.18357692790118443,1.1907749703238935,0.031199417045447757,11.124677689607811,0.6556368960468522,-0.4390243902439024,0.4964915625749754,-0.3622460574261234,-0.38941093845501124,-0.03829909084401174,-0.4381823070717935,0.003284377517506352,4.373360676888693,-0.13476725731684405,0.6674476643582652,Health Information Services,Healthcare,SPOK
2011Q2,2011,Q2,2011-07-28,2011-06-30,18595000.0,65171000.0,16137000.0,0.82,41907000.0,0.643031409676083,338673000.0,233569000.0,81791000.0,59563000.0,105104000.0,2845000.0,102721000.0,337045300.48,345397300.48,10.575026368633496,1.3731846951966824,0.11167704540958387,0.16193073567125774,0.04814146143048376,10.575026368633496,0.07961244856980164,5.171706748093477,4.531396887335306,1.4430224065693649,0.2973379940844313,8.177152899824254,0.016404323075046363,0.19243045651705332,1.109799707872337,0.0549054692874838,18.431876871923876,0.643031409676083,-0.5494505494505494,1.106260900870475,-0.364435515114145,-0.3905744171020579,0.08996566791510612,-0.5425696784826941,0.21085015382306596,1.2518102384481749,-0.11955288462632738,0.5967767905951515,Health Information Services,Healthcare,SPOK
2011Q1,2011,Q1,2011-05-05,2011-03-31,40651000.0,57335000.0,13327000.0,1.82,38448000.0,0.6705851574082149,340896000.0,220125000.0,74818000.0,60680000.0,120771000.0,2432000.0,89768000.0,319477930.64,355541930.64,9.976933284921317,1.2329927488464074,0.17438456303388716,0.2700601930721181,0.1459849698987027,9.976933284921317,0.18467234525837592,5.5721275074561785,1.9647605879314163,1.4513477825780807,0.13606061351504267,7.7660361842105265,0.017312619963826367,0.1681891251290716,0.9898978246539222,0.11924751243781094,28.5375552157213,0.6705851574082149,-0.009487536753823385,3.1156577867404374,-0.47220022788673693,-0.49929823612880403,0.02868150684931507,0.0027380365071534287,0.052020839911588256,1.2845463169459166,-0.24696108000205885,0.5371170046351743,Health Information Services,Healthcare,SPOK
2010Q4,2010,Q4,2011-02-24,2010-12-31,40540000.0,54648000.0,12668000.0,1.837432710372335,37376000.0,0.6839408578539014,230658000.0,184390000.0,154356000.0,34481000.0,46268000.0,0.0,54692000.0,392066493.61,262846493.61,8.357282127912057,4.476552304167512,0.0,0.0,0.21593948542814592,8.357282127912057,0.21986007917999892,7.174397848228664,2.417775614269857,2.1262893519713653,0.679995066600888,0.0,0.07031205280046629,0.23692219649871238,4.281865375134132,0.17575804871281292,26.188397141807496,0.6839408578539014,1.6629459570613552,2.6195504787110258,-0.5267958090263283,-0.570412699333725,-0.04335807524955208,1.6352054082163288,-0.21404640774289613,1.9797691032223521,-0.32115275948058153,-0.38569904744110345,Health Information Services,Healthcare,SPOK
2010Q3,2010,Q3,2010-10-28,2010-09-30,15384000.0,56710000.0,16118000.0,0.69,39070000.0,0.6889437488979016,215124000.0,171514000.0,159816000.0,30979000.0,43610000.0,0.0,42061000.0,353632017.14063597,212572017.14063597,7.774662525595364,5.1588495432389685,0.0035003067997991856,0.004390312161106382,0.07804107058258834,7.774662525595364,0.08969530184124912,6.2357964581314755,5.746750148541277,2.0618259567186117,0.3585543421736869,0.0,0.015598135159256071,0.2636154032093118,5.038735917879854,0.0715122441010766,17.508268993991283,0.6889437488979016,0.1896551724137931,52.75631211725386,-0.5370478992632569,-0.6371082299972922,-0.04247236722789991,0.17533807013522806,0.17255928997526554,-0.05748007777216201,-0.3307847848453808,-0.5125979809459605,Health Information Services,Healthcare,SPOK
2010Q2,2010,Q2,2010-07-29,2010-06-30,13089000.0,59112000.0,13746000.0,0.58,40803000.0,0.6902659358505887,211094000.0,163566000.0,148416000.0,35424000.0,47528000.0,0.0,32144000.0,288212744.96,159886744.95999998,7.33233611960253,4.1897018970189706,0.0037755691777122988,0.004872650795397577,0.07858282390981294,7.33233611960253,0.08002274311287187,4.875706201109757,5.504865630682253,1.7620577929398529,0.4226449690579876,0.0,0.01919415465394414,0.28002690744407704,4.0587737127371275,0.06200555202895393,13.503220809595202,0.6902659358505887,0.487179487179487,7.030577372763393,-0.5420400839068844,-0.659013751022983,-0.042946943753811515,0.47315700619020823,-0.06151430327029426,0.24175345542612892,-0.3234134947063791,-0.5373968400398026,Health Information Services,Healthcare,SPOK
2010Q1,2010,Q1,2010-05-06,2010-03-31,8885000.0,62784000.0,14647000.0,0.39,42634000.0,0.6790583588175332,206777000.0,158075000.0,142774000.0,36801000.0,48702000.0,0.0,24660000.0,287029220.8,172311220.8,6.977722492566513,3.8796228363359693,0.004047838976288466,0.005294954926458959,0.055603950067274414,6.977722492566513,0.056207496441562546,4.57169375637105,8.076230185706246,1.8157787176972955,0.6324141812042768,0.0,0.019576404048127494,0.3036314483719176,3.751120893453982,0.04296899558461531,17.752920633349827,0.6790583588175332,1.433926611570248,7.228931421939602,-0.5465438629933478,-0.6772364709387452,-0.025374908558888076,1.4476584022038568,0.19674810033499468,-0.17397610134856198,-0.31835726816683285,-0.5897787302066395,Health Information Services,Healthcare,SPOK
2009Q4,2009,Q4,2010-02-25,2009-12-31,3630000.0,65372000.0,12239000.0,0.1602349052539392,43744000.0,0.6691549899039344,213548000.0,158796000.0,137843000.0,43524000.0,54752000.0,0.0,21416000.0,249423182.4,139832182.4,7.009548764381414,3.167057255766933,0.0,0.0,0.02235895782268402,7.009548764381414,0.0228595178719867,3.8154436517163313,17.17790512396694,1.5707145167384569,1.5589531680440771,0.0,0.022688348154120897,0.30612321351639915,3.0732239683852587,0.016998520239009496,12.095591018864265,0.6691549899039344,-0.599412736865152,3.7110737183369293,-0.5932751262298892,-0.7607063360643691,-0.06838462357576403,-0.6054776654711445,-0.18422982070252616,-0.47068616870235225,-0.31779431225171845,-0.5959785642991117,Health Information Services,Healthcare,SPOK
2009Q3,2009,Q3,2009-10-29,2009-09-30,9201000.0,69498000.0,15003000.0,0.4,46955000.0,0.6756309534087311,215020000.0,161821000.0,124663000.0,41690000.0,53199000.0,0.0,23520000.0,294397528.88,199656528.88,7.0797281754683725,2.9902374670184697,0.0044228443865686915,0.005876863942257185,0.05577962359540068,7.0797281754683725,0.05685912211641258,4.236057568275346,7.999063386588415,1.8192788876598218,0.615259210955331,0.0,0.01922910162166304,0.32321644498186214,2.889397937155193,0.042791368244814436,13.519357498163115,0.6756309534087311,-0.7927461139896372,0.18990105042026761,-0.44661183334958926,0.0,-0.10449326772704734,-0.7943726813569928,0.17146872803935348,0.27383470423974154,-0.3031206210170704,-0.5998411849071605,Health Information Services,Healthcare,SPOK
2009Q2,2009,Q2,2009-07-30,2009-06-30,44746000.0,75145000.0,12807000.0,1.93,52434000.0,0.6977709761128484,216058000.0,158074000.0,111374000.0,46856000.0,57984000.0,0.0,20052000.0,291675391.48,212105391.48000002,6.915304818021667,2.376942120539525,0.0,0.0,0.2833797317504465,6.915304818021667,0.2830699545782355,3.88150098449664,1.629617124882671,1.8451825820818097,0.12660349528449472,0.0,0.019422276151769374,0.3478001277434763,2.239051562233225,0.2071017967397643,13.900557188199972,0.6977709761128484,3.488372093023256,11.75520109662431,-0.43320679720478067,0.0,-0.04781448054188534,3.4831179240557057,-0.26222708681375656,3.897278799173064,-0.29190756892338277,-0.6014796065057584,Health Information Services,Healthcare,SPOK
2009Q1,2009,Q1,2009-04-30,2009-03-31,9981000.0,79691000.0,17359000.0,0.43,55067000.0,0.6910065126551305,216657000.0,119623000.0,97448000.0,48060000.0,97034000.0,0.0,0.0,213064803.12000003,147989803.12000003,5.170857944939395,2.027632126508531,0.0,0.0,0.08277905746151165,5.170857944939395,0.08343713165528369,2.6736369617648172,5.3367599218515185,1.7811357608486664,2.857128544234045,0.0,0.13384190904557317,0.3678210258611538,1.8243029546400333,0.046068209197025714,10.026107153545716,0.6910065126551305,0.23834818374206393,0.7765763027493428,-0.4428636954584711,0.0,0.015116043283499548,0.24249968878376696,1.2804316570006946,-0.03625464832829766,-0.3003531614374802,-0.7404956393091726,Health Information Services,Healthcare,SPOK
2008Q4,2008,Q4,2009-03-04,2008-12-31,8033000.0,84258000.0,-61901000.0,0.3472367510570556,54247000.0,0.6438201713783854,241360000.0,140738000.0,112401000.0,52144000.0,100622000.0,0.0,0.0,267661213.04000002,192629213.04000002,6.083580962313941,2.1555883706658485,0.0,0.0,-0.19340738543804914,6.083580962313941,0.05707769046028791,3.176686048090389,8.330051445288186,1.9018403916497322,0.9577990787999502,0.0,0.028745293024022078,0.349096784885648,1.9449217551396134,0.033282234007292015,15.447637389046,0.6438201713783854,2.858186122856173,6.875027219191639,-0.4866453249084723,-0.7923172479063816,-0.0646585168198355,2.3221670802315963,-5.277294085129906,-0.3159798770209428,-0.3041659540761282,-0.6872871964849998,Health Information Services,Healthcare,SPOK
2008Q3,2008,Q3,2008-10-30,2008-09-30,2418000.0,88357000.0,14472000.0,0.09,57997000.0,0.6563939472820489,290430000.0,177994000.0,142401000.0,62187000.0,112436000.0,0.0,-165110000.0,302215716.0,198487716.0,6.478597559102453,2.2898837377586956,0.0,0.0,0.01297849072264696,6.478597559102453,0.0135847275750868,3.4203935851149314,31.24645533498759,1.697898333651696,2.813068651778329,0.0,0.02250710217863058,0.3042282133388424,2.083940373389937,0.008325586199772752,12.202354584729681,0.6563939472820489,-0.7567567567567568,-0.7398486696394962,-0.41468121740684366,0.0,-0.01839753571186785,-0.7646028037383178,-0.2353376307724823,5.784379936066483,-0.4208233526673746,-0.6976036287597093,Health Information Services,Healthcare,SPOK
2008Q2,2008,Q2,2008-08-06,2008-06-30,10272000.0,92075000.0,18926000.0,0.37,59084000.0,0.6416942709747488,281966000.0,181954000.0,125683000.0,57553000.0,100012000.0,0.0,-167528000.0,207429877.79999998,121673877.79999998,6.622733014983244,2.183778430316404,0.0,0.0,0.05396187714443977,6.622733014983244,0.05645382898974466,2.252836033668205,5.048429658294392,1.140012738384427,0.6621884735202492,0.0,0.03279180449866707,0.32654646304873636,1.953173596511042,0.036429924175255174,8.802829646919028,0.6416942709747488,1.0570987654320987,1.436199544363864,-0.4221820524439834,0.0,-0.010450860856166679,1.0577727784026996,1.1108313227612376,4.842675797551917,-0.42081160792982153,-0.6920134522041248,Health Information Services,Healthcare,SPOK
2008Q1,2008,Q1,2008-05-09,2008-03-31,-177800000.0,94758000.0,-170764000.0,-6.48,59708000.0,0.6301103864581354,282011000.0,178228000.0,110941000.0,62595000.0,103783000.0,0.0,-177800000.0,196057745.51999998,127079745.51999998,6.490679144681822,1.7723620097451873,0.0,0.0,-1.0017224653918089,6.490679144681822,-0.997598581592118,2.0690363401506993,-0.2756717456692913,1.1000389698588324,-0.09990438695163105,0.0,0.0906008581955666,0.33600816989408216,1.5237479031871555,-0.6304718610266975,8.893120997913453,0.6301103864581354,-2.4553122696908503,-27.66292900269354,-0.4418712956418437,0.0,-0.033694772616928305,-2.4526953549790274,-13.51293324540192,-136.85682851907646,-0.43536747325983827,-0.6997652874596858,Health Information Services,Healthcare,SPOK
2007Q4,2007,Q4,2008-03-13,2007-12-31,-51496000.0,100188000.0,13647000.0,-1.8753731918359355,61790000.0,0.6167405278077215,484082000.0,373568000.0,109461000.0,67162000.0,110514000.0,0.0,0.0,392664672.40000004,328122672.40000004,13.604540401735413,1.6298055448021203,0.0,0.0,-0.1241078115722544,13.604540401735413,-0.13784906630118213,3.9192784804567418,-1.9062872475532082,1.0511196687082405,-0.3441043964579773,0.0,0.045127563658054204,0.2069649356927132,1.4046782406718084,-0.10637867138212122,21.154222195884067,0.6167405278077215,-3.5342880970755886,-30.73013373336178,-0.4857333366594487,-0.5355649231753535,-0.06722219706233111,-3.53599921205555,-0.3009067158444752,-30.73013373336178,-0.4857333366594487,-0.5355649231753535,Health Information Services,Healthcare,SPOK
2007Q3,2007,Q3,2007-11-01,2007-09-30,20306000.0,105424000.0,19521000.0,0.74,66243000.0,0.6283483836697527,552318000.0,437782000.0,113161000.0,67249000.0,114536000.0,0.0,4942000.0,477817937.48,414285937.48,15.951231676644673,1.682716471620396,0.0,0.0,0.04228150753691091,15.951231676644673,0.04638381660278403,4.532344982926089,5.882718623559539,1.0914517670438713,0.8723529991135625,0.0,0.03707269780080505,0.19087554633381493,1.3563770464988327,0.03676505201713506,20.260258543080056,0.6283483836697527,0.574468085106383,1.1870303914471236,-0.30088008950656187,0.0,-0.005449959463111431,0.5660959432361561,-0.065265274851561,1.1870303914471236,-0.30088008950656187,0.0,Health Information Services,Healthcare,SPOK
2007Q2,2007,Q2,2007-08-02,2007-06-30,12966000.0,107470000.0,20884000.0,0.47,66606000.0,0.619763654973481,576847000.0,434930000.0,112960000.0,73124000.0,141917000.0,0.0,0.0,734296915.44,676660915.44,15.850164361681852,1.5447732618565724,0.0,0.0,0.027497015019284136,15.850164361681852,0.029811693835789667,6.83257574616172,14.15812346598797,1.6883105682293702,3.460743482955422,0.0,0.0611087954429335,0.1863059008714616,1.1666210819977025,0.02247736401506812,33.12717294234413,0.619763654973481,0.0,2.078949950011409,-0.3247333307370294,0.0,-0.07262398707916794,-0.004606172270842929,-0.04188649814194614,2.078949950011409,-0.3247333307370294,0.0,Health Information Services,Healthcare,SPOK
2007Q1,2007,Q1,2007-05-16,2007-03-31,13026000.0,111542000.0,21797000.0,0.47,71822000.0,0.6439009521077262,612458000.0,466650000.0,134201000.0,80110000.0,145808000.0,0.0,0.0,546767950.74,466475950.74,17.009655535612236,1.675209087504681,0.0,0.0,0.02736768068915637,17.009655535612236,0.027913854066216652,4.901901980778541,10.493780722017503,1.1716874547090967,1.3775525871334255,0.0,0.0328183098071393,0.18212187611232117,1.3202346773186868,0.021268397179888255,17.275448680568722,0.6439009521077262,0.5525799470198673,0.9551370901284505,-0.3424225050110832,0.0,-0.023852562621471382,0.5684527393136665,0.6037819145022442,0.9551370901284505,-0.3424225050110832,0.0,Health Information Services,Healthcare,SPOK
