Quarters,Year,Quarter,FillingDate,Date,NetIncome,Revenue,OperatingIncome,EPSDiluted,GrossProfit,GrossProfitRatio,TotalAssets,CommonStockEquity,CurrentAssets,CurrentLiability,TotalLiability,Inventory,RetainedEarnings,MarketCap,EnterpriseValue,bookValuePerShare,currentRatio,debtToAssets,debtToEquity,roic,shareholdersEquityPerShare,roe,priceToSalesRatio,peRatio,pbRatio,payoutRatio,inventoryTurnover,dividendYield,assetTurnover,quickRatio,returnOnAssets,priceToFreeCashFlowsRatio,grossProfitMargin,epsdilutedGrowth,fiveYNetIncomeGrowthPerShare,fiveYRevenueGrowthPerShare,fiveYShareholdersEquityGrowthPerShare,grossProfitGrowth,netIncomeGrowth,operatingIncomeGrowth,threeYNetIncomeGrowthPerShare,threeYRevenueGrowthPerShare,threeYShareholdersEquityGrowthPerShare,Industry,Sector,Symbol
2023Q2,2023,Q2,2023-05-05,2023-03-31,133000000.0,6686000000.0,712000000.0,0.25,2241000000.0,0.3351779838,43420000000.0,15890000000.0,12756000000.0,12403000000.0,26342000000.0,3048000000.0,669000000.0,41359096000.0,49875096000.0,23.13628421665696,1.028460856244457,0.24161676646706587,0.6602265575833858,0.021058775994341628,23.13628421665696,0.008370044052863436,6.185925216871074,77.74266165413535,2.602838011327879,1.8045112781954886,1.4583333333333333,0.005802834762152442,0.15398433901427913,0.6431508506006611,0.0030631045601105483,214.29583419689118,0.33517798384684416,0.47058823529411753,-0.5905017778167825,0.2062287220262454,0.026579785449251613,0.07173601147776183,0.1271186440677966,0.22336769759450173,-0.3137637707432715,0.34973919875455584,-0.03432496534324957,Building Products & Equipment,Industrials,JCI
2023Q1,2023,Q1,2023-02-01,2022-12-31,118000000.0,6068000000.0,582000000.0,0.17,2091000000.0,0.3445945946,42797000000.0,16046000000.0,11837000000.0,11563000000.0,25554000000.0,2895000000.0,874000000.0,43968000000.0,52206000000.0,23.356622998544395,1.0236962725936176,0.22774960861742646,0.6074411068178985,0.02070602831137495,23.356622998544395,0.007353857659229714,7.245880026367831,93.15254237288136,2.7401221488221363,2.042372881355932,1.373747841105354,0.005481259097525473,0.14178563918031636,0.6253567413301047,0.0027572026076594152,-102.25116279069768,0.34459459459459457,-0.8454545454545455,-0.30839946838807675,0.10018506826264284,0.05335128117613652,-0.08888888888888889,-0.8449408672798949,-0.3013205282112845,-0.1683081120174307,0.2195521876873018,-0.06967437288119764,Building Products & Equipment,Industrials,JCI
2022Q4,2022,Q4,2022-11-15,2022-09-30,761000000.0,6725000000.0,833000000.0,1.1,2295000000.0,0.3412639405,42158000000.0,16268000000.0,11685000000.0,11239000000.0,24756000000.0,2510000000.0,1151000000.0,33897814000.0,40826814000.0,23.621315521997968,1.0396832458403773,0.2125338014137293,0.5507745266781411,0.044079643813437944,23.621315521997968,0.046778952544873374,5.040567137546469,11.13594415243101,2.0837112121957215,0.3180026281208936,1.7649402390438247,0.007139103424191306,0.15951895251197876,0.6725687338731204,0.018051140945965178,33.331183874139626,0.3412639405204461,1.0,0.17367860772884738,0.11545982705220764,0.07368565785420415,0.04318181818181818,1.007915567282322,0.24328358208955222,0.4039750937401242,0.21024680068091303,-0.07073080289863297,Building Products & Equipment,Industrials,JCI
2022Q3,2022,Q3,2022-08-04,2022-06-30,379000000.0,6614000000.0,670000000.0,0.55,2200000000.0,0.3326277593,42324000000.0,15988000000.0,11559000000.0,11883000000.0,25181000000.0,2574000000.0,645000000.0,33142536000.0,41128536000.0,23.097370702109217,0.9727341580408988,0.22426991777714772,0.5936952714535902,0.02311258752585283,23.097370702109217,0.023705278959219415,5.010967039612942,21.861831134564643,2.0729632224168126,0.6437994722955145,1.7148407148407148,0.007362140302118099,0.15627067384935261,0.6190355970714466,0.008954730176731878,104.55058675078864,0.33262775929845784,6.432432432432433,-0.07719062604933735,0.1633198215492291,0.094991665640513,0.12416964741951968,6.288461538461538,0.23844731977818853,-0.8862491549788152,0.2899528734628807,-0.012154390587491218,Building Products & Equipment,Industrials,JCI
2022Q2,2022,Q2,2022-05-04,2022-03-31,52000000.0,6098000000.0,541000000.0,0.074,1957000000.0,0.3209248934,42991000000.0,16536000000.0,11612000000.0,11654000000.0,25303000000.0,2515000000.0,900000000.0,45839986999.99999,53702986999.99999,23.65326848805607,0.9963960871803672,0.22446558582028797,0.5835752298016449,0.00976649562917034,23.65326848805607,0.0031446540880503146,7.517216628402754,220.38455288461537,2.772132740686986,4.596153846153846,1.646520874751491,0.005213788564119795,0.14184364169244726,0.6414964818946285,0.0012095554883580285,-237.51288601036265,0.32092489340767466,-0.8745762711864408,1.472020010283492,0.12732994083076443,0.14581956694771311,0.034902168164992066,-0.8758949880668258,0.0670611439842209,-0.8696521047171606,0.3622055143254042,0.0654359558030847,Building Products & Equipment,Industrials,JCI
2022Q1,2022,Q1,2022-02-02,2021-12-31,419000000.0,5862000000.0,507000000.0,0.59,1891000000.0,0.3225861481,42222000000.0,17249000000.0,10353000000.0,9987000000.0,23732000000.0,2425000000.0,1638000000.0,57266633000.0,64108633000.0,24.490983955700695,1.036647641934515,0.19063521386954668,0.4666357469998261,0.01713719403485958,24.490983955700695,0.024291263261638357,9.76912879563289,34.16863544152745,3.3199972752043596,0.45584725536992843,1.6375257731958763,0.003335275534707969,0.13883757282933068,0.6886953038950636,0.009923736440718109,226.3503280632411,0.32258614807233027,0.554398684820638,0.6946995594150909,0.1008274680885518,0.17244471386232277,-0.13692377909630304,0.5576208178438662,-0.4014167650531287,0.544437889583704,0.4038473971539396,0.12281816802177702,Building Products & Equipment,Industrials,JCI
2021Q4,2021,Q4,2021-11-15,2021-09-30,269000000.0,6392000000.0,847000000.0,0.379568,2191000000.0,0.34277221526908636,41890000000.0,17562000000.0,9998000000.0,9098000000.0,23137000000.0,2057000000.0,2025000000.0,48248296000.0,54652296000.0,24.780584168195286,1.098922840184656,0.18476963475769873,0.44072429108302014,0.013124434498748911,24.780584168195286,0.015317162054435713,7.548231539424281,44.84042379182156,2.7473121512356222,0.7137546468401487,2.04229460379193,0.003979415148671779,0.15259011697302458,0.763794240492416,0.006421580329434232,203.57930801687763,0.34277221526908636,-0.52554,1.2360713383268604,-0.3558757706484556,-0.2516917053778661,-0.0027309968138370506,-0.5313588850174216,0.020481927710843374,-0.5447150543449515,-0.003455499906521105,0.08283331311410884,Building Products & Equipment,Industrials,JCI
2021Q3,2021,Q3,2021-07-30,2021-06-30,574000000.0,6341000000.0,830000000.0,0.8,2197000000.0,0.3464753193502602,42135000000.0,17840000000.0,10310000000.0,9285000000.0,23138000000.0,2064000000.0,2256000000.0,49036135000.0,55365135000.0,24.96850944716585,1.1103931071620894,0.18462086151655394,0.436042600896861,0.027847809434754386,24.96850944716585,0.03217488789237668,7.733186405929664,21.35720165505226,2.748662275784753,0.3362369337979094,2.007751937984496,0.003935873004672983,0.15049246469680788,0.7666128163704901,0.013622878841817966,63.518309585492226,0.3464753193502602,0.6666666666666669,0.29183377153955636,-0.42562327210832124,0.6019994909954975,0.13072568193515183,0.673469387755102,0.2028985507246377,0.02847729360306705,0.011632648136593551,0.11254283658098069,Building Products & Equipment,Industrials,JCI
2021Q2,2021,Q2,2021-04-30,2021-03-31,343000000.0,5594000000.0,690000000.0,0.48,1943000000.0,0.34733643189131214,41180000000.0,17698000000.0,10204000000.0,8740000000.0,22423000000.0,1994000000.0,2215000000.0,42789357000.0,48673357000.0,24.679960953841864,1.1675057208237987,0.18861097620203982,0.43886314837834783,0.017751019162391402,24.679960953841864,0.01938072098542208,7.649152127279228,31.187577988338195,2.417750988812295,0.5451895043731778,1.8309929789368105,0.0043702456197226795,0.13584264205925206,0.8066361556064073,0.008329286061194754,79.53412081784387,0.34733643189131214,-0.22580645161290325,1.5586643082857314,-0.4652887819532841,0.5302144340161942,0.1244212962962963,-0.2394678492239468,0.5898617511520737,0.011451502086346026,-0.033423306153687604,0.09507424717104222,Building Products & Equipment,Industrials,JCI
2021Q1,2021,Q1,2021-01-29,2020-12-31,451000000.0,5341000000.0,434000000.0,0.62,1728000000.0,0.3235349185545778,41424000000.0,17656000000.0,10034000000.0,8486000000.0,22601000000.0,1913000000.0,2382000000.0,33558777000.000004,39652777000.0,24.512008885186727,1.18241810040066,0.19150733874082657,0.44930901676483914,0.014571070475667183,24.512008885186727,0.02554372451291346,6.283238532110093,18.602426274944566,1.900701008155868,0.4212860310421286,1.888656560376372,0.005661708112902923,0.1289349169563538,0.8267735093094508,0.010887408265739668,86.49169329896908,0.3235349185545778,0.03361413183914971,-0.13934740617335362,-0.48633070184059735,0.44317427069896703,-0.1250632911392405,0.022675736961451247,-0.1685823754789272,1.5211180124223602,-0.07639542703429736,0.10545758113325673,Building Products & Equipment,Industrials,JCI
2020Q4,2020,Q4,2020-11-16,2020-09-30,441000000.0,5954000000.0,522000000.0,0.599837,1975000000.0,0.331709774941216,40815000000.0,17447000000.0,10053000000.0,8248000000.0,22282000000.0,1773000000.0,2469000000.0,30032920000.0,35900920000.0,23.73095756256801,1.2188409311348205,0.19157172608109763,0.44815727632257696,0.019430875446857718,23.73095756256801,0.025276551842723677,5.044158548874706,17.02546485260771,1.7213801799736346,0.4399092970521542,2.2442188381274675,0.006459578356017331,0.14587774102658335,0.8783947623666344,0.010804851157662623,48.12967948717949,0.331709774941216,3.4993208333333334,0.06722994113447091,-0.42522846478584025,0.42015463761165595,0.07805676855895197,3.423076923076923,0.04819277108433735,-0.36287051142546245,-0.07488641141936378,0.07866933822324586,Building Products & Equipment,Industrials,JCI
2020Q3,2020,Q3,2020-07-31,2020-06-30,-182000000.0,5343000000.0,498000000.0,-0.24,1832000000.0,0.34287853265955454,41278000000.0,17805000000.0,11140000000.0,10304000000.0,22405000000.0,1996000000.0,2955000000.0,25400160000.0,31152160000.0,23.931451612903224,1.0811335403726707,0.1960850816415524,0.45459140690817185,0.019072212035684585,23.931451612903224,-0.010221847795563043,4.753913531723751,-34.89032967032967,1.426574557708509,-1.065934065934066,1.7590180360721444,0.007637747163797393,0.12943941082416785,0.7459239130434783,-0.004409128349241727,26.906949152542374,0.34287853265955454,-1.857142857142857,-1.8621465280294793,-0.5310982239682657,0.4090234527557864,0.017212659633536923,-1.8544600938967135,0.4228571428571429,-1.4122900319674514,-0.12566317340756503,0.13453346706754227,Building Products & Equipment,Industrials,JCI
2020Q2,2020,Q2,2020-05-01,2020-03-31,213000000.0,5444000000.0,350000000.0,0.28,1801000000.0,0.3308229243203527,40402000000.0,18084000000.0,9955000000.0,9509000000.0,21314000000.0,2030000000.0,3332000000.0,20349408000.0,26413408000.0,23.95866454689984,1.0469029340624671,0.17499133706252165,0.39095332890953327,0.013187839215652464,23.95866454689984,0.011778367617783676,3.7379515062454076,23.884281690140845,1.125271400132714,0.9342723004694836,1.7945812807881774,0.00977915426335744,0.1347458046631355,0.6833526133137028,0.0052720162368199595,1197.024,0.3308229243203527,0.33333333333333354,-0.6648375951565932,-0.5073300453094974,0.42238468885591623,-0.0011092623405435386,0.33962264150943394,-0.06914893617021277,2.790787607957719,-0.06784282076295124,0.160613665279984,Building Products & Equipment,Industrials,JCI
2020Q1,2020,Q1,2020-01-31,2019-12-31,159000000.0,5576000000.0,376000000.0,0.21,1803000000.0,0.3233500717360115,42513000000.0,19329000000.0,11320000000.0,9692000000.0,22082000000.0,1953000000.0,4129000000.0,31342629000.0,36464629000.0,25.105857903623846,1.1679735864630623,0.1712887822548397,0.3767396140514253,0.010541928150013152,25.105857903623846,0.008225981685550209,5.620987984218077,49.28086320754717,1.6215339127735529,1.2767295597484276,1.9318996415770608,0.006476801930048689,0.131159880507139,0.8018984729673958,0.0037400324606590924,164.0975340314136,0.3233500717360115,-0.7272727272727273,-0.7427102958887307,-0.5711015978633747,0.46519345548103613,-0.0893939393939394,-0.7401960784313726,17.8,-0.4116995417634075,-0.042101314278254455,0.2018802690543122,Building Products & Equipment,Industrials,JCI
2019Q4,2019,Q4,2019-11-21,2019-09-30,612000000.0,6274000000.0,20000000.0,0.77,1980000000.0,0.31558814153649983,42287000000.0,19766000000.0,12393000000.0,9070000000.0,21458000000.0,1814000000.0,4827000000.0,34128864000.0,38542864000.0,25.41923868312757,1.3663726571113561,0.17071440395393384,0.3652231103915815,0.017952360364811727,25.41923868312757,0.0309622584235556,5.439729678036341,13.941529411764705,1.7266449458666397,0.33986928104575165,2.3671444321940465,0.0060945480048793885,0.14836711045947928,0.9454244762954797,0.014472532929742002,180.576,0.31558814153649983,-0.8392484342379958,0.6182946032602182,-0.5330758117957701,0.427849493287062,-0.07649253731343283,-0.8540076335877863,-0.9735449735449735,1.4894953664168011,-0.423786319959453,-0.23240602318095163,Building Products & Equipment,Industrials,JCI
2019Q3,2019,Q3,2019-08-01,2019-06-30,4192000000.0,6451000000.0,756000000.0,4.79,2144000000.0,0.33235157339947297,43069000000.0,20363000000.0,13042000000.0,9242000000.0,21660000000.0,2050000000.0,6366000000.0,36482001000.0,40122001000.0,23.381559306464577,1.4111664141960614,0.17007592467900345,0.35972106271178117,0.013240206139345815,23.381559306464577,0.2058635760938958,5.655247403503333,2.1756918535305343,1.7915828217846093,0.05558206106870229,2.1009756097560977,0.006386711079800694,0.1497829064988739,1.051504003462454,0.09733218788455734,364.82001,0.33235157339947297,7.4035087719298245,16.352949822023195,-0.565303934163981,0.2556619672509849,0.16268980477223427,7.139805825242719,0.9585492227979274,6.7401603515105615,-0.5205977516530831,0.5001795035822222,Building Products & Equipment,Industrials,JCI
2019Q2,2019,Q2,2019-05-03,2019-03-31,515000000.0,5779000000.0,386000000.0,0.57,1844000000.0,0.3190863471188787,48489000000.0,20036000000.0,12836000000.0,13441000000.0,27188000000.0,2124000000.0,6416000000.0,33320300000.0,45467300000.0,22.200554016620497,0.9549884681199315,0.25543937800325844,0.6181872629267319,0.010162323917204789,22.200554016620497,0.025703733280095828,5.765755320989791,16.17490291262136,1.6630215611898584,0.4640776699029126,1.8526365348399247,0.007172804566585535,0.1191816700695003,0.4423777992708876,0.010620965579822228,59.60697674418605,0.3190863471188787,0.46153846153846134,0.3859901083622546,-0.6120373847640928,0.20431071429079364,0.06898550724637681,0.4507042253521127,0.34494773519163763,1.666494465060367,-0.5610833660972624,0.3764854921336742,Building Products & Equipment,Industrials,JCI
2019Q1,2019,Q1,2019-02-01,2018-12-31,355000000.0,5464000000.0,287000000.0,0.39,1725000000.0,0.3157027818448023,48016000000.0,20102000000.0,11955000000.0,11653000000.0,26609000000.0,2027000000.0,6136000000.0,27325440000.0,38941440000.0,21.81206597222222,1.0259160731142196,0.24800066644451849,0.5923788677743508,0.004997413718049175,21.81206597222222,0.01765993433489205,5.00099560761347,19.2432676056338,1.3593393692169933,0.676056338028169,1.844597927972373,0.008783024170882519,0.11379540153282239,0.4920621299236248,0.007393368877040987,-117.78206896551724,0.3157027818448023,-0.5301204819277108,-0.47126173332555965,-0.6500944798255867,0.21774829213776992,-0.315204446208813,-0.5395590142671854,-0.7243035542747358,-0.47051868127893515,-0.5892830083739313,0.284211855068433,Building Products & Equipment,Industrials,JCI
2018Q4,2018,Q4,2018-11-20,2018-09-30,771000000.0,8370000000.0,1041000000.0,0.83,2519000000.0,0.3009557945041816,48797000000.0,21164000000.0,11823000000.0,11250000000.0,26339000000.0,3224000000.0,6604000000.0,32534464000.0,43329464000.0,22.884948096885815,1.0509333333333333,0.22532122876406335,0.5195142695142695,0.029938999843406998,22.884948096885815,0.03642978642978643,3.887032735961768,10.549437094682231,1.537254961254961,0.311284046692607,1.8148263027295286,0.007376792806545083,0.1715269381314425,0.6457777777777778,0.015800151648666928,32.404844621513945,0.3009557945041816,0.06410256410256401,4.1850115237271375,-0.4649852554733894,0.21362146912142665,0.01901294498381877,0.06639004149377593,0.10158730158730159,0.4833084362389822,-0.357653211528673,0.36952607519548714,Building Products & Equipment,Industrials,JCI
2018Q3,2018,Q3,2018-08-02,2018-06-30,723000000.0,8120000000.0,945000000.0,0.78,2472000000.0,0.3044334975369458,49406000000.0,20773000000.0,12465000000.0,11301000000.0,27597000000.0,3509000000.0,6075000000.0,30961320000.000004,42634320000.0,22.442739844425237,1.1029997345367666,0.24199489940493057,0.5755548067202618,0.02551019209028925,22.442739844425237,0.034804794685408945,3.812970443349754,10.70585062240664,1.4904597313820827,0.3333333333333333,1.609575377600456,0.007783905854143169,0.1643525077925758,0.6351650296433944,0.014633850139659151,69.89011286681716,0.3044334975369458,0.6595744680851066,-0.1065406081084149,-0.4709946030261261,0.20959756061398832,0.11351351351351352,0.6506849315068494,0.495253164556962,1.7529453018024144,-0.4272009060261652,0.32137186228360465,Building Products & Equipment,Industrials,JCI
2018Q2,2018,Q2,2018-05-03,2018-03-31,438000000.0,7475000000.0,632000000.0,0.47,2220000000.0,0.29698996655518395,49952000000.0,20874000000.0,12271000000.0,10992000000.0,28072000000.0,3565000000.0,5594000000.0,32639288000.0,44469288000.0,22.537248974303605,1.1163573508005822,0.24219250480461244,0.5795726741400785,0.016502739968639733,22.537248974303605,0.02098304110376545,4.3664599331103675,18.629730593607306,1.5636336111909555,0.5502283105022832,1.4740532959326789,0.007383739498239054,0.14964365791159512,0.6320050946142649,0.008768417680973735,82.6311088607595,0.29698996655518395,0.8924675763932789,1.0859939479535679,-0.49484164825274995,0.2470904005667416,0.02351313969571231,0.9043478260869565,-0.1595744680851064,-0.43833557161220166,-0.4487148765804852,0.33799769211807584,Building Products & Equipment,Industrials,JCI
2018Q1,2018,Q1,2018-02-02,2017-12-31,230000000.0,7435000000.0,752000000.0,0.248353,2169000000.0,0.2917283120376597,49767000000.0,20535000000.0,12429000000.0,11246000000.0,28267000000.0,3459000000.0,5398000000.0,35293671000.0,47241671000.0,22.173631357304828,1.1051929574959987,0.25117045431711776,0.6087168249330411,0.011466491267850985,22.173631357304828,0.011200389578767957,4.746963147276396,38.36268586956521,1.718708108108108,1.008695652173913,1.5224053194564904,0.0065734165199193935,0.14939618622782164,0.6476080384136582,0.004621536359434967,-98.31106128133705,0.2917283120376597,-0.7329537634408603,-0.5423279965739323,-0.4974726805764661,0.21986854773714412,-0.1368881814564266,-0.7371428571428571,-0.4031746031746032,-0.6905934134086933,-0.5245672753518588,0.29406689361858523,Building Products & Equipment,Industrials,JCI
2017Q4,2017,Q4,2017-11-21,2017-09-30,875000000.0,8136000000.0,1260000000.0,0.93,2513000000.0,0.308874139626352,51884000000.0,20447000000.0,12292000000.0,11854000000.0,30517000000.0,3209000000.0,5231000000.0,37445526000.0,50696526000.0,22.000215192597373,1.036949552893538,0.26158353249556704,0.6637648554800215,0.032329889428689154,22.000215192597373,0.04279356384799726,4.602449115044248,10.698721714285714,1.8313457230889618,0.2662857142857143,1.7522592708008726,0.006222372200086067,0.15681134839256802,0.5894212923907541,0.01686454398273071,37.97720689655172,0.308874139626352,0.5762711864406781,16.535049494297397,-0.4508654246127651,0.24115675295508035,0.0337309749074455,0.5765765765765766,0.5328467153284672,0.9358326055784328,-0.49339860456646173,0.23579610335880619,Building Products & Equipment,Industrials,JCI
2017Q3,2017,Q3,2017-08-03,2017-06-30,555000000.0,7683000000.0,822000000.0,0.59,2431000000.0,0.3164128595600677,50686000000.0,19731000000.0,13962000000.0,11515000000.0,30071000000.0,3384000000.0,4589000000.0,40558944000.0,54371944000.0,21.093649775497113,1.212505427702996,0.2815570374462376,0.7232780903147331,0.02117841994875281,21.093649775497113,0.02812832598449141,5.279050370948848,18.269794594594593,2.055594952105823,0.42162162162162165,1.5520094562647755,0.00576938097796629,0.15158031803653868,0.5993052540165003,0.01094976916702837,-275.9111836734694,0.3164128595600677,4.6875,-0.07192379515246047,-0.493673301212389,0.18649960941830143,0.0657606313020605,4.75,0.4810810810810811,1.139025416933932,-0.5179851414708718,0.13279415741451278,Building Products & Equipment,Industrials,JCI
2017Q2,2017,Q2,2017-05-04,2017-03-31,-148000000.0,7267000000.0,555000000.0,-0.16,2281000000.0,0.31388468418879867,49607000000.0,19388000000.0,13229000000.0,10742000000.0,29406000000.0,3138000000.0,4268000000.0,39559104000.0,52623104000.0,20.643100511073254,1.2315211320052133,0.27165520995020864,0.6950691149164432,-0.004941716776797461,20.643100511073254,-0.007633587786259542,5.443663685152058,-66.82281081081081,2.04039116979575,-1.587837837837838,1.5889101338432123,0.005940478328326142,0.1464914225814905,0.6056600260659095,-0.0029834499163424516,391.674297029703,0.31388468418879867,-1.4571428571428573,-1.2811347511091973,-0.5244021757095486,0.156156056221731,0.07899716177861874,-1.4498480243161094,0.02022058823529412,-1.3827399041819237,-0.531206619566051,0.11982372615815128,Building Products & Equipment,Industrials,JCI
2017Q1,2017,Q1,2017-02-08,2016-12-31,329000000.0,7086000000.0,544000000.0,0.35,2114000000.0,0.29833474456675135,48788000000.0,19577000000.0,10966000000.0,11459000000.0,28392000000.0,2943000000.0,4669000000.0,38603268000.0,51476268000.0,20.888817755014937,0.956977048608081,0.2715831761908666,0.6768146294120652,0.017733897381748236,20.888817755014937,0.016805434949175052,5.447822184589331,29.33379027355623,1.9718684170199723,0.0,1.689432551817873,0.0,0.14524063294252684,0.561480059342002,0.006743461506927933,-16.998356671070013,0.29833474456675135,1.217391304347826,-0.4439779103296794,-0.5286554517835456,0.218029832998716,0.023728813559322035,1.2809564474807857,2.6026490066225167,-0.5181426653544059,-0.553777528280997,0.16620416325262935,Building Products & Equipment,Industrials,JCI
2016Q4,2016,Q4,2016-11-23,2016-09-30,-1171000000.0,10198000000.0,151000000.0,-1.61,2065000000.0,0.20249068444793097,63253000000.0,24118000000.0,17109000000.0,16293000000.0,38163000000.0,3560000000.0,9177000000.0,33887799000.0,49556799000.0,33.11547439242071,1.0500828576689376,0.2585331921015604,0.67804129695663,0.04354193291518147,33.11547439242071,-0.04855294800563894,3.322984800941361,-7.234799103330487,1.4050832987809934,-0.31682322801024765,2.2845505617977526,0.010947893075026796,0.16122555451915324,0.5340943963665378,-0.018512955907229695,43.89611269430052,0.20249068444793097,-3.6060171479165626,-2.285087694672168,-0.44187404997522944,0.28959010946756975,0.09432962374138845,-4.057441253263708,-0.7849002849002849,-10.999764082043638,-0.17226215560364389,0.7561608841162989,Building Products & Equipment,Industrials,JCI
2016Q3,2016,Q3,2016-07-29,2016-06-24,383000000.0,9516000000.0,702000000.0,0.617801,1887000000.0,0.19829760403530897,31879000000.0,9599000000.0,11847000000.0,12886000000.0,21356000000.0,2972000000.0,10575000000.0,27569722641.600002,35100722641.600006,15.585841061441402,0.9193698587614465,0.250886163304997,0.8332117928950933,0.02753528134708539,15.585841061441402,0.03989998958224815,2.8971965785624216,17.995902507571802,2.872145290301073,0.4908616187989556,2.566958277254374,0.006819074767053568,0.2985037171805891,0.515055098556573,0.012014178612879952,-135.14569922352942,0.19829760403530897,1.7195119252677786,0.1295564899862877,-0.03327171317583165,-0.11041627435204907,0.0913823019086177,1.7226415094339622,0.2,-0.288683484236685,-0.06827852760748489,-0.1599690831545317,Building Products & Equipment,Industrials,JCI
2016Q2,2016,Q2,2016-04-29,2016-03-25,-530000000.0,9031000000.0,585000000.0,-0.858639,1729000000.0,0.19145166648211714,31199000000.0,9984000000.0,11058000000.0,11792000000.0,20317000000.0,2922000000.0,10380000000.0,24850875688.8,31518875688.8,16.12843298639325,0.9377544097693351,0.22519952562582135,0.7037259615384616,-0.04042513691636499,16.12843298639325,-0.053084935897435896,2.751730227970324,-11.722111173962263,2.4890700810096154,-0.35471698113207545,2.4989733059548254,0.007565125766764405,0.28946440591044587,0.5380766621438263,-0.016987723965511715,66.62433160536193,0.19145166648211714,-2.1884062985717905,-2.5643886503607556,-0.06975220204555789,-0.049542892045521016,0.05878750765462339,-2.1777777777777776,0.06170598911070781,-4.776653852247804,-0.08684487435225156,-0.10753908001601992,Building Products & Equipment,Industrials,JCI
2016Q1,2016,Q1,2016-01-29,2015-12-25,450000000.0,8929000000.0,551000000.0,0.722513,1633000000.0,0.18288722141337216,31019000000.0,10506000000.0,10921000000.0,11301000000.0,19582000000.0,2769000000.0,11100000000.0,26244359030.100002,32984359030.100002,16.984787896277364,0.9663746571099903,0.230632837938038,0.6809442223491339,0.024698258433852868,16.984787896277364,0.04283266704740148,2.939227128469034,14.580199461166668,2.4980353160194175,0.37333333333333335,2.6348862405200433,0.0064013756177972786,0.28785583029755957,0.5449960180514999,0.014507237499597021,-88.96392891559323,0.18288722141337216,0.30188621448932745,0.25428439092172284,-0.02139864680192374,0.05275235763778015,0.04746632456703015,0.28939828080229224,0.043560606060606064,0.3406630502194204,-0.09642929425044065,-0.06559245029436257,Building Products & Equipment,Industrials,JCI
2015Q4,2015,Q4,2015-11-13,2015-09-25,349000000.0,8749000000.0,528000000.0,0.554974,1559000000.0,0.17819179334781118,29673000000.0,10376000000.0,11093000000.0,10495000000.0,19134000000.0,2377000000.0,10838000000.0,25987871108.4,32000871108.4,16.71012221773083,1.0569795140543117,0.22276143295251574,0.637047031611411,0.004524947574100487,16.71012221773083,0.033635312259059365,2.9703818846039547,18.615953516045845,2.504613638049345,0.4871060171919771,3.0248212031973076,0.0065415131270622345,0.29484716745863243,0.6048594568842306,0.011761534054527685,61.58263295829384,0.17819179334781118,0.9629602119388941,-0.4291873463735579,-0.2892702544395472,-0.24339035534849973,-0.08616647127784291,0.9606741573033708,-0.2777017783857729,9.468313046535133,-0.11614993692945545,-0.05728735597914089,Building Products & Equipment,Industrials,JCI
2015Q3,2015,Q3,2015-07-31,2015-06-26,178000000.0,9608000000.0,731000000.0,0.282723,1706000000.0,0.17756036636136552,31968000000.0,10655000000.0,12942000000.0,12133000000.0,21128000000.0,2489000000.0,10656000000.0,33590140720.1,40912140720.1,16.984423904440895,1.0666776559795599,0.23570445445445445,0.7071797278273111,0.028620400605537413,16.984423904440895,0.01670577193805725,3.4960596086698583,47.17716393272472,3.152523765377757,0.9550561797752809,3.174768983527521,0.005061008866160352,0.3005505505505506,0.47885930932168463,0.005568068068068068,84.18581634110275,0.17756036636136552,-0.6624992837497135,-0.5639202838327915,0.15211886930415836,0.15781812099895037,0.0845518118245391,-0.6635160680529301,0.22240802675585283,-0.556181512393982,-0.05587886063578817,-0.044640802170564015,Building Products & Equipment,Industrials,JCI
2015Q2,2015,Q2,2015-04-24,2015-03-27,529000000.0,9198000000.0,598000000.0,0.837696,1573000000.0,0.1710154381387258,31050000000.0,10583000000.0,12193000000.0,11972000000.0,20268000000.0,2414000000.0,10649000000.0,32305081135.949997,39725081135.95,16.84401184476388,1.0184597393919144,0.2442512077294686,0.7166209959368799,0.025805499567253695,16.84401184476388,0.04998582632523859,3.5121853811643833,15.267051576535916,3.0525447544127373,0.32325141776937616,3.1586578293289147,0.005293284956641276,0.296231884057971,0.4634146341463415,0.017037037037037038,489.4709263022727,0.1710154381387258,0.05263052077626378,0.9711540701834969,0.1291253702674478,0.1486113779209251,-0.06369047619047619,0.04339250493096647,-0.07430340557275542,0.5021154556038275,-0.10014417944287304,-0.056619121001322645,Building Products & Equipment,Industrials,JCI
2015Q1,2015,Q1,2015-01-30,2014-12-26,507000000.0,10666000000.0,646000000.0,0.795812,1680000000.0,0.15750984436527282,31707000000.0,10823000000.0,12381000000.0,11387000000.0,20621000000.0,2439000000.0,10291000000.0,32337982652.7,39705982652.7,17.134841689134742,1.0872925265653817,0.23767622291607532,0.6962949274692783,0.028378371528684873,17.134841689134742,0.04684468262034556,3.031875365900994,15.945750814940828,2.9878945442760783,0.2879684418145957,3.6842968429684295,0.004514814717046365,0.33639259469517774,0.4854658821463072,0.015990159901599015,-76.63029064620854,0.15750984436527282,0.6521762599262987,0.4687208950710615,0.2861991991729909,0.17326491169472247,-0.08794788273615635,0.6407766990291263,0.17883211678832117,0.27136082367778636,0.052697610924711556,-0.0008650271236328094,Building Products & Equipment,Industrials,JCI
2014Q4,2014,Q4,2014-11-14,2014-09-26,309000000.0,10979000000.0,548000000.0,0.481675,1842000000.0,0.16777484288186537,32804000000.0,11311000000.0,13107000000.0,11694000000.0,21242000000.0,2477000000.0,9956000000.0,29966062713.7,36237062713.7,17.802463636842962,1.120831195484864,0.20363370320692598,0.590575545928742,0.023981824999981135,17.802463636842962,0.027318539474847494,2.7293981886966026,24.24438730881877,2.649285006957829,0.47249190938511326,3.68873637464675,0.004872178283643888,0.33468479453725153,0.5370275354882846,0.009419582977685649,32.96596558162816,0.16777484288186537,0.7692313343201678,-0.29643203121372635,-0.046715636620897935,-0.15449012711864238,0.10763680096211665,0.7556818181818182,-0.20116618075801748,-0.6112917445846997,-0.3112376361850981,-0.30673253361325176,Building Products & Equipment,Industrials,JCI
2014Q3,2014,Q3,2014-07-25,2014-06-27,176000000.0,10812000000.0,686000000.0,0.272251,1663000000.0,0.15381058083610802,33074000000.0,11815000000.0,13447000000.0,12143000000.0,20979000000.0,2591000000.0,9793000000.0,33282358258.600002,40609358258.600006,18.620902692190096,1.1073869719179774,0.22637116768458607,0.6336859923825645,0.02157508822615151,18.620902692190096,0.014896318239526026,3.078279528172401,47.276077071875,2.8169579567160388,0.8295454545454546,3.5310690852952527,0.004386708383630667,0.32690330773417187,0.5657580499052952,0.005321400495857774,75.64172331500001,0.15381058083610802,-0.33333414957257623,-0.03351887214073872,0.38669565072615275,0.28546584947713693,0.07567917205692108,-0.32567049808429116,0.23381294964028776,-0.49616932865861574,0.06615115863251911,0.06281412254530483,Building Products & Equipment,Industrials,JCI
2014Q2,2014,Q2,2014-04-25,2014-03-28,261000000.0,10463000000.0,556000000.0,0.408377,1546000000.0,0.147758768995508,31217000000.0,11686000000.0,13059000000.0,12152000000.0,19258000000.0,2516000000.0,9764000000.0,30914625364.3,36956625364.3,18.434241058541257,1.0746379196840026,0.20024345709068778,0.5349135717953106,0.025046748358444008,18.434241058541257,0.022334417251411946,2.9546616997323905,29.6117101190613,2.6454411573078898,0.5593869731800766,3.5441176470588234,0.004722683787350689,0.3351699394560656,0.5955398288347598,0.008360829035461446,65.35861599217759,0.147758768995508,-0.4347824883427703,2.2093161214986097,0.4816291526246946,0.3228038031891564,-0.06698853349426674,-0.44349680170575695,-0.029668411867364748,-0.24771730304717063,0.0524241670175444,0.08633960029584946,Building Products & Equipment,Industrials,JCI
2014Q1,2014,Q1,2014-01-31,2013-12-27,469000000.0,10908000000.0,573000000.0,0.722513,1657000000.0,0.15190685735240192,30832000000.0,11531000000.0,12726000000.0,11803000000.0,19040000000.0,2452000000.0,9649000000.0,34166180122.2,40591180122.2,17.91180173525919,1.0782004575108024,0.21633367929423974,0.578440725002168,0.02519540775131998,17.91180173525919,0.0406729685196427,3.1322130658415843,18.212249532089555,2.962985007562224,0.2771855010660981,3.7728384991843393,0.003804932232255326,0.35378827192527246,0.5920528679149368,0.015211468604047743,-54.57856249552716,0.15190685735240192,3.600001273333842,1.679149928950101,0.3091282742675437,0.22125284314109156,-0.21170313986679354,3.466666666666667,-0.5491738788355626,0.2560470751124955,0.1486763729430998,0.11021059676980144,Building Products & Equipment,Industrials,JCI
2013Q4,2013,Q4,2013-11-14,2013-09-27,105000000.0,11047000000.0,1271000000.0,0.157068,2102000000.0,0.19027790350321355,31518000000.0,12314000000.0,13698000000.0,12117000000.0,18944000000.0,2325000000.0,9328000000.0,29095837700.8,33538837700.8,18.85674296241055,1.130477841049765,0.1744400025382321,0.4464836771154783,0.00971163208699701,18.85674296241055,0.008526879974013319,2.633822549180773,69.27580404952381,2.3628258649342215,1.2380952380952381,3.847311827956989,0.004467993028309531,0.35049812805381053,0.6817694148716679,0.0033314296592423377,42.22908229433962,0.19027790350321355,-0.8192771916098077,3.381505262400291,-0.2075193600927348,-0.1275955081057938,0.2511904761904762,-0.8161120840630472,0.8447024673439768,-0.8367040804516023,-0.14668712553754093,-0.1461945396823343,Building Products & Equipment,Industrials,JCI
2013Q3,2013,Q3,2013-07-26,2013-06-28,571000000.0,10831000000.0,689000000.0,0.86911,1680000000.0,0.15511033145600592,31750000000.0,12118000000.0,12669000000.0,11784000000.0,19389000000.0,2354000000.0,9289000000.0,24488445940.350002,30121445940.350002,18.5538898020209,1.07510183299389,0.18973228346456694,0.49711173460967156,0.040720278492932006,18.5538898020209,0.047119986796501076,2.26095890872034,10.721736401204028,2.020832310641195,0.2276707530647986,3.887425658453696,0.005308625966574585,0.3411338582677165,0.6491853360488798,0.017984251968503936,31.844533082379716,0.15511033145600592,2.952386366220242,0.12761393601816734,-0.04816797492868163,0.0509778118002575,0.12903225806451613,2.858108108108108,0.7355163727959698,0.34365771598438744,0.24749699769163824,0.26480768194796106,Building Products & Equipment,Industrials,JCI
2013Q2,2013,Q2,2013-04-26,2013-03-29,148000000.0,10430000000.0,397000000.0,0.219895,1488000000.0,0.1426653883029722,31857000000.0,11798000000.0,12826000000.0,12101000000.0,19825000000.0,2298000000.0,8846000000.0,23985268120.0,30174268120.0,18.071864689249093,1.0599124039335592,0.2093731362024045,0.5653500593320901,0.009687094748905393,18.071864689249093,0.012544499067638583,2.299642197507191,40.51565560810811,2.0329944160027127,0.0,3.8912097476066143,0.0,0.3274005713030103,0.64440955292951,0.004645760743321719,-315.5956331578947,0.1426653883029722,-0.5947719042836477,-0.5581614741008729,-0.0432927994049504,0.060872328178550976,-0.013262599469496022,-0.5819209039548022,-0.12938596491228072,-0.469256789944177,0.2322275123255624,0.23233999083012943,Building Products & Equipment,Industrials,JCI
2013Q1,2013,Q1,2013-01-29,2012-12-28,354000000.0,10422000000.0,456000000.0,0.542645,1508000000.0,0.1446939167146421,31232000000.0,11858000000.0,12828000000.0,10768000000.0,19219000000.0,2260000000.0,8767000000.0,20577929139.9,26711929139.9,18.177066208024552,1.1913075780089153,0.20645491803278687,0.5437679203912971,0.019927892494264177,18.177066208024552,0.029853263619497385,1.97447026865285,14.532435833262712,1.7353625518552875,0.7146892655367232,3.9442477876106197,0.012294725979468965,0.33369620901639346,0.687592867756315,0.01133452868852459,-281.88944027260277,0.1446939167146421,45.21813885267275,0.29556433904259993,-0.0548883661769437,0.12441788416094553,-0.0575,9.114285714285714,0.6462093862815884,-0.00707949055775136,0.21685163386648526,0.244628597470513,Building Products & Equipment,Industrials,JCI
2012Q4,2012,Q4,2012-11-16,2012-09-28,35000000.0,10392000000.0,277000000.0,-0.012272,1600000000.0,0.15396458814472672,30884000000.0,11555000000.0,12673000000.0,10855000000.0,19181000000.0,2227000000.0,8541000000.0,18712171138.399998,24515171138.399998,17.725573454132107,1.1674804237678489,0.19647714026680482,0.5251406317611423,0.024535563973355223,17.725573454132107,0.003028991778450887,1.8006323266358735,133.6583652742857,1.6194003581479879,3.5142857142857142,3.94791198922317,0.00657326181394241,0.33648491128092217,0.6976508521418701,0.0011332728921124207,47.252957420202016,0.15396458814472672,-1.01921273501236,-0.9480376224599507,-0.20212834863222637,-0.1024774191294959,0.04098893949251789,-0.9160671462829736,-0.4917431192660551,-0.9223275751425741,-0.12055221000740593,-0.1581419480090463,Building Products & Equipment,Industrials,JCI
2012Q3,2012,Q3,2012-07-31,2012-06-29,417000000.0,10581000000.0,545000000.0,0.638743,1537000000.0,0.1452603723655609,31002000000.0,11596000000.0,12566000000.0,10811000000.0,19045000000.0,2362000000.0,0.0,18934926817.5,24991926817.5,17.77805033230359,1.162334659143465,0.21479259402619186,0.5742497412901,0.026182215787803297,17.77805033230359,0.03596067609520524,1.7895214835554296,11.351874590827338,1.6328843409365297,0.29256594724220625,3.8289585097375105,0.006443119700216925,0.3413005612541126,0.7175099435759874,0.013450745113218502,110.08678382267442,0.1452603723655609,0.15094220630155644,-0.9240619748689242,-0.9143714282514194,-0.8993583201335518,-0.007746933505487412,0.14560439560439561,0.13541666666666666,1.2275408923101796,0.32011191491227514,0.22728081179688858,Building Products & Equipment,Industrials,JCI
2012Q2,2012,Q2,2012-04-26,2012-03-30,364000000.0,10565000000.0,480000000.0,0.554974,1549000000.0,0.14661618551822053,30973000000.0,11595000000.0,12362000000.0,10555000000.0,18910000000.0,2374000000.0,0.0,22096938980.0,28179938980.0,17.85494302433015,1.1711984841307437,0.2041455461208149,0.5453212591634325,0.021711812594291557,17.85494302433015,0.03139284174213023,2.091522856601988,15.176469079670328,1.9057299680896937,0.33791208791208793,3.797809604043808,0.00556638184643256,0.34110354179446617,0.7240170535291331,0.011752171245923869,-107.78994624390243,0.14661618551822053,-0.11666602999974546,-0.8846348887772247,-0.910098390205764,-0.8927864384723653,0.011096605744125326,-0.11219512195121951,0.0041841004184100415,2.6463761048460834,0.46043127940012113,0.28123454951600885,Building Products & Equipment,Industrials,JCI
2012Q1,2012,Q1,2012-01-31,2011-12-30,410000000.0,10417000000.0,478000000.0,0.628272,1532000000.0,0.14706729384659692,29683000000.0,11137000000.0,11837000000.0,10103000000.0,18123000000.0,2283000000.0,0.0,21266940840.000004,27008940840.000004,17.149676624576532,1.1716321884588736,0.20156318431425396,0.5372182814043279,0.022631419913862076,17.149676624576532,0.03681422286073449,2.0415609906882985,12.967646853658538,1.9095753649995513,0.2658536585365854,3.891809023215068,0.0051253257729944384,0.3509416164134353,0.705631990497872,0.013812620018192232,-33.491245417322844,0.14706729384659692,-0.3195069644520503,-0.8183912103099917,-0.908952604059139,-0.8945414876484642,-0.11547344110854503,-0.2379182156133829,-0.20860927152317882,1.5885618227554181,0.23935337016485986,0.16929003828164252,Building Products & Equipment,Industrials,JCI
2011Q4,2011,Q4,2011-11-16,2011-09-30,538000000.0,10788000000.0,604000000.0,0.92326,1732000000.0,0.16054875787912495,29676000000.0,11042000000.0,12015000000.0,10782000000.0,18236000000.0,2316000000.0,8922000000.0,11879051000.0,16768051000.0,25.67906976744186,1.1143572621035058,0.17340611942310286,0.4660387610940047,0.031957459492222,25.67906976744186,0.04872305741713458,1.1011356136447905,5.5200051115241635,1.0758061039666726,0.20260223048327136,3.9101899827288427,0.009175817159131652,0.36352608168216743,0.6870710443331478,0.018129127914813317,73.32747530864198,0.16054875787912495,0.6956013098183115,-0.8386108607881138,-0.8570520737623056,-0.8378714136088407,0.11741935483870967,0.5070028011204482,0.32456140350877194,33.09418604651162,0.17530141104095187,0.18803845698266664,Building Products & Equipment,Industrials,JCI
2011Q3,2011,Q3,2011-07-28,2011-06-24,357000000.0,10364000000.0,456000000.0,0.544503,1550000000.0,0.14955615592435353,29869000000.0,11361000000.0,12558000000.0,11154000000.0,18161000000.0,2451000000.0,0.0,26609070264.000004,31450070264.000004,17.52037566794408,1.1258741258741258,0.173290033144732,0.45559369773787517,0.02234183654589637,17.52037566794408,0.031423290203327174,2.567451781551525,18.633802705882356,2.3421415600739377,0.3025210084033613,3.5960832313341493,0.0040587663878702135,0.3469818206166929,0.6660390891160122,0.01195219123505976,-604.751596909091,0.14955615592435353,0.01960934852096587,-0.9240212140733036,-0.9111400064694974,-0.881711588150291,0.051560379918588875,0.00847457627118644,-0.008695652173913044,-0.28990677030739964,-0.08263537132735224,-0.007565191024863611,Building Products & Equipment,Industrials,JCI
2011Q2,2011,Q2,2011-04-28,2011-03-25,354000000.0,10144000000.0,460000000.0,0.534031,1474000000.0,0.145307570977918,28668000000.0,10976000000.0,12206000000.0,10172000000.0,17339000000.0,2239000000.0,0.0,28053554005.100002,32193554005.100002,16.9691329060645,1.1999606763664963,0.1583996093204967,0.41372084548104954,0.02402797610769852,16.9691329060645,0.03225218658892128,2.765531743404969,19.81183192450565,2.5558995995900147,0.307909604519774,3.8722644037516747,0.0038854257104174506,0.3538440072554765,0.7222768383798663,0.01234826287149435,-140.2677700255,0.145307570977918,-0.07272762000013883,-0.8462754369847576,-0.9110039698855626,-0.8770219792991856,0.042432814710042434,-0.056,-0.014989293361884369,0.06666023850507082,-0.06087164528793339,-0.0038613146579554204,Building Products & Equipment,Industrials,JCI
2011Q1,2011,Q1,2011-01-27,2010-12-24,375000000.0,9537000000.0,467000000.0,0.575916,1414000000.0,0.14826465345496487,25993000000.0,10431000000.0,10715000000.0,9789000000.0,15241000000.0,1939000000.0,0.0,25968530849.5,29181530849.5,16.133697324970807,1.0945959750740628,0.1359596814526988,0.33879781420765026,0.027061486188218683,16.133697324970807,0.0359505320678746,2.722924488780539,17.312353899666665,2.4895533361614417,0.232,4.189272821041774,0.0033502087778552593,0.3669064748201439,0.6602308713862499,0.014426961104912862,-155.5001847275449,0.14826465345496487,-0.012709786913068129,-0.8389783914978114,-0.9100204851553569,-0.879427296300442,-0.051643192488262914,-0.16481069042316257,-0.07707509881422925,0.3847858197932055,-0.12735131297864954,-0.001983180221451579,Building Products & Equipment,Industrials,JCI
2010Q4,2010,Q4,2010-11-12,2010-09-24,449000000.0,9040000000.0,506000000.0,0.58333,1491000000.0,0.16493362831858407,25743000000.0,10071000000.0,10652000000.0,9910000000.0,15370000000.0,1786000000.0,7765000000.0,14274122400.0,17103122400.0,22.085526315789473,1.0748738647830474,0.1316474381385231,0.33651077350809255,0.03254409785800773,22.085526315789473,0.04458345745209016,1.5789958407079645,7.947729621380846,1.4173490616621984,0.19599109131403117,4.226763717805151,0.006165002480292588,0.3511634230664647,0.6715438950554995,0.01744163461911976,-110.65211162790698,0.16493362831858407,-0.08675320120924995,-0.8411229781752654,-0.860257181483333,-0.8330588893491011,0.1135175504107543,0.07416267942583732,0.13963963963963963,-0.04704559144642717,-0.007781911776444865,0.11828588395880228,Building Products & Equipment,Industrials,JCI
2010Q3,2010,Q3,2010-07-29,2010-06-25,418000000.0,8540000000.0,444000000.0,0.638743,1339000000.0,0.15679156908665107,24086000000.0,9424000000.0,10118000000.0,9032000000.0,14441000000.0,1644000000.0,0.0,18683041394.15,21140041394.15,14.669336743310733,1.120239149689991,0.13970771402474466,0.35706706281833617,0.032362329976886255,14.669336743310733,0.04435483870967742,2.187709765122951,11.174067819467705,1.9824959034539475,0.20813397129186603,4.380170316301703,0.00465662940870223,0.3545628165739434,0.704162976085031,0.01735447978078552,119.76308585993591,0.15679156908665107,0.5249995224998089,-0.8831998969321229,-0.9139363230101542,-0.8839029240788584,0.09484873262469337,0.5255474452554745,0.18085106382978725,-0.922714361122591,-0.929830378726262,-0.9169567717056797,Building Products & Equipment,Industrials,JCI
2010Q2,2010,Q2,2010-04-27,2010-03-26,274000000.0,8317000000.0,376000000.0,0.418848,1223000000.0,0.14704821450042083,23809000000.0,9407000000.0,9904000000.0,8815000000.0,14183000000.0,1579000000.0,0.0,22102739210.7,24711739210.7,14.664674378598649,1.123539421440726,0.14192112226468984,0.35920059530137133,0.0227446034725481,14.664674378598649,0.029127245668119486,2.657537478742335,20.166732856478102,2.349605528935899,0.3175182481751825,4.492716909436352,0.003936163711232816,0.3493216850770717,0.7034600113442995,0.011508253181569995,279.78150899620255,0.14704821450042083,-0.22171515214579832,-0.9037924059928883,-0.9167171704674374,-0.8824830282243046,-0.010517799352750809,-0.21714285714285714,0.06515580736543909,-0.9120861635188907,-0.9283529632926086,-0.9119430419559347,Building Products & Equipment,Industrials,JCI
2010Q1,2010,Q1,2010-01-28,2009-12-25,350000000.0,8408000000.0,353000000.0,0.538168,1236000000.0,0.14700285442435776,23805000000.0,9353000000.0,9676000000.0,8387000000.0,14249000000.0,1571000000.0,0.0,18711943256.3,21364943256.3,14.60440989783315,1.1536902348873257,0.14467548834278512,0.3682240992195018,0.027212830163403777,14.60440989783315,0.037421148294664815,2.2254927754876306,13.365673754500001,2.000635438501016,0.22,4.56524506683641,0.0041150188916950345,0.3532031085906322,0.708835101943484,0.014702793530770846,29.65442671362916,0.14700285442435776,0.13934158992272677,-0.8517270835279992,-0.9140089537881751,-0.8804559136247538,0.08136482939632546,0.16666666666666666,-0.07591623036649214,-0.8427949781185325,-0.9254817012407659,-0.9101930972045043,Building Products & Equipment,Industrials,JCI
2009Q4,2009,Q4,2009-11-17,2009-09-25,300000000.0,7867000000.0,382000000.0,0.47235,1143000000.0,0.14529045379433075,24088000000.0,9138000000.0,9826000000.0,8716000000.0,14749000000.0,1521000000.0,6653000000.0,11362120000.0,14567120000.0,21.055299539170505,1.1273519963285912,0.16464629691132515,0.4340118187787262,0.03908351972511264,21.055299539170505,0.03282994090610637,1.4442760899961866,9.468433333333333,1.2433924272269643,0.26,4.42077580539119,0.006864916054398299,0.3265941547658585,0.7215465810004589,0.012454334108269677,22.366377952755904,0.14529045379433075,0.7349798531502179,-0.8865311819516889,-0.8797792087579632,-0.8187659116865769,0.10009624639076034,0.8404907975460123,0.5158730158730159,-0.9108354934715822,-0.8967179622784202,-0.867064267465939,Building Products & Equipment,Industrials,JCI
2009Q3,2009,Q3,2009-07-30,2009-06-26,163000000.0,6979000000.0,252000000.0,0.272251,1039000000.0,0.1488751970196303,22466000000.0,8227000000.0,8739000000.0,7943000000.0,14037000000.0,1561000000.0,0.0,12679113424.8,16914113424.8,14.48572336617433,1.1002140249276091,0.21267693403365084,0.5807706332806613,0.014912378613684564,14.48572336617433,0.019812811474413515,1.8167521743516262,19.446492982822082,1.5411587972286374,0.4723926380368098,3.8052530429212044,0.006072979822815537,0.3106472002136562,0.6865164295606194,0.007255408172349328,39.25422112941176,0.1488751970196303,1.7878772970626537,-0.9414342360365565,-0.917932347656026,-0.8663761537745887,0.5234604105571847,1.8445595854922279,3.0826446280991737,-0.9603919397723355,-0.9316806214766642,-0.9021999731082221,Building Products & Equipment,Industrials,JCI
2009Q2,2009,Q2,2009-04-30,2009-03-27,-193000000.0,6315000000.0,-121000000.0,-0.34555,682000000.0,0.10799683293745052,21724000000.0,7900000000.0,8452000000.0,7687000000.0,13625000000.0,1648000000.0,0.0,7447264344.8,11927264344.8,13.93573333709657,1.0995186678808377,0.22053949548886026,0.6064556962025316,-0.0051171516942635515,13.93573333709657,-0.024430379746835443,1.1792976001266826,-9.64671547253886,0.9426916892151899,-0.39896373056994816,3.4180825242718447,0.010339367106495247,0.2906923218560118,0.6577338363470795,-0.008884183391640581,310.30268103333333,0.10799683293745052,0.6764703954729262,-1.0979321599064722,-0.9236676694120833,-0.8674523088285403,-0.004379562043795621,0.6825657894736842,0.3045977011494253,-1.0956278733055282,-0.9367847394908947,-0.8990055112245594,Building Products & Equipment,Industrials,JCI
2009Q1,2009,Q1,2009-02-03,2008-12-26,-608000000.0,7336000000.0,-174000000.0,-1.068063,685000000.0,0.09337513631406762,22304000000.0,8313000000.0,8717000000.0,8541000000.0,13762000000.0,1935000000.0,0.0,10058696459.75,14469696459.75,14.666743120277703,1.020606486359911,0.2068238880918221,0.5549139901359317,-0.02236184282282755,14.666743120277703,-0.07313845783712258,1.371141829300709,-4.135977162726152,1.209995965325394,-0.12664473684210525,3.437209302325581,0.007655067464071161,0.32890961262553803,0.6164383561643836,-0.027259684361549498,-17.19435292264957,0.09337513631406762,-2.0729880149887987,-1.1467763045483923,-0.9543671163638054,-0.9279458693819814,-0.5189606741573034,-39.0,-1.3031358885017421,-1.2977998108631816,-0.9210487277812766,-0.8903903527592691,Building Products & Equipment,Industrials,JCI
2008Q4,2008,Q4,2008-11-19,2008-09-26,16000000.0,9307000000.0,574000000.0,0.99541,1424000000.0,0.15300311593424304,24987000000.0,9424000000.0,10676000000.0,9810000000.0,15327000000.0,2099000000.0,7300000000.0,14196160000.000002,17756160000.0,21.61467889908257,1.0882772680937818,0.15784207788049787,0.41850594227504245,0.000766756433273491,21.61467889908257,0.001697792869269949,1.5253207263350168,221.815,1.506383701188455,4.8125,3.755597903763697,0.005424001983635011,0.37247368631688477,0.6988786952089704,0.0006403329731460359,22.043726708074537,0.15300311593424304,0.3022142915078271,-0.9168773190853173,0.7753919041517826,1.5310878770896683,-0.04107744107744108,-0.9635535307517085,-0.05592105263157895,-0.9940787542590402,-0.8495302722248246,-0.8366179528537802,Building Products & Equipment,Industrials,JCI
2008Q3,2008,Q3,2008-08-05,2008-06-27,439000000.0,9865000000.0,608000000.0,0.764398,1485000000.0,0.15053218449062342,25243000000.0,9996000000.0,11093000000.0,9736000000.0,15091000000.0,2292000000.0,0.0,17006515926.4,20879515926.4,17.65393102851456,1.1393796220213641,0.16357009864120747,0.41306522609043617,0.03400196656833825,17.65393102851456,0.043917567026810725,1.7239245743943232,9.68480405831435,1.701332125490196,0.17539863325740318,3.656195462478185,0.004527676352595498,0.39080141029196214,0.7090180772391126,0.017390959870062988,46.97932576353591,0.15053218449062342,0.5208329188369697,-0.912271516936825,-0.9371525273908403,-0.9078901596396568,0.13358778625954199,0.5190311418685121,0.44075829383886256,-0.8608217274530063,-0.8872025989595265,-0.860282042277156,Building Products & Equipment,Industrials,JCI
2008Q2,2008,Q2,2008-05-06,2008-03-28,289000000.0,9406000000.0,422000000.0,0.502618,1310000000.0,0.1392728045928131,24619000000.0,9595000000.0,10609000000.0,9513000000.0,14874000000.0,2209000000.0,0.0,19549232778.1752,23634232778.1752,17.034910053952782,1.1152107642173867,0.1753929891547179,0.45002605523710265,0.023982923783846127,17.034910053952782,0.030119854090672225,2.078378989812375,16.9111010191827,2.037439580841605,0.2698961937716263,3.6650067904028973,0.003989926401975189,0.3820626345505504,0.7026174708293914,0.011738900848937812,157.6551030498,0.1392728045928131,0.23076960749503528,-0.9160958900858795,-0.9343984022795437,-0.9032431699673186,0.0022953328232593728,0.2297872340425532,0.18207282913165265,-0.8844339633553383,-0.8927327046451473,-0.86348888544478,Building Products & Equipment,Industrials,JCI
2008Q1,2008,Q1,2008-02-05,2007-12-28,235000000.0,9484000000.0,357000000.0,0.408377,1307000000.0,0.13781105018979334,23803000000.0,9070000000.0,10229000000.0,9252000000.0,14600000000.0,2070000000.0,0.0,21630305925.0,25547305925.0,16.16575693438788,1.1055987894509296,0.18165777423013907,0.47673649393605294,0.021060812646719718,16.16575693438788,0.025909592061742006,2.2807155129692114,23.01096375,2.3848187348401324,0.2765957446808511,3.9502415458937197,0.0030050430273791885,0.3984371717850691,0.7119541720709036,0.00987270512120321,-2403.367325,0.13781105018979334,0.01755911593950108,-0.9366736057039722,-0.9307740051418034,-0.906336282951252,-0.08280701754385965,-0.4957081545064378,-0.4413145539906103,-0.8863636368158585,-0.8892846714229127,-0.8676755406890881,Building Products & Equipment,Industrials,JCI
2007Q4,2007,Q4,2007-11-27,2007-09-28,466000000.0,9011000000.0,639000000.0,0.40133,1425000000.0,0.15814005104871823,24105000000.0,8907000000.0,10872000000.0,9920000000.0,15070000000.0,1968000000.0,6698000000.0,55804169300.0,59548169300.0,19.749445676274945,1.0959677419354839,0.18328147687201826,0.4960143707196587,0.03791034937376401,19.749445676274945,0.05231840125743797,6.192894162690045,29.937859066523608,6.265203693724037,0.0,3.8546747967479673,0.0,0.3738228583281477,0.7332661290322581,0.019332088778261772,68.053865,0.15814005104871823,-0.9516073059426803,-0.8855251613503966,-0.9191888340917653,-0.8870003183450481,0.029624277456647398,0.17676767676767677,0.15551537070524413,-0.8303888570778815,-0.8674875727346333,-0.8300060858703805,Building Products & Equipment,Industrials,JCI
2007Q3,2007,Q3,2007-08-06,2007-06-29,396000000.0,8911000000.0,553000000.0,8.293194,1384000000.0,0.15531365727752217,23279000000.0,8309000000.0,10147000000.0,9381000000.0,14838000000.0,1968000000.0,0.0,22819286915.3908,27247286915.3908,176.6469951206609,1.0816544078456454,0.19833326173804716,0.555662534601035,0.03374834254194733,176.6469951206609,0.04765916476110242,2.5607997885075524,14.406115476888132,2.746333724321916,0.16414141414141414,3.8246951219512195,0.002848467624821344,0.382791357017054,0.697260419997868,0.017011039993126854,230.49784763021012,0.15531365727752217,0.7368422044667613,0.014395141329544791,-0.23882878345988814,0.05349111715850509,0.1601005867560771,0.7368421052631579,0.6656626506024096,0.7179487337572259,0.2652142091807597,0.6294837555232187,Building Products & Equipment,Industrials,JCI
2007Q2,2007,Q2,2007-05-08,2007-03-30,228000000.0,8492000000.0,332000000.0,4.774869,1193000000.0,0.14048516250588788,22487000000.0,7815000000.0,9443000000.0,8777000000.0,14530000000.0,1847000000.0,0.0,18606577460.827198,23055577460.827198,166.53623636714977,1.0758801412783412,0.20549650909414327,0.5912987843889955,0.02508731228713709,166.53623636714977,0.029174664107485603,2.1910712977893545,20.401948970205265,2.3808800333752016,0.5526315789473685,3.9518137520303194,0.0067717988579721515,0.377640414461689,0.695567961718127,0.010139191532885667,76.25646500339016,0.14048516250588788,0.39024385983045834,-0.10173118440024827,-0.20157683194657244,0.05956919374858259,0.11080074487895716,0.4074074074074074,0.22509225092250923,0.3975903655536999,0.2400014134925049,0.5839850758402347,Building Products & Equipment,Industrials,JCI
2007Q1,2007,Q1,2007-02-06,2006-12-29,162000000.0,8210000000.0,271000000.0,3.434555,1074000000.0,0.13081607795371497,22196000000.0,7578000000.0,9283000000.0,8036000000.0,14487000000.0,1784000000.0,0.0,,,,,,,,,,,,,,,,,,,,,,,,,,,,,,,Building Products & Equipment,Industrials,JCI
