Quarters,Year,Quarter,FillingDate,Date,NetIncome,Revenue,OperatingIncome,EPSDiluted,GrossProfit,GrossProfitRatio,TotalAssets,CommonStockEquity,CurrentAssets,CurrentLiability,TotalLiability,Inventory,RetainedEarnings,MarketCap,EnterpriseValue,bookValuePerShare,currentRatio,debtToAssets,debtToEquity,roic,shareholdersEquityPerShare,roe,priceToSalesRatio,peRatio,pbRatio,payoutRatio,inventoryTurnover,dividendYield,assetTurnover,quickRatio,returnOnAssets,priceToFreeCashFlowsRatio,grossProfitMargin,epsdilutedGrowth,fiveYNetIncomeGrowthPerShare,fiveYRevenueGrowthPerShare,fiveYShareholdersEquityGrowthPerShare,grossProfitGrowth,netIncomeGrowth,operatingIncomeGrowth,threeYNetIncomeGrowthPerShare,threeYRevenueGrowthPerShare,threeYShareholdersEquityGrowthPerShare,Industry,Sector,Symbol
2024Q1,2024,Q1,2023-06-08,2023-05-05,224000000.0,3277000000.0,971000000.0,0.52,2633000000.0,0.8034787916,30574000000.0,1867000000.0,9598000000.0,11673000000.0,28707000000.0,0.0,663000000.0,53467076827.6,58183076827.6,4.33410715059662,0.8222393557782918,0.3684176097337607,6.0332083556507765,0.05214610230037999,4.33410715059662,0.11997857525441885,16.315861100884955,59.673076816517856,28.63796294997322,0.0,0.0,0.0,0.10718257342840322,0.7746080699049087,0.0073264865572054685,32.50278226601824,0.8034787915776624,-0.5517241379310345,-0.7729257642229603,0.5584162878489614,-0.8154398488333794,-0.13869807000327117,-0.5465587044534413,-0.18812709030100336,-0.43478260821348114,0.1674350664472956,-0.755191086814577,Software—Infrastructure,Technology,VMW
2023Q4,2023,Q4,2023-03-28,2023-02-03,494000000.0,3715000000.0,1196000000.0,1.16,3057000000.0,0.8228802153,31237000000.0,1534000000.0,10231000000.0,12391000000.0,29703000000.0,0.0,439000000.0,52059493123.11,58244493123.11,3.588109848827529,0.8256799289807119,0.36127028843999104,7.35658409387223,0.06492411615362435,3.588109848827529,0.3220338983050847,14.013322509585464,26.34589732950911,33.93708808546936,3.5384615384615383,0.0,0.033576969254509245,0.11892947466145917,0.7818578000161408,0.01581457886480776,34.49933275222664,0.8228802153432032,1.148148148148148,2.0483167850294706,0.5016375000518537,-0.8158009547638818,0.17939814814814814,1.1385281385281385,2.066666666666667,0.5248477146975196,0.011629184045595783,-0.7824672272204648,Software—Infrastructure,Technology,VMW
2023Q3,2023,Q3,2022-12-02,2022-10-28,231000000.0,3211000000.0,390000000.0,0.54,2592000000.0,0.8072251635,28126000000.0,806000000.0,7318000000.0,10403000000.0,27320000000.0,0.0,-55000000.0,48403055467.55,55966055467.55,1.884155847581582,0.7034509276170335,0.4101187513332859,14.311414392059554,0.021411204935818672,1.884155847581582,0.2866004962779156,15.074137486001247,52.38425916401515,60.05341869423077,0.0,0.0,0.0,0.11416482969494418,0.6442372392579063,0.00821304131408661,41.834965831936046,0.8072251635004671,-0.34146341463414626,-0.4984480807585163,0.563007306770403,-0.9063026801839352,-0.05124450951683748,-0.33429394812680113,-0.31095406360424027,-0.6313405793297101,0.29573711743763614,-0.8626068847174253,Software—Infrastructure,Technology,VMW
2023Q2,2023,Q2,2022-09-02,2022-07-29,347000000.0,3336000000.0,566000000.0,0.82,2732000000.0,0.8189448441,27993000000.0,140000000.0,7218000000.0,9481000000.0,27853000000.0,0.0,-286000000.0,49172438942.200005,58000438942.200005,0.3308357354232989,0.7613120978799705,0.4311792233772729,86.21428571428571,0.031302011771285346,0.3308357354232989,2.4785714285714286,14.739939730875301,35.426829209077816,351.23170673000004,2.161383285302594,0.0,0.015252446617130206,0.1191726503054335,0.6942305663959498,0.012395956131890115,173.1423906415493,0.8189448441247003,0.4385964912280702,0.017108640861742942,0.7189244020256861,-0.984060876977956,0.09895414320193081,0.43388429752066116,0.3872549019607843,-0.9292095588544733,0.37452863925244056,-0.97293875521861,Software—Infrastructure,Technology,VMW
2023Q1,2023,Q1,2022-06-03,2022-04-29,242000000.0,3088000000.0,408000000.0,0.57,2486000000.0,0.8050518135,27434000000.0,-411000000.0,6643000000.0,8892000000.0,27845000000.0,0.0,-633000000.0,45869613980.12,55003613980.12,-0.9680578523997387,0.7470760233918129,0.4685062331413574,-31.272506082725062,0.02251659737032706,-0.9680578523997387,-0.5888077858880778,14.85414960496114,47.385964855495864,-111.60490019493918,0.0,0.0,0.0,0.11256105562440767,0.6721772379667117,0.008821170809943865,51.02292990002225,0.8050518134715026,-0.5899280575539568,0.020236704196735754,0.7398072387215994,-1.0498252509754724,-0.14979480164158687,-0.5870307167235495,-0.47959183673469385,-0.5180776500363511,0.3704729443285082,-1.7367701812488412,Software—Infrastructure,Technology,VMW
2022Q4,2022,Q4,2022-03-24,2022-01-28,586000000.0,3531000000.0,784000000.0,1.39,2924000000.0,0.8280940244,28676000000.0,-876000000.0,7966000000.0,9651000000.0,29552000000.0,0.0,-875000000.0,54465960230.21999,64599960230.21999,-2.077015433526362,0.8254066936068801,0.4794253033895941,-15.69406392694064,0.04982750540682618,-2.077015433526362,-0.6689497716894978,15.425080778878502,23.2363311562372,-62.17575368746575,19.62286689419795,0.0,0.2111226893163241,0.12313432835820895,0.7634442026732982,0.02043520714186079,53.713964724082835,0.8280940243557066,0.4787234042553191,0.33725148045078523,0.7478912156457943,-1.1088764689997739,0.11859219586840092,0.4723618090452261,0.5105973025048169,0.13555278821364383,0.32569535223763074,-2.546557019265395,Software—Infrastructure,Technology,VMW
2022Q3,2022,Q3,2021-12-03,2021-10-29,398000000.0,3188000000.0,519000000.0,0.94,2614000000.0,0.8199498118,35710000000.0,10225000000.0,15445000000.0,9808000000.0,25485000000.0,0.0,8301000000.0,64230425483.49999,63283425483.49999,24.149497505640326,1.5747349102773247,0.3235228227387286,1.129877750611247,0.019944209664756875,24.149497505640326,0.038924205378973106,20.147561318538266,40.3457446504397,6.281704203765281,0.0,0.0,0.0,0.08927471296555586,1.515905383360522,0.01114533744049286,65.27482264583332,0.8199498117942283,-0.03092783505154642,0.25333333329582086,0.8011951018146377,0.2627964426296025,0.013571151609150834,-0.031630170316301706,-0.011428571428571429,0.16049382800049256,0.41124319792633673,-0.0873484605927901,Software—Infrastructure,Technology,VMW
2022Q2,2022,Q2,2021-09-03,2021-07-30,411000000.0,3138000000.0,525000000.0,0.97,2579000000.0,0.821861058,29464000000.0,9620000000.0,9174000000.0,8275000000.0,19844000000.0,0.0,7903000000.0,65141381411.600006,65189381411.600006,22.704136264089605,1.1086404833836858,0.20034618517512898,0.6136174636174636,0.02735206875570429,22.704136264089605,0.042723492723492726,20.75888508973869,39.62371132092458,6.77145336918919,0.0,0.0,0.0,0.10650285093673635,1.0356495468277946,0.013949226174314417,83.83704171377092,0.8218610579987253,-0.03960396039603964,0.5645161267235859,0.8697350842089617,0.12369004806914695,0.04709703613479497,-0.03294117647058824,-0.06082289803220036,-0.3782051291384172,0.40632138306483,-0.09808187480184391,Software—Infrastructure,Technology,VMW
2022Q1,2022,Q1,2021-06-07,2021-04-30,425000000.0,2994000000.0,559000000.0,1.01,2463000000.0,0.8226452906,28811000000.0,9453000000.0,8536000000.0,7845000000.0,19358000000.0,0.0,7492000000.0,67675990065.57001,67961990065.57001,22.464776481688478,1.0880815806246016,0.2040887161153726,0.6220247540463345,0.030130513348105938,22.464776481688478,0.04495927218872316,22.603871097384772,39.80940592092353,7.159207665880674,0.0,0.0,0.0,0.10391864218527645,1.0196303377947737,0.014751310263441047,56.585275974556865,0.8226452905811623,-0.456989247311828,1.6578947348536854,0.8971541563254157,0.15104257787770728,-0.10076670317634173,-0.46270543615676357,-0.44543650793650796,-0.5589519656950216,0.45759191640025476,-0.04337793245050941,Software—Infrastructure,Technology,VMW
2021Q4,2021,Q4,2021-03-26,2021-01-29,791000000.0,3294000000.0,1008000000.0,1.86,2739000000.0,0.8315118397,29016000000.0,9051000000.0,8612000000.0,8386000000.0,19965000000.0,0.0,7067000000.0,58531386940.649994,59717386940.649994,21.316432348769222,1.02694967803482,0.20257788806175903,0.6494310020992156,0.0522279792746114,21.316432348769222,0.08739365815931942,17.7690913602459,18.49917412789191,6.466841999850844,0.0,0.0,0.0,0.11352357320099256,0.9637491056522776,0.027260821615660326,47.12672056413043,0.831511839708561,0.823529411764706,1.1061758915597508,0.7560483887676297,0.1381931771489958,0.16652470187393525,0.8225806451612904,0.5531587057010786,2.6901282411747953,0.34062547141768107,0.09429940885634541,Software—Infrastructure,Technology,VMW
2021Q3,2021,Q3,2020-12-07,2020-10-30,434000000.0,2864000000.0,649000000.0,1.02,2348000000.0,0.8198324022,27324000000.0,8476000000.0,6832000000.0,7627000000.0,18848000000.0,0.0,6276000000.0,54773352931.079994,56764352931.079994,19.920552999063695,0.895765045234037,0.21552481335090032,0.6947852760736196,0.03329768699138648,19.920552999063695,0.0512033978291647,19.124774068114522,31.55147058241935,6.4621700013072205,0.0,0.0,0.0,0.10481627872932221,0.8337485249770552,0.015883472405211537,60.389584268004405,0.8198324022346368,-0.03773584905660381,0.6999999976571141,0.7176548385473861,0.12889307118964097,-0.016338500209467952,-0.029082774049217,0.2153558052434457,-0.05262415409173419,0.4015944784975048,-0.00936940664335284,Software—Infrastructure,Technology,VMW
2021Q2,2021,Q2,2020-09-04,2020-07-31,447000000.0,2875000000.0,534000000.0,1.06,2387000000.0,0.8302608696,28175000000.0,7907000000.0,8027000000.0,9126000000.0,20268000000.0,0.0,5842000000.0,59126292423.73,61688292423.73,18.750380322427482,0.8795748411133026,0.25785270629991125,0.9188061211584672,0.03022742943760934,18.750380322427482,0.0565321866700392,20.565666929993046,33.068396210139824,7.477714989721766,0.0,0.0,0.0,0.10204081632653061,0.8294981371904449,0.015865128660159718,91.81101308032609,0.8302608695652174,0.15217391304347827,0.709677416841452,0.7212082412725662,-0.07199219028876025,0.06088888888888889,0.15803108808290156,0.27751196172248804,0.3147989732219551,0.4865603603395528,-0.09663743462630313,Software—Infrastructure,Technology,VMW
2021Q1,2021,Q1,2020-06-08,2020-05-01,386000000.0,2734000000.0,418000000.0,0.92,2250000000.0,0.8229700073,28442000000.0,7428000000.0,8705000000.0,10047000000.0,21014000000.0,0.0,5395000000.0,52588304298.78,55159304298.78,17.704041467288743,0.8664277893898676,0.29945151536460163,1.1466074313408723,0.026204019374486794,17.704041467288743,0.05196553581044696,19.23493207709583,34.059782576930054,7.079739404789984,0.0,0.0,0.0,0.09612544828071162,0.8209415745993829,0.013571478798959286,40.86115330130536,0.8229700073152889,0.21052631578947373,1.0444444437434706,0.8783569495584215,0.03089486724972771,-0.2365117068204954,0.19875776397515527,0.25149700598802394,0.6466978379150908,0.5587030488399976,-0.08878554396190544,Software—Infrastructure,Technology,VMW
2020Q4,2020,Q4,2020-03-26,2020-01-31,322000000.0,3650000000.0,334000000.0,0.76,2947000000.0,0.8073972603,26294000000.0,7009000000.0,6691000000.0,10324000000.0,19285000000.0,0.0,5009000000.0,62914792744.98,66493792744.98,16.494571383338187,0.6481015110422317,0.2469764965391344,0.9265230418033956,0.030683577825053307,16.494571383338187,0.04594093308603225,17.236929519172605,48.846888777158384,8.97628659508917,0.0,0.0,0.0,0.13881493876930098,0.6058698179000388,0.012246139803757512,61.741700436683026,0.8073972602739726,-0.2083333333333333,0.007897976712393341,1.1883239347389571,-0.056573947322803526,0.4181905678537055,-0.48148148148148145,-0.5187319884726225,-0.2706756722880802,0.7933245916011457,-0.13535996849404971,Software—Infrastructure,Technology,VMW
2020Q3,2020,Q3,2019-12-06,2019-11-01,621000000.0,2456000000.0,694000000.0,0.96,2078000000.0,0.8460912052,22002000000.0,5814000000.0,4641000000.0,7948000000.0,16188000000.0,0.0,5761000000.0,69130645778.98,72596645778.98,13.713611804393995,0.5839204831404127,0.24956822107081175,0.9444444444444444,0.054155837987120946,13.713611804393995,0.10681114551083591,28.14765707613192,27.830372696851853,11.890375950976951,0.0,0.0,0.0,0.11162621579856377,0.5367388022143935,0.02822470684483229,90.96137602497367,0.8460912052117264,-0.9230152365677627,1.4412776393825766,0.47828315369064794,-0.22285283206281983,0.0019286403085824494,-0.8739342265529841,32.04761904761905,0.36047498346731804,0.2062688378189726,-0.3180348256653281,Software—Infrastructure,Technology,VMW
2020Q2,2020,Q2,2019-09-09,2019-08-02,4926000000.0,2439000000.0,21000000.0,12.47,2074000000.0,0.8503485035,20372000000.0,5199000000.0,5629000000.0,5858000000.0,15173000000.0,0.0,5188000000.0,69181398475.0,71067398475.0,12.225444102660575,0.9609081597814954,0.23728647162772432,0.9297941911906136,9.73976085114396,12.225444102660575,0.9474899019042123,28.364657021320212,3.5110332153369876,13.306674067128293,0.0,0.0,0.0,0.11972314942077361,0.8905769887333561,0.24180247398389948,113.04150077614379,0.8503485034850349,13.01123595505618,27.958712083913245,0.6214212807003585,-0.28026547588389283,0.08359456635318704,8.754455445544554,-0.9625,13.367881092460394,0.250555538050157,-0.41099815803723394,Software—Infrastructure,Technology,VMW
2020Q1,2020,Q1,2019-06-10,2019-05-03,505000000.0,2266000000.0,560000000.0,0.89,1914000000.0,0.8446601942,14973000000.0,561000000.0,5288000000.0,5445000000.0,14412000000.0,0.0,521000000.0,86793707837.76,87726707837.76,1.3139210530465013,0.9711662075298438,0.283443531690376,7.565062388591801,0.10899140555748256,1.3139210530465013,0.9001782531194296,38.30260716582524,42.96718209790099,154.71249168941176,0.0,0.0,0.0,0.15133907700527616,0.9081726354453628,0.033727375943364724,72.20774362542429,0.8446601941747572,2.3484848484848486,1.6283625705769211,0.5298378736077365,-0.9234912281436025,-0.14895509115162295,0.00597609561752988,-0.1566265060240964,1.1170147105102959,0.26949404285690165,-0.9323734154237653,Software—Infrastructure,Technology,VMW
2019Q4,2019,Q4,2019-03-29,2019-02-01,502000000.0,2591000000.0,664000000.0,-0.66,2249000000.0,0.8680046314,14662000000.0,551000000.0,5651000000.0,5696000000.0,14111000000.0,0.0,14000000.0,61750882328.549995,63162882328.549995,1.3429931180377248,0.9920997191011236,0.28931932887737005,7.6987295825771325,0.11767301652190888,1.3429931180377248,0.911070780399274,23.832837641277496,30.752431438520915,112.07056683947367,21.91235059760956,0.0,0.1781351064989438,0.17671531851043515,0.9413623595505618,0.034238166689401175,65.34484902492063,0.8680046314164416,-1.8148148148148149,0.6274274327731044,0.6088789611597407,-0.9231859581751344,0.19310344827586207,0.5029940119760479,1.0685358255451713,0.17762159041010928,0.3184712556286348,-0.9296007404554087,Software—Infrastructure,Technology,VMW
2019Q3,2019,Q3,2018-12-10,2018-11-02,334000000.0,2200000000.0,321000000.0,0.81,1885000000.0,0.8568181818,23962000000.0,10911000000.0,15418000000.0,5070000000.0,13051000000.0,0.0,9690000000.0,58285061726.649994,53336061726.649994,26.46080838402577,3.041025641025641,0.17694683248476756,0.38859866190083403,0.020511201728684866,26.46080838402577,0.03061130968747136,26.493209875749997,43.626543208570354,5.3418624990055905,0.0,0.0,0.0,0.09181203572322845,2.992110453648915,0.0139387363325265,81.86104175091292,0.8568181818181818,-0.4807692307692307,0.7999999995899747,0.5182308646568273,0.5353362719240193,0.008560727661851257,-0.4813664596273292,-0.572,0.07999999918594043,0.2763180041974987,0.3836567277910039,Software—Infrastructure,Technology,VMW
2019Q2,2019,Q2,2018-09-11,2018-08-03,644000000.0,2174000000.0,750000000.0,1.56,1869000000.0,0.8597056118,23409000000.0,10392000000.0,15248000000.0,5063000000.0,13017000000.0,0.0,9362000000.0,61696025518.399994,57813025518.399994,25.17316775189698,3.0116531700572784,0.181041479772737,0.4078137028483449,0.04276470734065498,25.17316775189698,0.0619707467282525,28.379036577000917,23.950320465217388,5.936876974441878,0.0,0.0,0.0,0.09287026357383912,2.964645467114359,0.027510786449656117,84.86385903493809,0.859705611775529,-0.3187772925764192,3.1052631640876727,0.5884428501380597,0.5605790336967361,0.09170560747663552,-0.31634819532908703,-0.355116079105761,1.5161290323217564,0.3295219049675566,0.24588919623082908,Software—Infrastructure,Technology,VMW
2019Q1,2019,Q1,2018-06-11,2018-05-04,942000000.0,2008000000.0,1163000000.0,2.29,1712000000.0,0.8525896414,22088000000.0,9660000000.0,14101000000.0,4637000000.0,12428000000.0,0.0,8718000000.0,55265371072.85,52400371072.85,23.483439535567967,3.040974768169075,0.19177834118073162,0.43850931677018634,0.06709697571013853,23.483439535567967,0.09751552795031056,27.522595155801792,14.667030539503715,5.721052906092132,0.0,0.0,0.0,0.09090909090909091,2.9786499892171663,0.042647591452372326,53.44813449985493,0.852589641434263,3.3608247422680413,3.978260871625749,0.55276103582387,0.4369363693908718,-0.1465603190428714,3.140909090909091,0.7947530864197531,5.026315793566805,0.301567424310864,0.20323648902042332,Software—Infrastructure,Technology,VMW
2018Q4,2018,Q4,2018-03-29,2018-02-02,-440000000.0,2310000000.0,648000000.0,-0.97,2006000000.0,0.8683982684,20622000000.0,7776000000.0,13734000000.0,5033000000.0,12846000000.0,0.0,6943000000.0,48988398607.2,47251398607.2,19.479524686070214,2.7287899860917944,0.20531471244302202,0.5444958847736625,-0.03545847522274353,19.479524686070214,-0.056584362139917695,21.207098964155843,-27.834317390454547,6.299948380555555,0.0,0.0,0.0,0.1120162932790224,2.681700774885754,-0.021336436815051887,65.49251150695187,0.8683982683982684,-2.0104166666666665,-2.4288038951909514,0.6944766356487426,0.24105613623580235,0.18138987043580684,-1.9932279909706547,0.3935483870967742,-2.2461633621930157,0.30987246341862223,0.040111296723191914,Software—Infrastructure,Technology,VMW
2018Q3,2018,Q3,2017-12-11,2017-11-03,443000000.0,1976000000.0,465000000.0,0.96,1698000000.0,0.8593117409,19594000000.0,8274000000.0,12926000000.0,4525000000.0,11320000000.0,0.0,7382000000.0,48527395794.02,46747395794.02,20.10896204160726,2.856574585635359,0.2159844850464428,0.5114817500604303,0.03519592646811581,20.10896204160726,0.053541213439690594,24.558398681184208,27.38566354064334,5.865046627268552,0.0,0.0,0.0,0.10084719812187404,2.82121546961326,0.022608961927120547,53.32680856485714,0.8593117408906883,-0.02040816326530614,0.7944303812005514,0.6206805406379164,0.34018668424990933,0.04171779141104295,0.3263473053892216,0.3757396449704142,0.7944303783967537,0.22550057445195906,0.13957016748746473,Software—Infrastructure,Technology,VMW
2018Q2,2018,Q2,2017-09-07,2017-08-04,334000000.0,1900000000.0,338000000.0,0.98,1630000000.0,0.8578947368,17175000000.0,8599000000.0,10471000000.0,5276000000.0,8576000000.0,0.0,6939000000.0,38565857116.26,36513857116.26,20.75620691086635,1.9846474601971191,0.08733624454148471,0.17443888824281895,0.02746568188691171,20.75620691086635,0.03884172578206768,20.297819534873685,28.866659518158684,4.484923492994534,0.0,0.0,0.0,0.11062590975254731,1.9518574677786202,0.019446870451237264,68.37917928414895,0.8578947368421053,0.6610169491525424,0.4143980637734765,0.5857649161974176,0.44917036588345194,0.12646855563234277,0.4396551724137931,0.42016806722689076,1.015517242769322,0.2965607934761926,0.2219563214228546,Software—Infrastructure,Technology,VMW
2018Q1,2018,Q1,2017-06-09,2017-05-05,232000000.0,1736000000.0,238000000.0,0.59,1447000000.0,0.8335253456,16241000000.0,8068000000.0,9778000000.0,5010000000.0,8173000000.0,0.0,6605000000.0,39021440650.89,36657440650.89,19.429061237971187,1.9516966067864272,0.09235884489871313,0.18591968269707487,0.02236784112416064,19.429061237971187,0.02875557759048091,22.477788393369817,42.04896621863147,4.836569242797471,0.0,0.0,0.0,0.106889969829444,1.9173652694610779,0.014284834677667632,53.74854084144628,0.8335253456221198,-0.43269230769230776,0.3776871055726949,0.5017679694823632,0.4063657758483083,-0.17737350767481525,-0.47392290249433106,-0.5616942909760589,0.24154194939125728,0.2050768431846679,0.13134165115421495,Software—Infrastructure,Technology,VMW
2017Q4,2017,Q4,2017-02-24,2016-12-31,441000000.0,2033000000.0,543000000.0,1.04,1759000000.0,0.8652238072,16643000000.0,8097000000.0,10335000000.0,4554000000.0,8546000000.0,0.0,6381000000.0,33416325666.97,32126325666.97,19.076807436974047,2.269433465085639,0.09012798173406236,0.1852537977028529,0.04544965383649603,19.076807436974047,0.054464616524638756,16.43695310721594,18.943495276060094,4.127000823387674,0.0,0.0,0.0,0.12215345791023254,2.1899429073342116,0.026497626629814336,79.56268015945238,0.8652238071815052,0.3866666666666667,1.2031265419296662,0.9198488767267193,0.6995710768948592,0.16335978835978837,0.3824451410658307,0.4251968503937008,0.34684615712683786,0.4025567306908663,0.21539869740126022,Software—Infrastructure,Technology,VMW
2017Q3,2017,Q3,2016-11-07,2016-09-30,319000000.0,1778000000.0,381000000.0,0.75,1512000000.0,0.8503937008,15869000000.0,8134000000.0,9555000000.0,4032000000.0,7735000000.0,0.0,5940000000.0,31198199975.55,30044199975.55,19.12382446639798,2.3697916666666665,0.09452391455038124,0.1844111138431276,0.03259853265163914,19.12382446639798,0.03921809687730514,17.546794136979752,24.449999980838555,3.835529871594541,0.0,0.0,0.0,0.11204234671371857,2.330357142857143,0.020102085827714413,52.87830504330508,0.8503937007874016,0.20967741935483872,0.782843674301042,0.8730868922838131,0.8120822370957255,0.055865921787709494,0.2037735849056604,0.17956656346749225,0.2500000009796238,0.41071302741208415,0.2745309702594027,Software—Infrastructure,Technology,VMW
2017Q2,2017,Q2,2016-08-08,2016-06-30,265000000.0,1693000000.0,323000000.0,0.62,1432000000.0,0.8458357944,16484000000.0,8636000000.0,10143000000.0,4126000000.0,7848000000.0,0.0,5621000000.0,24456935435.88,22965935435.88,20.20498117172298,2.4583131362094037,0.09099733074496481,0.17369152385363595,0.025058316685363916,20.20498117172298,0.030685502547475683,14.445915792014176,23.07258059988679,2.831974923098657,0.0,0.0,0.0,0.10270565396748361,2.4178380998545808,0.016076195098277117,45.37464830404453,0.8458357944477259,0.631578947368421,0.18182096726240382,0.8044240316596394,0.9716986266695699,0.07025411061285501,0.6459627329192547,0.6822916666666666,0.08771929935888248,0.36958167449475515,0.4106845283935312,Software—Infrastructure,Technology,VMW
2017Q1,2017,Q1,2016-05-05,2016-03-31,161000000.0,1589000000.0,192000000.0,0.38,1338000000.0,0.8420390183,15836000000.0,8269000000.0,9494000000.0,3909000000.0,7565000000.0,0.0,5356000000.0,22162921025.100002,20877921025.100002,19.51689443418248,2.42875415707342,0.09472088911341248,0.18140041117426534,0.015821476097860578,19.51689443418248,0.019470310799371147,13.947716189490247,34.41447364145963,2.68024199118394,0.0,0.0,0.0,0.10034099520080829,2.39114863136352,0.010166708764839607,32.640531701178205,0.842039018250472,-0.5681818181818182,0.26083934916426343,0.8555855541537365,1.040639532526751,-0.16427232979387882,-0.56951871657754,-0.5704697986577181,-0.06295536528965648,0.34725190741865736,0.41272355091638613,Software—Infrastructure,Technology,VMW
2016Q4,2016,Q4,2016-02-25,2015-12-31,374000000.0,1868000000.0,447000000.0,0.88,1601000000.0,0.8570663812,15746000000.0,7919000000.0,9360000000.0,4129000000.0,7823000000.0,0.0,5195000000.0,23919823977.93,22926823977.93,18.72830796804081,2.2668927100992975,0.09526228883525975,0.18941785578987247,0.0391810550606109,18.72830796804081,0.04722818537694153,12.805044956065311,15.989187151022728,3.020561179180452,0.0,0.0,0.0,0.1186333036961768,2.2320174376362316,0.0237520640162581,55.75716544972028,0.857066381156317,0.46666666666666673,2.0800040706485508,1.206851753545428,1.0528126038412096,0.13224893917963224,0.4609375,0.37116564417177916,0.8366152641183471,0.4596637502385581,0.3940759093580491,Software—Infrastructure,Technology,VMW
2016Q3,2016,Q3,2015-11-09,2015-09-30,256000000.0,1672000000.0,326000000.0,0.6,1414000000.0,0.8456937799,14791000000.0,7529000000.0,8662000000.0,3750000000.0,7257000000.0,0.0,4821000000.0,33617066614.140003,33034066614.140003,17.646093777572023,2.3098666666666667,0.10141302143195187,0.19922964537123125,0.028440324765499205,17.646093777572023,0.034001859476690134,20.105901085011965,32.82916661537109,4.4650108399707795,0.0,0.0,0.0,0.113041714556149,2.2021333333333333,0.017307822324386452,104.40082799422362,0.8456937799043063,0.4999999999999999,1.9202482315132425,1.2591196420992727,1.055616196317525,0.1125098347757671,0.4883720930232558,0.5825242718446602,0.6348055751202137,0.4764808492625902,0.35447619731452457,Software—Infrastructure,Technology,VMW
2016Q2,2016,Q2,2015-08-05,2015-06-30,172000000.0,1521000000.0,206000000.0,0.4,1271000000.0,0.835634451,14853000000.0,7304000000.0,8712000000.0,3955000000.0,7542000000.0,0.0,4566000000.0,36868200000.0,36577200000.0,16.986046511627908,2.2027812895069534,0.10098969905069682,0.20536692223439212,0.018894527242205313,16.986046511627908,0.023548740416210297,24.239447731755423,53.58749999999999,5.047672508214676,0.0,0.0,0.0,0.10240355483740658,2.0758533501896332,0.011580152157813236,154.90840336134454,0.8356344510190664,-0.11111111111111108,1.1891169604765357,1.1411615421587893,1.096156608659171,0.002365930599369085,-0.12244897959183673,-0.05504587155963303,-0.10869404211152194,0.3456297269764385,0.3638880778945919,Software—Infrastructure,Technology,VMW
2016Q1,2016,Q1,2015-05-04,2015-03-31,196000000.0,1511000000.0,218000000.0,0.45,1268000000.0,0.8391793514,14807000000.0,7480000000.0,8705000000.0,3774000000.0,7323000000.0,0.0,4394000000.0,35719911065.55,35278911065.55,17.173469409660036,2.3065712771595126,0.10130343756331465,0.20053475935828877,0.02143301430606553,17.173469409660036,0.026203208556149733,23.639914669457315,45.561111052997454,4.775389179886364,0.0,0.0,0.0,0.10204632943877896,2.1770005299417066,0.013236982508273114,61.90625834584056,0.8391793514228988,-0.39999999999999997,1.3210109566590997,1.2148724333223264,1.3317248474578445,-0.12370421561852107,-0.3987730061349693,-0.36627906976744184,-0.0009974600183089075,0.39724068357153225,0.4047423591592199,Software—Infrastructure,Technology,VMW
2015Q4,2015,Q4,2015-02-26,2014-12-31,326000000.0,1702000000.0,344000000.0,0.75,1447000000.0,0.8501762632,15216000000.0,7581000000.0,9130000000.0,3996000000.0,7630000000.0,0.0,4198000000.0,35781005958.439995,35210005958.439995,17.483692904738962,2.284784784784785,0.09858044164037855,0.19786307874950534,0.03459187881737873,17.483692904738962,0.04300224244822583,21.022917719412455,27.439421747269936,4.719826666460889,0.0,0.0,0.0,0.11185594111461619,2.1631631631631634,0.021424815983175603,112.87383583104099,0.8501762632197415,0.6666666666666666,4.391044597799115,1.6104546397624453,1.578173691804489,0.13668499607227022,0.6804123711340206,0.4214876033057851,0.594202807409389,0.5733101247656754,0.5576389747801297,Software—Infrastructure,Technology,VMW
2015Q3,2015,Q3,2014-11-05,2014-09-30,194000000.0,1515000000.0,242000000.0,0.45,1273000000.0,0.8402640264,14519000000.0,7430000000.0,8532000000.0,3671000000.0,7083000000.0,0.0,3872000000.0,40455466656.24,39662466656.24,17.23453608691612,2.32416235358213,0.10331290033748881,0.2018842530282638,0.021546454206671197,17.23453608691612,0.026110363391655452,26.703278320950492,52.133333319896906,5.44488111120323,0.0,0.0,0.0,0.10434602934086369,2.1931353854535547,0.013361801776981886,79.95151513090909,0.8402640264026403,0.1842105263157895,3.6669117466697267,1.8440974915113606,1.6797353879221741,0.02744148506860371,0.16167664670658682,0.21,0.069706204017995,0.574631750480545,0.6330622968517705,Software—Infrastructure,Technology,VMW
2015Q2,2015,Q2,2014-08-05,2014-06-30,167000000.0,1457000000.0,200000000.0,0.38,1239000000.0,0.850377488,14159000000.0,7089000000.0,8161000000.0,3641000000.0,7070000000.0,0.0,3678000000.0,42545447348.04,41991447348.04,16.130658690361994,2.2414171930788247,0.10593968500600325,0.21159542953872196,0.019250964565544926,16.130658690361994,0.023557624488644378,29.20071883873713,63.69078944317365,6.001614804350401,0.0,0.0,0.0,0.1029027473691645,2.1411700082394947,0.011794618264001695,127.76410615027028,0.8503774879890186,-0.1739130434782609,3.5765968978432197,1.8508958469379546,1.692876940104651,0.06902502157031924,-0.16080402010050251,-0.17012448132780084,-0.27565811791353184,0.5102975066007891,0.5741067668785236,Software—Infrastructure,Technology,VMW
2015Q1,2015,Q1,2014-05-01,2014-03-31,199000000.0,1360000000.0,241000000.0,0.46,1159000000.0,0.8522058824,13699000000.0,7070000000.0,7797000000.0,3287000000.0,6629000000.0,0.0,3511000000.0,46730391233.9,45442391233.9,16.342713592476453,2.3720717979920902,0.10949704357982334,0.21216407355021216,0.02284142595194437,16.342713592476453,0.028147100424328147,34.360581789632356,58.70652165062813,6.609673441852899,0.0,0.0,0.0,0.09927731951237316,2.26528749619714,0.014526607781589897,69.43594536983656,0.8522058823529411,-0.40259740259740256,1.5642985668170886,1.6059422537159036,1.9113237026834795,-0.10224632068164213,-0.4059701492537313,-0.35561497326203206,0.5262792125511382,0.5554033457742427,0.7087548194737506,Software—Infrastructure,Technology,VMW
2014Q4,2014,Q4,2014-02-25,2013-12-31,335000000.0,1483000000.0,374000000.0,0.77,1291000000.0,0.870532704,12327000000.0,6816000000.0,7681000000.0,3293000000.0,5511000000.0,0.0,3312000000.0,38956820930.75,37101820930.75,15.695925524491406,2.3325235347707256,0.03650523241664638,0.06602112676056338,0.04525807106481632,15.695925524491406,0.04914906103286385,26.26892847656777,29.072254425932837,5.715496028572477,0.0,0.0,0.0,0.12030502149752575,2.2456726389310657,0.02717611746572564,66.14061278565364,0.8705327039784221,0.28333333333333344,1.6984341943068506,1.5872090483467893,1.9560233737370074,0.16726943942133815,0.2835249042145594,0.30313588850174217,1.686294628091437,0.7059511367706365,0.7204327161114898,Software—Infrastructure,Technology,VMW
2014Q3,2014,Q3,2013-11-07,2013-09-30,261000000.0,1289000000.0,287000000.0,0.6,1106000000.0,0.8580294802,11454000000.0,6527000000.0,6925000000.0,2871000000.0,4927000000.0,0.0,2977000000.0,35191500000.0,33378500000.0,15.004597701149425,2.4120515499825843,0.0392875851231011,0.06894438486287728,0.03485804005368288,15.004597701149425,0.03998774322046882,27.301396431342127,33.708333333333336,5.391680710893214,0.0,0.0,0.0,0.11253710494150515,2.307906652734239,0.022786799371398637,64.80939226519337,0.8580294802172227,0.052631578947368474,1.792390260301604,1.4328629225602525,2.0915884606991795,0.03364485981308411,0.0653061224489796,0.06178320384757677,1.9202482269503545,0.7082653550332827,0.7479049155294318,Software—Infrastructure,Technology,VMW
2014Q2,2014,Q2,2013-08-02,2013-06-30,245000000.0,1243100000.0,270300000.0,0.57,1070000000.0,0.8607513474,11146500000.0,6156300000.0,6583900000.0,2978900000.0,4990200000.0,0.0,2716000000.0,28703684183.58,27313984183.58,14.322820421609178,2.210178253717815,0.04037141703673799,0.07309585302860484,0.03405206631558479,14.322820421609178,0.03979663109335153,23.09040639013756,29.289473656714286,4.662489512138785,0.0,0.0,0.0,0.11152379670748666,2.1140689516264395,0.021979993720001794,62.67179952746725,0.860751347437857,0.4249999999999998,3.1705646248262602,1.4279997141128316,2.2017909841343517,0.05990336058704778,0.41154238372059526,0.2274646927932428,2.119491671607565,0.7506668735736463,0.7675022060514352,Software—Infrastructure,Technology,VMW
2014Q1,2014,Q1,2013-05-03,2013-03-31,173569000.0,1191466000.0,220210000.0,0.4,1009526000.0,0.8472973631,10681230000.0,5912925000.0,6057783000.0,2827774000.0,4768305000.0,0.0,2471877000.0,33435750600.000004,32045601600.000004,13.815083935935327,2.1422443943540044,0.04212997941248339,0.07610446606375018,0.036609079255018995,13.815083935935327,0.029354169044931232,28.06269805432971,48.15916235041972,5.654688770786033,0.0,0.0,0.0,0.11154764011260876,2.0222157074787446,0.016249907548100732,55.85854264850588,0.8472973630804403,-0.14893617021276587,2.588841983576863,1.4206936303819766,2.623293409242381,-0.08335822745387172,-0.15648615680690484,-0.12796752796752797,1.0916450883752238,0.7772995124704973,0.8757406389309078,Software—Infrastructure,Technology,VMW
2013Q4,2013,Q4,2013-02-27,2012-12-31,205769000.0,1293155000.0,252525000.0,0.47,1101331000.0,0.8516620204,10596392000.0,5739981000.0,6120039000.0,2960234000.0,4856411000.0,0.0,2298308000.0,40222821240.0,39063499240.0,13.43420960244906,2.06741730552382,0.042467285091000784,0.07839747204738134,0.03229599201382386,13.43420960244906,0.03584837650159469,31.104408396518593,48.86890304176042,7.007483341843814,0.0,0.0,0.0,0.1220372934485625,1.9760849986859146,0.019418779524200312,97.69033035571164,0.8516620204074531,0.3055555555555555,1.3478992453317629,1.7958201384571129,2.8182293287215927,0.15404548988706118,0.31257016738109816,0.3266839337406682,2.4532678359327615,1.0128071702215105,0.9810303209931915,Software—Infrastructure,Technology,VMW
2013Q3,2013,Q3,2012-11-01,2012-09-30,156768000.0,1133684000.0,190343000.0,0.36,954322000.0,0.8417883643,9880113000.0,5564799000.0,5435403000.0,2524713000.0,4315314000.0,0.0,2092539000.0,39933505580.0,38903305580.0,13.027983668194652,2.1528795550226896,0.0455460377831711,0.08086545443959431,0.025422094550828257,13.027983668194652,0.02817136791463627,35.22454721068657,63.68248874132476,7.176091280206167,0.0,0.0,0.0,0.11474403177372566,2.02973130015174,0.015867025002649263,110.61912903047092,0.8417883643061029,-0.18181818181818185,1.0225721738568783,1.6438417300194526,2.768403271147088,0.011144263003759255,-0.18234591532840624,-0.10177433816242745,2.8062929918874606,1.1480322776088587,1.0256738384410022,Software—Infrastructure,Technology,VMW
2013Q2,2013,Q2,2012-08-02,2012-06-30,191729000.0,1123026000.0,211910000.0,0.44,943804000.0,0.840411531,9500792000.0,5320693000.0,6436453000.0,2517975000.0,4180099000.0,0.0,1935771000.0,38894381920.0,37267481920.0,12.454135194032157,2.556202106851736,0.047364472351357656,0.08457544910033336,0.03287907372734027,12.454135194032157,0.03603459173457292,34.63355427211837,50.7153090038544,7.310021818586414,0.0,0.0,0.0,0.11820340872634619,2.445306645220862,0.020180317598785448,112.08755596541786,0.8404115309885969,0.0,3.360076047328527,1.9446003465440673,31.088572387799573,0.06732921165213675,0.001530537620928143,-0.02419819031611908,4.404957045151198,1.2604237387804071,1.079112460112584,Software—Infrastructure,Technology,VMW
2013Q1,2013,Q1,2012-05-02,2012-03-31,191436000.0,1055182000.0,217165000.0,0.44,884267000.0,0.8380232036,9125530000.0,5195640000.0,6134646000.0,2340514000.0,3929890000.0,0.0,1744042000.0,47756013930.0,45579904930.0,12.225351714985564,2.621067850907963,0.049312204332241524,0.08661108159918701,0.032887777875701185,12.225351714985564,0.036845508926715474,45.25855627749526,62.36550848586473,9.191555598540315,0.0,0.0,0.0,0.1156296675371184,2.5198520495925254,0.020978069218993308,87.95931345119932,0.8380232035800459,-0.04347826086956525,2.6459200136511694,2.19119468196994,23.15304913665753,-0.010253764153350914,-0.044863991059133454,0.014524236648353702,1.5110576248016818,1.0581205461499843,1.1778486185956745,Software—Infrastructure,Technology,VMW
2012Q4,2012,Q4,2012-02-24,2011-12-31,200428000.0,1060302000.0,214056000.0,0.46,893428000.0,0.8426165376,8680808000.0,4770282000.0,5677772000.0,2401506000.0,3910526000.0,0.0,1552606000.0,35354834910.0,33849078910.0,11.224483457218893,2.3642547634692566,0.05183849245369786,0.09433404566019367,0.03934812882364484,11.224483457218893,0.04201596467462511,33.34411791168931,44.09917141068114,7.411476912685664,0.0,0.0,0.0,0.12214323827920166,2.277263517142993,0.02308863414557723,69.5279724010714,0.8426165375525086,0.12195121951219524,6.195406501756671,3.3293992400633137,17.16961314630644,0.13217981503493756,0.12893014453243812,0.18445559730191843,0.6496445645280879,0.890100574296207,1.1139139202648927,Software—Infrastructure,Technology,VMW
2012Q3,2012,Q3,2011-11-03,2011-09-30,177538000.0,941863000.0,180721000.0,0.41,789122000.0,0.8378309797,7820421000.0,4453897000.0,4812856000.0,2034087000.0,3366524000.0,0.0,1352178000.0,33922771399.999996,32822942399.999996,10.553508044451815,2.3661013516137706,0.057541659202234766,0.10103511598943576,0.035721553741286625,10.553508044451815,0.0398612720500721,36.0166727008068,47.76832480933659,7.616424762404699,0.0,0.0,0.0,0.12043635502487654,2.230590431972674,0.02270184686988079,72.25805306869279,0.8378309796647708,-0.19607843137254907,5.418338680683584,2.872756200265018,0.0,0.026520192263914093,-0.19358824117224901,-0.03301906983712519,0.9578204631322661,0.8323076376766144,1.174473740647095,Software—Infrastructure,Technology,VMW
2012Q2,2012,Q2,2011-08-03,2011-06-30,220158000.0,921210000.0,186892000.0,0.51,768735000.0,0.8344839939,7542557000.0,4300435000.0,4625648000.0,1961358000.0,3242122000.0,0.0,1174640000.0,42062221110.0,40721177110.0,10.24749974383842,2.358390462118593,0.05966146493821658,0.10464057705790228,0.03517007047335633,10.24749974383842,0.051194355919808116,45.65975305304979,47.76367553075519,9.780922420638843,0.0,0.0,0.0,0.1221349735905211,2.2053439504669723,0.029188775106373077,122.92676835986475,0.8344839938776175,0.7586206896551726,7.0041391547939105,2.8092538693300573,0.0,0.10796830320081173,0.7498966712237306,0.21752159580982658,2.838486333640861,0.8428838542284964,1.290774534898111,Software—Infrastructure,Technology,VMW
2012Q1,2012,Q1,2011-05-04,2011-03-31,125812000.0,843721000.0,153502000.0,0.29,693824000.0,0.82233819,7049063000.0,3992479000.0,4567632000.0,1788641000.0,3056584000.0,0.0,954482000.0,34038383760.000004,32779449760.000004,9.564106802349537,2.553688526652358,0.06383827183839895,0.11271192659998963,0.02784638796513603,9.564106802349537,0.0315122509097731,40.34317476985876,67.63739500206658,8.52562624875422,0.0,0.0,0.0,0.11969264567503511,2.3459022799991724,0.017848045903405885,80.38366783248988,0.8223381899940857,0.035714285714285546,3.885720945676263,4.206470621172065,0.0,-0.002137176223554961,0.049482816149482814,0.17523389529453198,1.6671955691761993,0.7575498491610443,1.508386145385887,Software—Infrastructure,Technology,VMW
2011Q4,2011,Q4,2011-02-28,2010-12-31,119880000.0,835661000.0,130614000.0,0.28,695310000.0,0.8320479237,6797319000.0,3808443000.0,4297655000.0,1789152000.0,2988876000.0,0.0,828670000.0,37114946040.0,35935981040.0,9.123242878086641,2.4020625413603764,0.06620257192578427,0.11815852304997082,0.029404401791843556,9.123242878086641,0.031477430540512226,44.41387840284517,77.40020445445445,9.745438238146141,0.0,0.0,0.0,0.1229397943512729,2.2322569574860047,0.01763636516102893,105.9791155021273,0.832047923739411,0.4000000000000001,4.719785619368179,5.878469177208554,5.684187782102527,0.18313784812560513,0.41702127659574467,0.38933327660298683,0.40005905631165406,0.8492213179868169,1.5929797554900769,Software—Infrastructure,Technology,VMW
2011Q3,2011,Q3,2010-10-29,2010-09-30,84600000.0,714245000.0,94012000.0,0.2,587683000.0,0.8228030998,6065853000.0,3534642000.0,3566162000.0,1446696000.0,2531211000.0,0.0,274342000.0,34974469700.0,34077389700.0,8.584332916418743,2.4650389577354193,0.07418577403705628,0.12731133732921185,0.020631738169690175,8.584332916418743,0.023934531417891827,48.967048701776,103.35245183215129,9.894770021971109,0.0,0.0,0.0,0.11774848483799392,2.2766925463262497,0.013946925518966582,220.60483351099728,0.8228030997766873,0.11111111111111122,3.092255319774435,4.960239670852969,0.0,0.0574554837409492,0.13499154793528134,-0.07085322343127662,0.13227095909953998,0.7279216249156323,1.4830571688405256,Software—Infrastructure,Technology,VMW
2011Q2,2011,Q2,2010-08-05,2010-06-30,74538000.0,673904000.0,101181000.0,0.18,555752000.0,0.8246753247,5797161000.0,3305638000.0,3423071000.0,1444089000.0,2491523000.0,0.0,348069000.0,25532401290.0,23913814290.0,8.103424353628432,2.370401685768675,0.07762420260537874,0.1361310585127591,0.020714384967195264,8.103424353628432,0.02254874853205342,37.88729743405589,85.63551909764148,7.7238951421783035,0.0,0.0,0.0,0.116247245850167,2.2384901484603787,0.012857672919554934,152.14430772806094,0.8246753246753247,-0.05263157894736847,2.639336943482465,4.676318039832866,0.0,0.05881120173448178,-0.04951479833207942,-0.009835006752392695,0.7752188795727055,0.8505571309579268,20.57747097285746,Software—Infrastructure,Technology,VMW
2011Q1,2011,Q1,2010-05-06,2010-03-31,78421000.0,633533000.0,102186000.0,0.19,524883000.0,0.8285014356,5279131000.0,2979050000.0,3280625000.0,1254509000.0,2300081000.0,0.0,431454000.0,21558784000.0,19252303000.0,7.365135482594937,2.6150669305680547,0.08524130202489766,0.1510548664842819,0.023934625401487417,7.365135482594937,0.02632416374347527,34.02945702907346,68.72771324007599,7.236798308185495,0.0,0.0,0.0,0.12000706176830997,2.481605153888892,0.01485490699132111,71.39166630792208,0.8285014356000397,0.35714285714285704,2.8615935836351807,4.381800391638818,0.0,0.04830885069753043,0.390221418567959,0.4360639150048484,0.5692659027557375,1.0131484647886382,14.346054334295129,Software—Infrastructure,Technology,VMW
2010Q4,2010,Q4,2010-03-01,2009-12-31,56409000.0,608201000.0,71157000.0,0.14,500695000.0,0.8232393567,5066984000.0,2742951000.0,3182480000.0,1294042000.0,2324033000.0,0.0,395281000.0,17141862400.000002,15105401400.000002,6.781425534018988,2.4593328500929643,0.08881022714893119,0.1640568861784261,0.018696721073888922,6.781425534018988,0.02056507753875297,28.184535046801965,75.97130954280347,6.249423485873426,0.0,0.0,0.0,0.12003215324934911,2.356976048690846,0.011132658007209022,69.9262566186129,0.8232393567258193,0.5555555555555558,1.777682412354814,4.166660940149722,3.9684440396301546,0.2718389140363444,0.47594128574792643,2.0623601308314683,1.1277763590075376,1.609310866694196,10.769093418285504,Software—Infrastructure,Technology,VMW
2010Q3,2010,Q3,2009-11-04,2009-09-30,38219000.0,489751000.0,23236000.0,0.09,393678000.0,0.8038329682,4442780000.0,2549201000.0,2562133000.0,947372000.0,1893579000.0,0.0,345033000.0,15922022220.0,14195861220.0,6.431432060267531,2.7044635053600907,0.10128793233065783,0.17652589968386173,0.009289632784364893,6.431432060267531,0.014992540800038914,32.51044351109033,104.14991378633664,6.24588732704875,0.0,0.0,0.0,0.11023525810416,2.566954691504499,0.008602496634989803,90.32387787402781,0.8038329681817903,0.12499999999999993,0.9204993570009922,3.2455536567990504,0.0,0.051128217040603,0.17470416474565853,-0.3885102239532619,0.47115203348665,1.1441476225792488,0.0,Software—Infrastructure,Technology,VMW
2010Q2,2010,Q2,2009-08-06,2009-06-30,32535000.0,455675000.0,37999000.0,0.08,374529000.0,0.8219213255,4161581000.0,2347175000.0,2672635000.0,900683000.0,1814406000.0,0.0,313874000.0,10685504070.0,8859844070.0,5.990120992953774,2.9673425611452644,0.10813198157142682,0.19171983341676696,0.011370449330376455,5.990120992953774,0.013861343956032252,23.44983611126351,82.10776141078838,4.552495689499079,0.0,0.0,0.0,0.1094956460056887,2.8375666022340824,0.00781794226761416,53.76841208260371,0.8219213255061173,-0.5555555555555556,0.6537588275833186,2.9957722149105157,0.0,-0.05256167990953866,-0.5347822978480017,-0.5627423679274594,0.26682190922204013,1.0179995796892405,0.0,Software—Infrastructure,Technology,VMW
2010Q1,2010,Q1,2009-05-07,2009-03-31,69935000.0,470310000.0,86903000.0,0.18,395307000.0,0.840524335,3973696000.0,2188462000.0,2500620000.0,872526000.0,1785234000.0,0.0,292788000.0,9208422340.0,7626940340.0,5.61349930872089,2.8659547108051795,0.11324469712831581,0.20562385821640952,0.02695132025427681,5.61349930872089,0.03195623227636578,19.579473836405775,32.91778916136412,4.2077140658599514,0.0,0.0,0.0,0.11835580779204045,2.7581584961365047,0.017599484208152813,47.593911173822484,0.8405243350130764,-0.3571428571428572,2.5728968905639102,3.14509294429624,0.0,-0.10695962751862068,-0.3725213989628008,-0.1489609651957616,1.9079976934851497,2.1075753164901796,0.0,Software—Infrastructure,Technology,VMW
2009Q4,2009,Q4,2009-02-26,2008-12-31,111454000.0,514603000.0,102114000.0,0.28,442653000.0,0.8601834812,3839205000.0,2070067000.0,2390088000.0,879750000.0,1769138000.0,0.0,229650000.0,9235712330.0,7844900330.0,5.309811033276304,2.716780903665814,0.1172117664985329,0.21738426823866086,0.04488149176755991,5.309811033276304,0.05384076940504824,17.947257070013194,20.716421864625765,4.461552370044061,0.0,0.0,0.0,0.1340389481676545,2.6028712702472294,0.02903048938517219,51.945557436612745,0.8601834812467086,0.33333333333333354,4.694053764794595,3.5355176535111776,2.890258596441327,0.11312480039832322,0.3381759677264432,0.010829538705206889,4.694053764794595,3.5355176535111776,2.890258596441327,Software—Infrastructure,Technology,VMW
2009Q3,2009,Q3,2008-11-05,2008-09-30,83288000.0,472121000.0,101020000.0,0.21,397667000.0,0.8422989022,3458714000.0,1881265000.0,2154667000.0,759007000.0,1577449000.0,0.0,120732000.0,10326223440.0,9084851440.0,4.853361917955941,2.838797270644408,0.1301061608447533,0.23920075055879952,0.03486036581009886,4.853361917955941,0.04427233802786955,21.87198502078916,30.995531889347806,5.488978660635265,0.0,0.0,0.0,0.13650189058707948,2.716105385062325,0.02408062649875069,59.730584451642756,0.8422989021882102,0.6153846153846153,3.2796315084227143,3.185057383626982,0.0,0.05875978775123337,0.591409354937328,0.6560655737704918,3.2796315084227143,3.185057383626982,0.0,Software—Infrastructure,Technology,VMW
2009Q2,2009,Q2,2008-08-08,2008-06-30,52336000.0,456128000.0,61000000.0,0.13,375597000.0,0.8234464887,3206981000.0,1712995000.0,2027839000.0,721940000.0,1493986000.0,0.0,40268000.0,20624663660.0,19534403660.0,4.473377710344684,2.808874698728426,0.1403188855811743,0.2626977895440442,0.023025551525236464,4.473377710344684,0.030552336696837993,45.21683312578925,98.52044319397739,12.040119007936392,0.0,0.0,0.0,0.14222971698304418,2.7005402110978753,0.01631939821283631,237.16050894037832,0.823446488704925,0.18181818181818185,1.7221449148123986,3.092810183807993,0.0,0.04042049279095857,0.2155614911160144,0.26056498109152526,1.7221449148123986,3.092810183807993,0.0,Software—Infrastructure,Technology,VMW
2009Q1,2009,Q1,2008-05-09,2008-03-31,43055000.0,438175000.0,48391000.0,0.11,361005000.0,0.8238831517,2901458000.0,1452796000.0,1704748000.0,707937000.0,1448662000.0,0.0,6805000.0,16315533320.0,15459522320.0,3.8128526662222524,2.4080504338662903,0.15509443872701242,0.30974754886439665,0.021457068731584372,3.8128526662222524,0.029635957147459105,37.235198995835,94.73657716873765,11.23043656507865,0.0,0.0,0.0,0.15101890153157482,2.2464145820885193,0.014839091243092266,203.9594634597595,0.8238831517087921,-0.45,1.2506098873881544,2.951376205655513,0.0,0.045503384082503845,-0.4491075427036018,-0.36722284698067315,1.2506098873881544,2.951376205655513,0.0,Software—Infrastructure,Technology,VMW
2008Q4,2008,Q4,2008-02-29,2007-12-31,78155000.0,412475000.0,76474000.0,0.2,345293000.0,0.8371246742,2695700000.0,1340617000.0,1603334000.0,670012000.0,1355083000.0,0.0,-16000000.0,32383399739.999996,31602231739.999996,3.518439686530578,2.392992961320096,0.16693252216492932,0.33566633870822166,0.04008957611109827,3.518439686530578,0.05829778378164681,78.50996967088913,103.58710172093916,24.155593834779058,0.0,0.0,0.0,0.15301220462217605,2.2611415914938835,0.02899246948844456,312.5931478049345,0.8371246742226801,0.11111111111111122,3.085388822409039,2.719657085013981,1.5778017618341207,0.15418915982818845,0.20837069791892143,0.1631026615969582,3.085388822409039,2.719657085013981,1.5778017618341207,Software—Infrastructure,Technology,VMW
2008Q3,2008,Q3,2007-11-08,2007-09-30,64678000.0,357816000.0,65750000.0,0.18,299165000.0,0.8360861448,2481738000.0,1232240000.0,1451242000.0,625192000.0,1249498000.0,0.0,-94155000.0,31586915220.0,30902999220.0,3.457162816926698,2.3212741045950684,0.1813245394961112,0.36518859962344996,0.03813550202117784,3.457162816926698,0.05248815165876777,88.2769781675498,122.0929652277436,25.633736301369865,0.0,0.0,0.0,0.14417960316520115,2.076197392161128,0.02606157459006551,29247.143722222223,0.8360861448342165,0.7999999999999998,2.6142014302202705,2.4493692219078427,0.0,0.2062715718847779,0.8898433847592333,0.40686851396169893,2.6142014302202705,2.4493692219078427,0.0,Software—Infrastructure,Technology,VMW
2008Q2,2008,Q2,2007-09-17,2007-06-30,34224000.0,296825000.0,46735000.0,0.1,248008000.0,0.8355360903,1422436000.0,-137627000.0,644539000.0,621502000.0,1560063000.0,0.0,-158833000.0,16957500000.0,17477404000.0,-0.41391578947368424,1.0370666546527605,0.5624154619258792,-5.812812892818997,0.05816968812807512,-0.41391578947368424,-0.24867213555479667,57.12962183104523,123.87140603085554,-123.21346828747265,0.0,0.0,0.0,0.20867371185768638,0.7721101460654994,0.024060133461189116,343.1025412754937,0.8355360902888908,-0.1666666666666666,1.0500778722894455,2.067356281453771,0.0,0.15529344904528325,-0.16689386562804284,0.007610711051701091,1.0500778722894455,2.067356281453771,0.0,Software—Infrastructure,Technology,VMW
2008Q1,2008,Q1,2007-03-31,2007-03-31,41080000.0,258695000.0,46382000.0,0.12,214671000.0,0.8298227643,1244317000.0,-183493000.0,519603000.0,516155000.0,1427810000.0,0.0,-193057000.0,16957500000.0,17499032000.0,-0.5518586466165414,1.0066801639042535,0.6429229850592735,-4.359839339920324,0.06253983475013716,-0.5518586466165414,-0.22387775010490862,65.55016525251744,103.19802823758519,-92.41496950837362,0.0,0.0,0.0,0.20790120202488593,0.793544574788581,0.03301409528279369,207.70559270963474,0.8298227642590695,0.818181818181818,1.4607643464717865,1.6733251351155847,0.0,0.1203596908287189,0.885008947827284,1.1195547948736455,1.4607643464717865,1.6733251351155847,0.0,Software—Infrastructure,Technology,VMW
2007Q4,2007,Q4,2006-12-31,2006-12-31,21793000.0,191609000.0,-387956000.0,0.066,191609000.0,1.0,1145950000.0,-230812000.0,422431000.0,477749000.0,1376762000.0,0.0,-234137000.0,,,,,,,,,,,,,,,,,,,,,,,,,,,,,,,Software—Infrastructure,Technology,VMW
2007Q3,2007,Q3,2006-09-30,2006-09-30,21793000.0,191609000.0,191609000.0,0.0667,191609000.0,1.0,,,,,,,,,,,,,,,,,,,,,,,,,,,,,,,,,,,,,,Software—Infrastructure,Technology,VMW
2007Q2,2007,Q2,2006-06-30,2006-06-30,21793000.0,191609000.0,191609000.0,0.0667,191609000.0,1.0,,,,,,,,,,,,,,,,,,,,,,,,,,,,,,,,,,,,,,Software—Infrastructure,Technology,VMW
2007Q1,2007,Q1,2006-03-31,2006-03-31,20511000.0,129077000.0,129077000.0,0.06,129077000.0,1.0,,,,,,,,,,,,,,,,,,,,,,,,,,,,,,,,,,,,,,Software—Infrastructure,Technology,VMW
