Year,Date,FillingDate,NetIncome,Revenue,OperatingIncome,EPSDiluted,GrossProfit,GrossProfitRatio,TotalAssets,CommonStockEquity,CurrentAssets,CurrentLiability,TotalLiability,Inventory,RetainedEarnings,EnterpriseValue,bookValuePerShare,currentRatio,debtToAssets,debtToEquity,roic,shareholdersEquityPerShare,roe,priceToSalesRatio,peRatio,pbRatio,payoutRatio,inventoryTurnover,dividendYield,assetTurnover,quickRatio,returnOnAssets,priceToFreeCashFlowsRatio,grossProfitMargin,epsdilutedGrowth,fiveYNetIncomeGrowthPerShare,fiveYRevenueGrowthPerShare,fiveYShareholdersEquityGrowthPerShare,grossProfitGrowth,netIncomeGrowth,operatingIncomeGrowth,threeYNetIncomeGrowthPerShare,threeYRevenueGrowthPerShare,threeYShareholdersEquityGrowthPerShare,Industry,Sector,Price,MarketCap,AvgVolume,Symbol
2022,2022-12-31,2023-03-23,6997000.0,47770000.0,15652000.0,0.65,47770000.0,1.0,1335977000.0,108132000.0,1253666000.0,0.0,1227845000.0,0.0,96624000.0,130240341.85,9.975888742252177,0.0,0.047065181511358356,0.5814929900491991,0.07198888249204156,9.975888742252177,0.06470794954315097,2.067120407159305,14.112668550807488,0.9132018445048643,0.0,0.0,0.0,0.03575660359422355,0.0,0.0052373656133301695,7.227281113225499,1.0,-0.3867924528301887,-0.10485631494155206,-0.40745982531553704,-0.24462124788524348,0.02031226638757769,-0.39461844609794083,-0.18809005083514888,0.15916084616858692,0.24588026335262217,-0.027870060128519232,Banks—Regional,Financial Services,6.99,78876558,9578,RBKB
2021,2021-12-31,2022-03-22,11558000.0,46819000.0,19278000.0,1.06,46819000.0,1.0,1281166000.0,125969000.0,355740000.0,0.0,23196000.0,0.0,89627000.0,65904576.06,11.697164624529364,0.0,0.018105382128467348,0.18414054251442816,0.09964307683259102,11.697164624529364,0.09175273281521644,2.4519869296653067,9.932477596469978,0.911331963102033,0.0,0.0,0.0,0.036544054400444594,0.0,0.009021469505122677,19.530380411704662,1.0,0.9272727272727272,0.66151020595837,-0.3786909447078683,-0.07279685123570133,0.048202211973313036,0.9533547405779956,0.2441432720232333,0.02543055860042611,-0.46710701750178124,-0.17853589480482024,Banks—Regional,Financial Services,6.99,78876558,9578,RBKB
2020,2020-12-31,2021-03-25,5917000.0,44666000.0,15495000.0,0.55,44666000.0,1.0,1128829000.0,116499000.0,200237000.0,0.0,55829000.0,0.0,78069000.0,54082045.80000001,10.85772474564746,0.0,0.04945744661060267,0.4792229976222972,0.07116525492876588,10.85772474564746,0.0507901355376441,2.053867501007478,15.50414835220551,0.7874577962042594,0.0,0.0,0.0,0.039568437735033386,0.0,0.005241715087050386,7.068735228848822,1.0,-0.01785714285714287,-0.14626791737660447,-0.4050748603800282,-0.1393370192064449,0.17923806003643372,-0.007714237799765219,-0.04534532684369417,-0.23528128908250814,-0.44029538169400695,-0.1778482317635533,Banks—Regional,Financial Services,6.99,78876558,9578,RBKB
2019,2019-12-31,2020-03-26,5963000.0,37877000.0,16231000.0,0.56,37877000.0,1.0,973946000.0,109882000.0,129713000.0,0.0,71459000.0,0.0,72152000.0,180585946.56,10.261888182942938,0.0,0.07337059754852938,0.6503248939771755,0.07123875354862429,10.261888182942938,0.05426730492710362,3.19732150275893,20.309399054167365,1.1021363513587303,0.0,0.0,0.0,0.0388902464818378,0.0,0.006122516032716393,18.934481951219514,1.0,-0.4649494090557312,-0.137877589241591,-0.4944723366091041,-0.18656739980055892,0.11527589659030682,0.3686022492540739,0.0,-0.137877589241591,-0.4944723366091041,-0.18656739980055892,Banks—Regional,Financial Services,6.99,78876558,9578,RBKB
2018,2018-12-31,2019-03-29,4357000.0,33962000.0,0.0,1.04663,33962000.0,1.0,882423000.0,59277000.0,762377000.0,5000000.0,823146000.0,0.0,66189000.0,40076875.25,14.239410523908552,152.4754,0.047316309751672385,0.7043710039306983,0.0,14.239410523908552,0.07350237022791302,1.4402530843295447,11.226503385356896,0.8251746081954214,0.0,0.0,0.0,0.03848721078213056,30.885,0.004937541292554705,6.555062349236129,1.0,0.4516366158113731,0.6203049460766086,0.16591712726149196,0.1287202239274902,0.09689296557069957,0.4513657561625583,0.0,0.6203049460766086,0.16591712726149196,0.1287202239274902,Banks—Regional,Financial Services,6.99,78876558,9578,RBKB
2017,2017-12-31,2017-12-31,3002000.0,30962000.0,0.0,0.721,30962000.0,1.0,742103000.0,54977000.0,608031000.0,0.0,687126000.0,0.0,61832000.0,58508875.25,13.206472533578292,0.0,0.027024550500402235,0.36478891172672206,0.0,13.206472533578292,0.0546046528548302,1.5798034768425813,16.293762574950033,0.8897152491041708,0.0,0.0,0.0,0.041721971208848366,0.0,0.004045260563560584,10.429397707889127,1.0,0.11619064722028265,0.11640014875418371,0.06292697998558146,0.04684197497953049,0.06292697998558137,0.11640014875418371,0.0,0.11640014875418371,0.06292697998558146,0.04684197497953049,Banks—Regional,Financial Services,6.99,78876558,9578,RBKB
2016,2016-12-31,2016-12-31,2689000.0,29129000.0,0.0,0.645947,29129000.0,1.0,722557000.0,52517000.0,558929000.0,0.0,670040000.0,0.0,57686000.0,50592875.25,12.615535915854469,0.0,0.020282136910998026,0.2790524972865929,0.0,12.615535915854469,0.05120246777234039,1.6792157386110063,18.190358962439568,0.9313912685416151,0.0,0.0,0.0,0.04031377455342623,0.0,0.0037215057082001833,12.737988346354166,1.0,0.0,0.0,0.0,0.0,0.0,0.0,0.0,0.0,0.0,0.0,Banks—Regional,Financial Services,6.99,78876558,9578,RBKB
TTM,,,,,,,,,,,,,,,,164030558.0,10.174432095174687,0.0,0.08260031306780545,1.0080204485309392,0.06475299019311759,10.174432095174687,0.052319860043007614,1.6722472438941656,13.24701778996865,0.6870162319246367,0.0,0.0,0.0,0.03490965070366245,0.0,0.004249728933608162,8.0609665815023,1.0,,,,,,,,,,,Banks—Regional,Financial Services,6.99,78876558,9578,RBKB
