Quarters,Year,Quarter,FillingDate,Date,NetIncome,Revenue,OperatingIncome,EPSDiluted,GrossProfit,GrossProfitRatio,TotalAssets,CommonStockEquity,CurrentAssets,CurrentLiability,TotalLiability,Inventory,RetainedEarnings,MarketCap,EnterpriseValue,bookValuePerShare,currentRatio,debtToAssets,debtToEquity,roic,shareholdersEquityPerShare,roe,priceToSalesRatio,peRatio,pbRatio,payoutRatio,inventoryTurnover,dividendYield,assetTurnover,quickRatio,returnOnAssets,priceToFreeCashFlowsRatio,grossProfitMargin,epsdilutedGrowth,fiveYNetIncomeGrowthPerShare,fiveYRevenueGrowthPerShare,fiveYShareholdersEquityGrowthPerShare,grossProfitGrowth,netIncomeGrowth,operatingIncomeGrowth,threeYNetIncomeGrowthPerShare,threeYRevenueGrowthPerShare,threeYShareholdersEquityGrowthPerShare,Industry,Sector,Symbol
2023Q1,2023,Q1,2023-05-10,2023-03-31,90455000.0,1911767000.0,127776000.0,1.6,398769000.0,0.2085866112,3969552000.0,1810670000.0,1973952000.0,1513077000.0,2140016000.0,1498948000.0,1457203000.0,3279995630.0,4565411630.0,33.06133255427538,1.3045945447587928,0.38082584634235805,0.8348887428410477,0.027384886700348846,33.06133255427538,0.049956645882463395,1.7156879630205981,9.065269001160798,1.8114817332810509,0.1333480736277707,1.0093732404326234,0.0036774439239115695,0.4816077481791396,0.30135677166462776,0.022787206213698674,1623.7602128712872,0.20858661123452807,-0.08045977011494247,3.670756749102262,0.6738617755391403,0.9066838624093574,0.03279936804755183,-0.08005003762992495,-0.06428226196230062,2.9117912530977086,0.4847618703908575,0.5524678992652837,Auto & Truck Dealerships,Consumer Cyclical,RUSHB
2022Q4,2022,Q4,2023-02-23,2022-12-31,98326000.0,1882941000.0,136554000.0,1.74,386105000.0,0.205054221,3821066000.0,1744491000.0,1867743000.0,1428674000.0,2058044000.0,1429429000.0,1378337000.0,3083877350.0,4318193350.0,31.83087309552048,1.3073262339764005,0.37564386482724976,0.8227958757024255,0.030723572635492146,31.83087309552048,0.05636371870075569,1.6377981837986426,7.840950892947949,1.7677806019062294,0.1162764680755853,1.0471565918978838,0.003707345883908126,0.49277897843167323,0.295165307130948,0.025732609695828336,71.28044910318047,0.20505422102976142,0.09433962264150937,0.01744322233052291,0.7073995665861019,0.8368854665320138,0.012341438602195082,0.08796583163671771,0.07491518219101521,3.1245413467238174,0.42384557375479276,0.499148463055213,Auto & Truck Dealerships,Consumer Cyclical,RUSHB
2022Q3,2022,Q3,2022-11-09,2022-09-30,90376000.0,1864286000.0,127037000.0,1.59,381398000.0,0.2045812713,3742579000.0,1657458000.0,1809356000.0,1419383000.0,2066560000.0,1351930000.0,1291602000.0,2646165120.0,3885179120.0,30.00901651216686,1.274748253290338,0.3897133500722363,0.8799818758605045,0.028677507923890642,30.00901651216686,0.05452687187246977,1.4193986974101613,7.319877843675312,1.5965201652168561,0.12762237762237763,1.0968674413616089,0.004358760499420384,0.4981286968157519,0.31024113998829067,0.02414805405577277,46.323987185546976,0.2045812713285408,-0.17187499999999992,2.28190772665159,0.6035222057037423,0.9190996672746216,0.01919212433460889,-0.18009199198018636,-0.05914547891840649,1.293825556530596,0.15696590560680831,0.4464848742150663,Auto & Truck Dealerships,Consumer Cyclical,RUSHB
2022Q2,2022,Q2,2022-08-09,2022-06-30,110227000.0,1791241000.0,135023000.0,1.92,374216000.0,0.2089143784,3669369000.0,1611037000.0,1742751000.0,1299553000.0,2040058000.0,1273969000.0,1212919000.0,2760300400.0,4013155400.0,28.954654924514738,1.3410388033423801,0.40049092909434836,0.9121758221567847,0.032334372489789466,28.954654924514738,0.06841990593636273,1.5409988940628312,6.260490623894327,1.7133687184093227,0.09531240077295036,1.1122915863729808,0.0038061074801858524,0.4881604984399225,0.34536721472690995,0.030039769780580802,-72.74860712120812,0.20891437835556467,0.1999999999999999,4.354818347732884,0.5905939343003346,0.9239793556414491,0.0833024548402038,0.19224903464463025,0.2560395910659634,1.631120130092488,0.15216361655035388,0.4373784623567392,Auto & Truck Dealerships,Consumer Cyclical,RUSHB
2022Q1,2022,Q1,2022-05-10,2022-03-31,92453000.0,1563202000.0,107499000.0,1.6,345440000.0,0.2209823171,3321548000.0,1545039000.0,1523575000.0,1128702000.0,1776509000.0,1111067000.0,1113341000.0,2704602300.0,3714914300.0,27.620562050842004,1.3498469923859442,0.3672498485645849,0.7895192289644468,0.02805119601308834,27.620562050842004,0.05983861896042754,1.7301681420571366,7.313451970190259,1.7505074629184119,0.11987712675629779,1.0960293123637008,0.004097829836201796,0.47062454012406263,0.3510962149442457,0.027834310989936016,-243.57009185878962,0.22098231706458923,0.35593220338983067,5.7477996479487095,0.5811130542566161,0.8525451689019948,0.17334166646852825,0.3469456140095281,0.19641406328254554,1.4599880577505486,0.14460546122503454,0.40791008254295896,Auto & Truck Dealerships,Consumer Cyclical,RUSHB
2021Q4,2021,Q4,2022-02-24,2021-12-31,68639000.0,1311800000.0,89851000.0,1.18,294407000.0,0.2244297911,3119977000.0,1466749000.0,1324454000.0,1003504000.0,1653228000.0,1020136000.0,1031582000.0,3018110340.0,4022223340.0,26.228478952827153,1.3198293180694844,0.36931650457679654,0.785587036364095,0.024303431273936554,26.228478952827153,0.0467966911857448,2.3007397011739594,10.99269489648742,2.0576869934801385,0.15386296420402396,0.9973111428280151,0.003499209376155545,0.42045181743326954,0.28732521245555576,0.021999841665499457,-49.34939566369077,0.22442979112669614,-0.016666666666666684,4.798977567662656,0.3554064443262135,0.7938081801133836,0.04290547122690802,-0.010951166443320509,-0.0035267109538755005,0.5075699687184012,-0.12150333073509244,0.4182034315235879,Auto & Truck Dealerships,Consumer Cyclical,RUSHB
2021Q3,2021,Q3,2021-11-05,2021-09-30,69399000.0,1266521000.0,90169000.0,1.2,282295000.0,0.222890106,2777329000.0,1412783000.0,1177993000.0,772725000.0,1364546000.0,754006000.0,973665000.0,2563440390.0,3213030390.0,25.22511471780313,1.5244660131353327,0.32739477389967125,0.6436112269187837,0.027217721174187543,25.22511471780313,0.04912219357112876,2.024001489118617,9.234428413954092,1.8144615202759378,0.15240853614605399,1.3053291353119205,0.00412609555551241,0.4560212347906928,0.5292620272412566,0.02498767700909759,15.728944077655605,0.22289010604640586,0.19999999999999996,3.948582505455827,0.22607243618960618,0.7569945669243058,0.04251759718149655,0.19562745503411205,0.23873830555975326,0.7535686425046589,-0.031070935779435007,0.3656050692903284,Auto & Truck Dealerships,Consumer Cyclical,RUSHB
2021Q2,2021,Q2,2021-08-06,2021-06-30,58044000.0,1316015000.0,72791000.0,1.0,270782000.0,0.2057590529,2912124000.0,1360199000.0,1306280000.0,928811000.0,1551925000.0,813773000.0,915003000.0,2136183260.0,2924393260.0,24.285364852077343,1.4064002256648553,0.37914628635319103,0.8117349005549923,0.021371539647386615,24.285364852077343,0.04267316767620032,1.6232210575107426,9.200706619116533,1.570493185188344,0.17242092205912757,1.284428212781697,0.004684991305474419,0.4519089846448846,0.5128556832337257,0.01993184356160658,14.617075467179406,0.20575905289833324,0.2658227848101265,4.784286939727078,0.3820294199683979,0.7331167507410336,0.10607236514251636,0.2803917675865264,0.29463761671854155,1.0839685658812794,0.029489543839944135,0.35388965218643625,Auto & Truck Dealerships,Consumer Cyclical,RUSHB
2021Q1,2021,Q1,2021-05-07,2021-03-31,45333000.0,1231806000.0,56225000.0,0.79,244814000.0,0.1987439581,3008423000.0,1309229000.0,1396752000.0,1028306000.0,1699194000.0,877876000.0,867119000.0,2505516030.0,3430450030.0,23.561268378713986,1.358303851188265,0.412509809956911,0.9478891775235654,0.016449613070406842,23.561268378713986,0.034625722467192525,2.034018368152128,13.817285586658725,1.913733983894338,0.21869278450576843,1.124295458584128,0.003956869515618305,0.4094523941613264,0.48938837272173846,0.015068692135381229,347.6021129300777,0.19874395805833062,0.09722222222222231,19.720786642377558,0.2592588917475275,0.6817924647124055,0.03654369704847512,0.1050091407678245,0.05016903565625058,1.3071250466564734,0.06298943462923755,0.35880458302278667,Auto & Truck Dealerships,Consumer Cyclical,RUSHB
2020Q4,2020,Q4,2021-02-24,2020-12-31,41025000.0,1268197000.0,53539000.0,0.72,236183000.0,0.1862352616,2985393000.0,1268037000.0,1357726000.0,1026794000.0,1717356000.0,858291000.0,831850000.0,2093801400.0,3001657400.0,22.946742671009773,1.3222963905126053,0.40862425817974385,0.9620413284470406,0.01536436160502207,22.946742671009773,0.032353156887377894,1.6510064288119275,12.759301645338208,1.6512147516200237,0.18966483851310176,1.2024057108836048,0.0037162072773473166,0.42480068788263387,0.4718853051342334,0.013741909356657566,14.524955602419668,0.18623526155636702,0.2,3.582064699456381,0.196362174146369,0.6449116794603867,0.11170052529512549,0.20878635198444268,0.24892693850891107,-0.5789829321216108,0.14049786806356282,0.3242030147944527,Auto & Truck Dealerships,Consumer Cyclical,RUSHB
2020Q3,2020,Q3,2020-11-06,2020-09-30,33939000.0,1178568000.0,42868000.0,0.6,212452000.0,0.1802628274,3010689000.0,1227073000.0,1366413000.0,1089263000.0,1783616000.0,937878000.0,798606000.0,1625306098.9,2711727098.9,22.297039957843477,1.2544380925451428,0.44706178552484166,1.0968899160848622,0.012085651304396483,22.297039957843477,0.027658501164967365,1.379051610853171,11.972259781519785,1.3245390444578276,0.15262677156074134,1.030108393629022,0.0031870919597888673,0.39146122366009906,0.381193522592799,0.011272834889289462,11.082438488026403,0.18026282743125555,0.9354838709677419,0.8777904166408176,0.0019010950132870093,0.622120508312842,0.1046165204777181,1.018256422454805,0.8637450545628451,0.2369150509913817,0.017383446327522718,0.42591284012781555,Auto & Truck Dealerships,Consumer Cyclical,RUSHB
2020Q2,2020,Q2,2020-08-07,2020-06-30,16816000.0,1002512000.0,23001000.0,0.31,192331000.0,0.1918490751,3064601000.0,1186560000.0,1398339000.0,1163653000.0,1878041000.0,1004624000.0,1095976000.0,1294135245.45,2554076245.45,21.79713978672398,1.201680397850562,0.48146463438470455,1.2435081243257822,0.0060790991856835225,21.79713978672398,0.014172060409924487,1.290892523431141,19.239641493964083,1.0906614460709951,0.2822312083729781,0.8064519661087133,0.003667313765455564,0.3271264350563091,0.32503933732822415,0.005487174349939845,5.246891300355162,0.1918490751232903,-0.2439024390243902,-0.04668734972607173,-0.16367395271472795,0.6293321265701173,-0.17982865744708978,-0.27225516077379147,-0.34650680455720656,-0.1650194084175025,-0.09010389211950615,0.4483766797089757,Auto & Truck Dealerships,Consumer Cyclical,RUSHB
2020Q1,2020,Q1,2020-05-11,2020-03-31,23107000.0,1286663000.0,35197000.0,0.41,234501000.0,0.1822551826,3242658000.0,1165476000.0,1557601000.0,1351844000.0,2077182000.0,1190319000.0,1083906000.0,1113157350.0,2629888350.0,21.295984651226533,1.1522046922573908,0.510158949849167,1.4193951655804151,0.008632663779712916,21.295984651226533,0.01982623408804643,0.8651506649371281,12.043507919678019,0.9551096290271098,0.20573852079456442,0.883932794486184,0.004270734950454219,0.39679269290810193,0.2604864170717923,0.0071259442099660215,12.461739583100105,0.18225518259248924,-0.046511627906976785,0.5121238488973181,0.1838353097896435,0.6312438268281555,0.0002687277659765055,-0.0272375178917235,-0.10719630672450092,0.7237967614876221,0.3301908607850723,0.42834796084238524,Auto & Truck Dealerships,Consumer Cyclical,RUSHB
2019Q4,2019,Q4,2020-02-26,2019-12-31,23754000.0,1317704000.0,39423000.0,0.43,234438000.0,0.177914008,3407329000.0,1159493000.0,1712551000.0,1507389000.0,2247836000.0,1326080000.0,1065553000.0,1663756020.3,3256189020.3,21.232635646138913,1.1361042172922848,0.5206579699230688,1.5300247608221869,0.009107512500506114,21.232635646138913,0.020486540237845335,1.2626174165821762,17.510272167845415,1.4348995813687535,0.1995032415593163,0.8168934000965251,0.002848374366300107,0.3867263771710921,0.24235549018866398,0.006971443027661843,12.166139099690684,0.17791400800179707,-0.3857142857142857,0.06056640748818166,0.07706445562476784,0.6679949699968353,-0.11455311820159536,-0.39254296235679215,-0.3240574044545034,1.0551129911235477,0.3942423017957881,0.4521343603612056,Auto & Truck Dealerships,Consumer Cyclical,RUSHB
2019Q3,2019,Q3,2019-11-08,2019-09-30,39104000.0,1599265000.0,58323000.0,0.7,264768000.0,0.1655560523,3405254000.0,1137253000.0,1728775000.0,1518847000.0,2268001000.0,1385132000.0,1046538000.0,1459241850.0,3180491850.0,20.746166826287226,1.1382153699483886,0.5307583516530632,1.589239157865488,0.014185490043945223,20.746166826287226,0.03438460922943268,0.9124453108146555,9.329236459185761,1.2831286002323141,0.1217522504091653,0.9634439172584274,0.0032626531373123654,0.46964631713229027,0.20989935128423073,0.011483431191916962,8.289168777905273,0.16555605231153062,-0.04109589041095894,0.8233874497786144,0.41078173279892477,0.6852409838668029,-0.0175803136108287,-0.0604742798106725,-0.056139953392024856,1.8488650169109522,0.5817842677323969,0.44502424690921105,Auto & Truck Dealerships,Consumer Cyclical,RUSHB
2019Q2,2019,Q2,2019-08-09,2019-06-30,41621000.0,1544561000.0,61792000.0,0.73,269506000.0,0.1744871196,3530695000.0,1113524000.0,1882541000.0,1698251000.0,2417171000.0,1512445000.0,1012195000.0,1374211080.0,3245753080.0,20.144071782626,1.1085175277388324,0.561614073149904,1.7807321620369205,0.014670851725225894,20.144071782626,0.03737773052040189,0.8897098139859805,8.254313207275173,1.2341099787701029,0.10660483890343816,0.8430422263288913,0.0032287616251791534,0.4374665611161542,0.20838439076438053,0.011788330626123186,-15.996310937281743,0.17448711964111485,0.12307692307692301,1.2630889317221803,0.40898131898838425,0.6879057680209065,0.04900434383222532,0.12173889607589478,0.08660558847837938,3.202526909769859,0.6434897910690606,0.4375747882417578,Auto & Truck Dealerships,Consumer Cyclical,RUSHB
2019Q1,2019,Q1,2019-05-10,2019-03-31,37104000.0,1348317000.0,56867000.0,0.65,256916000.0,0.1905456951,3422026000.0,1083421000.0,1819457000.0,1650685000.0,2338605000.0,1465442000.0,975011000.0,1546314000.0,3325152000.0,19.618129306208182,1.1022436140147878,0.5568075753953944,1.7586976807722945,0.013682360983928964,19.618129306208182,0.03424707477517973,1.146847514345662,10.41878234152652,1.4272512716663237,0.11804657179818888,0.7447589191520374,0.0028325424202328897,0.3940113254545699,0.20616955990997676,0.010842699617127397,-15.602312628647535,0.1905456951147245,-0.18750000000000003,2.2993678383177905,0.5025255481497622,0.6972414213512913,-0.007433163344150826,-0.21003214886414442,-0.16845306856566306,16.06435210247966,0.38688999450682166,0.40033301724715464,Auto & Truck Dealerships,Consumer Cyclical,RUSHB
2018Q4,2018,Q4,2019-02-25,2018-12-31,46969000.0,1540442000.0,68387000.0,0.8,258840000.0,0.1680296954,3201350000.0,1066928000.0,1687944000.0,1493295000.0,2134422000.0,1339923000.0,942287000.0,1369174077.0,2930754077.0,18.494158433003985,1.1303486585035107,0.5289349805550784,1.5870855390429346,0.018318756035901728,18.494158433003985,0.04402265195027218,0.8888189733855608,7.287647581383466,1.283286292045949,0.09878856266899444,0.9564743645716955,0.003388904360624993,0.4811851250253799,0.22451089704311605,0.01467162290908523,-27.549882832307134,0.16802969537314616,0.15942028985507262,2.2373332396112997,0.7052390126029424,0.6422164290480055,0.03928016478155603,0.12730109204368176,0.16603863663489574,4.0249793684807615,0.3919756704230671,0.3257331397485171,Auto & Truck Dealerships,Consumer Cyclical,RUSHB
2018Q3,2018,Q3,2018-11-09,2018-09-30,41665000.0,1376136000.0,58649000.0,0.69,249057000.0,0.1809828389,3189803000.0,1089159000.0,1681235000.0,1447081000.0,2100644000.0,1270941000.0,899958000.0,1578258315.45,3034339315.45,18.471749472131066,1.1618112600469497,0.5209255869406355,1.525626653225103,0.015979194293746148,18.471749472131066,0.03825428610515085,1.1468767007403338,9.469928689847594,1.4490614459872249,0.0,0.8868067046385316,0.0,0.4314172379924403,0.27309183107234497,0.013061935172799072,-33.60642027660073,0.18098283890545702,0.43749999999999994,1.7622981692176585,0.5167097085758949,0.671844939166747,0.023338277651544722,0.4177073054544217,0.35055036153456454,1.1515893991706272,0.09187141304252508,0.34382876380954,Auto & Truck Dealerships,Consumer Cyclical,RUSHB
2018Q2,2018,Q2,2018-08-09,2018-06-30,29389000.0,1348831000.0,43426000.0,0.48,243377000.0,0.180435503,3016463000.0,1060078000.0,1512610000.0,1312489000.0,1956385000.0,1126613000.0,862985000.0,1729618069.95,3114465069.95,17.937477262536273,1.1524744207380024,0.5082651436467147,1.4462737647607062,0.01228723438607941,17.937477262536273,0.027723431672009042,1.2823089549024305,14.713141566147197,1.6315950995587118,0.0,0.981218927883843,0.0,0.4471564875816478,0.2795307236860652,0.009742867722892673,400.7456139828545,0.18043550303929848,0.4117647058823528,4.23848147968684,0.7147189589788575,0.6623703674693511,0.07216899050639881,0.3968819810827511,0.34076383957516443,0.5346565687978427,0.03647138932213701,0.34082307401047834,Auto & Truck Dealerships,Consumer Cyclical,RUSHB
2018Q1,2018,Q1,2018-05-10,2018-03-31,21039000.0,1240781000.0,32389000.0,0.34,226995000.0,0.1829452579,2899204000.0,1031669000.0,1400805000.0,1205737000.0,1867535000.0,1044710000.0,833596000.0,1601672700.0,2950983700.0,17.339703348880207,1.1617832081125485,0.5108378023761004,1.4355602426747338,0.00936581872283864,17.339703348880207,0.020393168739198327,1.2908584996062964,19.03218665335805,1.5525063755913961,0.0,0.9703994409931943,0.0,0.42797298844786363,0.27754062453088857,0.007256819458030549,23.06257397514723,0.18294525786581195,-0.7988165680473372,0.531659569243786,0.6169670988916334,0.6076508955843379,0.06615972081969292,-0.8012695174133583,-0.14803903516847727,0.2664142372333731,0.05009478947678514,0.328197991787304,Auto & Truck Dealerships,Consumer Cyclical,RUSHB
2017Q4,2017,Q4,2018-03-01,2017-12-31,105867000.0,1208103000.0,38017000.0,1.69,212909000.0,0.1762341456,2890139000.0,1040373000.0,1375098000.0,1172207000.0,1849766000.0,1033294000.0,812557000.0,1929605250.0,3278294250.0,17.328719550281075,1.1730846173073528,0.509743649007885,1.4160594325304483,0.0450257126705225,17.328719550281075,0.10175869615993495,1.597219152671585,4.5566731134347815,1.8547244594006187,0.0,0.9631276287290935,0.0,0.41800861481056795,0.27327170030549214,0.03663041812175816,-21.75453218187353,0.17623414559851272,2.5208333333333335,6.211768003697928,0.5979298486222109,0.6574625264896786,-0.03244292154439032,2.5544923448831587,-0.21510859691138823,3.2993553867424654,-0.10180751606006398,0.36131083903428607,Auto & Truck Dealerships,Consumer Cyclical,RUSHB
2017Q3,2017,Q3,2017-11-09,2017-09-30,29784000.0,1257459000.0,48436000.0,0.48,220048000.0,0.1749941748,2758990000.0,934117000.0,1274372000.0,1094082000.0,1824873000.0,960962000.0,706690000.0,1737166500.0,2989328500.0,15.637028667085165,1.1647865516478655,0.5002109467595026,1.4774134289387733,0.013289433238082089,15.637028667085165,0.03188465684705449,1.3814895754056395,14.581373388396454,1.8596883473911725,0.0,1.0795546546065298,0.0,0.45576787157619275,0.2703280010090651,0.010795254785265622,-88.49098364831134,0.1749941747603699,0.3333333333333333,0.9432932420273704,0.6415868628546485,0.5362585372046083,0.0524986607484503,0.3538797218055366,0.29483786457080224,0.27442118429899265,0.01790069342065057,0.2702183394322988,Auto & Truck Dealerships,Consumer Cyclical,RUSHB
2017Q2,2017,Q2,2017-08-09,2017-06-30,21999000.0,1203523000.0,37407000.0,0.36,209072000.0,0.1737166635,2691799000.0,894880000.0,1220977000.0,1077735000.0,1796919000.0,916601000.0,676906000.0,1443363237.8999999,2674222237.8999996,15.049358424566536,1.1329102237563038,0.5032567439099279,1.5137962631861255,0.01020691782793507,15.049358424566536,0.024583184337564814,1.1992818067456956,16.402600548888586,1.6129126116350796,0.0,1.0849333570441229,0.0,0.44710730630333095,0.2626851684319429,0.008172601297496581,27.31883328727713,0.17371666349542136,0.5,0.23191202781366657,0.40476581524035615,0.5191605006589017,0.11263550586194235,0.5193728848677395,0.5053724495955572,0.11198148242782582,0.0206105889946264,0.2610111383612466,Auto & Truck Dealerships,Consumer Cyclical,RUSHB
2017Q1,2017,Q1,2017-05-10,2017-03-31,14479000.0,1044797000.0,24849000.0,0.24,187907000.0,0.1798502484,2639561000.0,881354000.0,1163545000.0,1023408000.0,1758207000.0,872907000.0,654907000.0,1228774590.45,2498358590.45,14.909521513698225,1.1369317027031252,0.5147283961234462,1.5415565141815888,0.007022660838098636,14.909521513698225,0.01642813216936668,1.176089317302787,21.216496140099455,1.3941896110416472,0.0,0.9816509662541371,0.0,0.39582225983790487,0.26220138986601627,0.005485381849481789,-729.6761225950119,0.1798502484214637,0.14285714285714285,-0.11332115299156756,0.30922956643198046,0.5449636991397863,0.08649420635104194,0.15924739791833467,0.06251336212425707,0.2028225353216209,0.08771409066061105,0.28988126699567696,Auto & Truck Dealerships,Consumer Cyclical,RUSHB
2016Q4,2016,Q4,2017-03-01,2016-12-31,12490000.0,1021271000.0,23387000.0,0.21,172948000.0,0.1693458445,2603047000.0,862825000.0,1111448000.0,993130000.0,1740222000.0,840304000.0,640428000.0,1214425800.0,2467057800.0,14.621674292492798,1.1191364675319444,0.5127291209109939,1.546846695448092,0.006276277999272371,14.621674292492798,0.014475704806884362,1.1891317779512,24.307962369895915,1.407499550893866,0.0,1.009542974923361,0.0,0.39233674997032325,0.25010925055128735,0.0047982230055776945,12.520886258660507,0.1693458445407732,-0.16000000000000003,-0.3712308001280269,0.284057067011577,0.5848445630341461,-0.04615147036113746,-0.16061827956989247,-0.1522763520371176,-0.15838502325178147,0.10523806282842274,0.29835341414993544,Auto & Truck Dealerships,Consumer Cyclical,RUSHB
2016Q3,2016,Q3,2016-11-08,2016-09-30,14880000.0,1096041000.0,27588000.0,0.25,181316000.0,0.1654281181,2695495000.0,853170000.0,1186861000.0,1076446000.0,1842325000.0,911669000.0,627938000.0,963091250.8500001,2296908250.8500004,14.356967968296438,1.1025736544146199,0.5288509160655093,1.6708452008392232,0.0071419813451927315,14.356967968296438,0.017440838285453075,0.8787000220338474,16.180968596270162,1.1288386263581702,0.0,1.0033520937972005,0.0,0.4066195633826069,0.2329201836413531,0.005520321870380023,8.05765530934951,0.16542811810872038,0.38888888888888895,-0.11205234180852867,0.5068295619599876,0.6079166587147629,0.004643225213045357,0.37561246186558195,0.2788800296680883,-0.021158191169345517,0.198611171124496,0.2994234398744439,Auto & Truck Dealerships,Consumer Cyclical,RUSHB
2016Q2,2016,Q2,2016-08-09,2016-06-30,10817000.0,1026462000.0,21572000.0,0.18,180478000.0,0.1758253106,2812695000.0,846007000.0,1302541000.0,1204604000.0,1966688000.0,1038598000.0,613058000.0,836797500.0,2289644500.0,14.012538302277433,1.0813022370837222,0.5494769251554115,1.8268300380493305,0.0052930223049866615,14.012538302277433,0.012785946215575049,0.815225015636234,19.339870111860957,0.9891141562658464,0.0,0.8145442221148125,0.0,0.36493896423181327,0.1931257077014521,0.003845777803850044,13.870338140228743,0.17582531063010612,3.4999999999999996,-0.18781714182508866,0.45739955369486973,0.6200661845564602,-0.015234353685818738,3.516492693110647,1.6368414619239702,0.8873252399774137,0.2773137918679139,0.29862344106696465,Auto & Truck Dealerships,Consumer Cyclical,RUSHB
2016Q1,2016,Q1,2016-05-10,2016-03-31,2395000.0,1070840000.0,8181000.0,0.04,183270000.0,0.1711460162,2796792000.0,852198000.0,1295367000.0,1200553000.0,1944594000.0,1029587000.0,602241000.0,740495752.3499999,2216530752.35,14.009617044361699,1.0789752722287147,0.5537401422772948,1.8172959805115712,0.001998260505397816,14.009617044361699,0.002810379747429588,0.6915092379347054,77.29600755219207,0.8689245367273802,0.0,0.862064109201068,0.0,0.3828815299814931,0.1956673299721045,0.0008563382618371334,15.6361280533384,0.17114601621157222,-0.75,-0.6942561674637594,1.2268748768281026,0.6580825414086594,0.04317980009562624,-0.7559360032609803,-0.5773621945549413,-0.8294596524667495,0.3649448525073483,0.2989018863241505,Auto & Truck Dealerships,Consumer Cyclical,RUSHB
2015Q4,2015,Q4,2016-02-29,2015-12-31,9813000.0,1161819000.0,19357000.0,0.16,175684000.0,0.151214604,2852008000.0,844897000.0,1326586000.0,1247037000.0,2007111000.0,1061198000.0,599846000.0,884256300.0,2405687300.0,13.950136628938917,1.0637904087849839,0.5561968970634024,1.8774809237102275,0.004723202843453324,13.950136628938917,0.011614433475323028,0.7610964358475804,22.527675022928765,1.0465847316300092,0.0,0.9292657920576556,0.0,0.40736877315912157,0.18638981842559604,0.0034407336865815243,86.64931896129349,0.15121460399597528,-0.5,-0.005958122258056904,1.3382569328788554,0.6932565353878128,-0.15539786931271873,-0.5064628074234271,-0.4627532611712462,-0.33735605708572564,0.5233142814542021,0.33430682138901985,Auto & Truck Dealerships,Consumer Cyclical,RUSHB
2015Q3,2015,Q3,2015-11-09,2015-09-30,19883000.0,1294076000.0,36030000.0,0.32,208008000.0,0.1607386274,2870490000.0,832180000.0,1431092000.0,1344726000.0,2038310000.0,1114831000.0,590033000.0,940814910.0,2457778910.0,13.74561251373025,1.0642257233072017,0.5510843096474818,1.9008892306952823,0.008855479016103222,13.74561251373025,0.023892667451753228,0.7270167362658762,11.829388296534727,1.1305425629070633,0.0,0.9741996769017008,0.0,0.4508205916063111,0.21080874468107258,0.006926691958515793,-19.24389760477817,0.16073862740673656,0.0,0.29950519186000435,1.9507509227998852,0.7009642160032363,0.001806071289245929,0.01568246832856559,0.013217097862767153,0.2800622679997776,0.6669542615430517,0.3504365198085228,Auto & Truck Dealerships,Consumer Cyclical,RUSHB
2015Q2,2015,Q2,2015-08-07,2015-06-30,19576000.0,1330303000.0,35560000.0,0.32,207633000.0,0.1560794796,2747016000.0,808196000.0,1369858000.0,1255482000.0,1938820000.0,1078169000.0,570150000.0,966600000.0,2412473000.0,13.377959859300642,1.0911012662865736,0.5528984905803243,1.8792730971200056,0.009119019698237321,13.377959859300642,0.024221847175685107,0.7266013832938811,12.344196975888844,1.1959970106261353,0.0,1.0412746053726272,0.0,0.48427202462599417,0.2048113792153133,0.0071262781141427645,12.525268232001244,0.15607947963734578,0.18518518518518512,2.1867243223234074,2.7344675650862897,0.7078675368226016,0.07236264474078359,0.1665574161253799,0.17247518876322993,0.07899820008250315,0.528340474292051,0.350440837695393,Auto & Truck Dealerships,Consumer Cyclical,RUSHB
2015Q1,2015,Q1,2015-05-11,2015-03-31,16781000.0,1193535000.0,30329000.0,0.27,193622000.0,0.1622256574,2738723000.0,784596000.0,1426630000.0,1292880000.0,1954127000.0,1124953000.0,550574000.0,990431520.0,2487764520.0,13.055059152398542,1.1034512097023699,0.563988398972806,1.968666676862997,0.007779929041281414,13.055059152398542,0.021388077430932607,0.8298303107994319,14.755251772838328,1.2623458697214873,0.0,0.888848689678591,0.0,0.4357998234943804,0.20233277643710165,0.00612730823818254,-5.532271599973188,0.162225657395887,-0.325,5.959533209631914,2.59049793137695,0.6900222323544992,-0.022274065433538853,-0.3185934137328948,-0.2954117783714717,0.01079956252743781,0.4710873966471535,0.3527994484630122,Auto & Truck Dealerships,Consumer Cyclical,RUSHB
2014Q4,2014,Q4,2015-03-02,2014-12-31,24627000.0,1345206000.0,43045000.0,0.4,198033000.0,0.147213884,2694262000.0,764339000.0,1445514000.0,1274610000.0,1929923000.0,1024104000.0,533793000.0,1127242798.5,2417260798.5,12.729436256141227,1.134083366676866,0.549865232111799,1.9382512209896394,0.011447035013968092,12.729436256141227,0.032219996624534404,0.8379703915236774,11.443159931173103,1.4747942974256187,0.0,1.1201723653066487,0.0,0.4992855186318183,0.29001655408320975,0.009140536443746005,-14.390762258875796,0.14721388397018748,0.05263157894736847,13.907499574145987,3.225213550929291,0.665197519187139,-0.003552397868561279,0.048939432660362894,0.04941732897752207,0.2183977749546531,0.6621908479088062,0.37974471578765645,Auto & Truck Dealerships,Consumer Cyclical,RUSHB
2014Q3,2014,Q3,2014-11-10,2014-09-30,23478000.0,1241022000.0,41018000.0,0.38,198739000.0,0.1601413996,2456612000.0,738778000.0,1260193000.0,1134870000.0,1717834000.0,928802000.0,509166000.0,1178233599.6,2351594599.6,12.310504565753517,1.1104293883880973,0.5365474889807589,1.7841476059113834,0.01195923875179359,12.310504565753517,0.031779506157465436,0.9494058925627425,12.546145323281369,1.5948412102147056,0.0,1.1221799694660433,0.0,0.5051762345864955,0.26967229726752845,0.00955706477050507,-49.16886865584442,0.16014139958840376,0.15151515151515146,6.239813506713552,2.8061617088891517,0.614266584969952,0.02787705134239122,0.1834862385321101,0.1742242070308027,0.3873315956939495,0.6894741687175777,0.3787218451813517,Auto & Truck Dealerships,Consumer Cyclical,RUSHB
2014Q2,2014,Q2,2014-08-08,2014-06-30,19838000.0,1182461000.0,34932000.0,0.33,193349000.0,0.1635140609,2353564000.0,711604000.0,1189277000.0,1046333000.0,1641960000.0,865500000.0,485688000.0,1250170937.55,2390731937.55,11.934358045499904,1.1366142518681912,0.5402546945823441,1.7868421200555364,0.010551003164474175,11.934358045499904,0.027877864655060963,1.057261878023884,15.754750195962295,1.7568351745493278,0.0,1.1428214904679377,0.0,0.5024129362957626,0.2839736489243864,0.008428918865176388,-134.45589777909228,0.1635140609288594,0.65,13.152898373572066,2.5299234752784465,0.5769977963603781,0.16527949374717493,0.6512402197436324,0.5357425481403324,0.5082130751867746,0.6999666750201037,0.3797963999685432,Auto & Truck Dealerships,Consumer Cyclical,RUSHB
2014Q1,2014,Q1,2014-05-12,2014-03-31,12014000.0,958667000.0,22746000.0,0.2,165925000.0,0.1730788689,2263720000.0,681948000.0,1124543000.0,979067000.0,1581772000.0,865685000.0,465850000.0,1107197766.6,2237796766.6,11.558832502796704,1.1485863582369746,0.5411305285105932,1.796277722055054,0.0071340058707447295,11.558832502796704,0.01761717902244746,1.1549346818029618,23.039740440319626,1.6235809278713333,0.0,0.9157395588464626,0.0,0.4234918629512484,0.2351463178720149,0.005307193469156963,-18.364229596457182,0.17307886888773683,-0.19999999999999996,2.9465382932343522,1.73973408381949,0.5249977641130229,0.10450254949209857,-0.191466451308971,-0.17233098027800015,0.5813091074501351,1.0554928263913095,0.368024430023054,Auto & Truck Dealerships,Consumer Cyclical,RUSHB
2013Q4,2013,Q4,2014-03-03,2013-12-31,14859000.0,925179000.0,27482000.0,0.25,150226000.0,0.1623750647,2167798000.0,665381000.0,1153436000.0,929175000.0,1502417000.0,802220000.0,453836000.0,1004419500.0,1909011500.0,11.261705890815541,1.241354965426319,0.5175283859473991,1.686097138331272,0.009070985367740708,11.261705890815541,0.022331566425852257,1.0856488311991517,16.89917726630325,1.5095403986588134,0.0,0.9660105706664007,0.0,0.4267828460031793,0.34503511179271934,0.006854420937744199,37.05934767368926,0.16237506471720609,0.0,1.723869794103169,1.2704219590386818,0.5019496730147667,-0.0005721432753206663,-0.021081757691547534,-0.01392177969142447,0.5429489512976072,0.9087041392497714,0.3669369416555513,Auto & Truck Dealerships,Consumer Cyclical,RUSHB
2013Q3,2013,Q3,2013-11-08,2013-09-30,15179000.0,913064000.0,27870000.0,0.25,150312000.0,0.1646237285,2045530000.0,655598000.0,1078842000.0,852114000.0,1389932000.0,772196000.0,438977000.0,901133217.9,1816041217.9,11.048721708209044,1.266077074194298,0.5285515245437613,1.6491325476892853,0.009460010200311666,11.048721708209044,0.023152907726991235,0.9869332466289329,14.841775115290863,1.374520998996336,0.0,0.9877699444182565,0.0,0.44637037833715465,0.3293855047564058,0.0074205707078361105,1494.4166134328357,0.16462372845715087,1.679528403001072,0.842647640805905,1.143428591947361,0.5229805546565761,0.0916855499389925,1.6951349431818181,1.3640681991687167,0.012201226547916253,1.1242302079276414,0.3672348350769569,Auto & Truck Dealerships,Consumer Cyclical,RUSHB
2013Q2,2013,Q2,2013-08-09,2013-06-30,5632000.0,789674000.0,11789000.0,0.0933,137688000.0,0.1743605589,1972240000.0,640167000.0,1067443000.0,823368000.0,1332073000.0,752195000.0,423798000.0,869350982.4,1705508982.4,10.79030137540453,1.2964348869521283,0.5271630227558513,1.6240949627206651,0.00412872553703703,10.79030137540453,0.008797704349021428,1.1008985763745545,38.58979857954545,1.3580065551645117,0.0,0.8667778966890235,0.0,0.4003944753174056,0.3559890595699614,0.0028556362308846794,-11.957237912110584,0.17436055891418484,-0.5943478260869566,-0.09737595768503053,0.688588934840173,0.48493999132348503,0.029150596466050768,-0.5842621982726803,-0.521025474342827,-0.06642269650749431,1.2573196413880499,0.3775198629239305,Auto & Truck Dealerships,Consumer Cyclical,RUSHB
2013Q1,2013,Q1,2013-05-10,2013-03-31,13547000.0,756788000.0,24613000.0,0.23,133788000.0,0.1767839871,1861315000.0,632891000.0,981304000.0,734378000.0,1228424000.0,676594000.0,418166000.0,803115025.95,1552986025.95,10.785739240096458,1.3362382860052997,0.5130351391355037,1.5088222142517431,0.009216650022283668,10.785739240096458,0.021404949667478287,1.0612153284010846,14.820901785450653,1.2689626269768413,0.0,0.9207885378823932,0.0,0.4065878156034846,0.3835177524381177,0.00727818773286628,29.852247925881873,0.17678398706110562,-0.04166666666666659,0.37350475224573165,0.8381610364987695,0.5098466318815805,0.13668649107901445,-0.047193698129132086,-0.024339001863083205,4.754315200425263,1.3317500844330998,0.3962509779047894,Auto & Truck Dealerships,Consumer Cyclical,RUSHB
2012Q4,2012,Q4,2013-03-15,2012-12-31,14218000.0,732261000.0,25227000.0,0.24,117700000.0,0.1607350385,1881566000.0,607946000.0,1006059000.0,788446000.0,1273620000.0,690953000.0,404619000.0,669876480.0,1455260480.0,10.45496913102547,1.276002414876859,0.5230520747079827,1.6188230533632921,0.009793278543635753,10.45496913102547,0.023386945551085128,0.9148056225853897,11.778669292446194,1.10186838962671,0.0,0.889439657979631,0.0,0.38917635629045166,0.365767598541942,0.007556471577398826,7.489423208076652,0.16073503846306167,-0.040000000000000036,0.14496107033449535,0.5808233058148577,0.5060496367339975,-0.05968634907446613,-0.0463478435844121,-0.08687153871212944,7.887229672959698,1.3749822670613998,0.36766376058190303,Auto & Truck Dealerships,Consumer Cyclical,RUSHB
2012Q3,2012,Q3,2012-11-09,2012-09-30,14909000.0,745133000.0,27627000.0,0.25,125171000.0,0.1679847759,1862928000.0,591481000.0,1054724000.0,814554000.0,1271447000.0,715868000.0,390401000.0,655480800.0,1424194800.0,10.178643951127173,1.2948484692236488,0.5362617342162446,1.6890094525436996,0.01036888484937991,10.178643951127173,0.025206219641881987,0.8796829559286732,10.991360922932458,1.1082026303465369,0.0,0.8660283739460347,0.0,0.39997949464498894,0.3958534363590382,0.008002993137684334,6.264750071681163,0.16798477587222685,-0.13793103448275856,0.11872014228200498,0.40724395229153837,0.5129170200907578,-0.034442593106853034,-0.14424291126162322,-0.13573797159481948,3.747905001565263,1.360091159606483,0.33471741331549465,Auto & Truck Dealerships,Consumer Cyclical,RUSHB
2012Q2,2012,Q2,2012-08-09,2012-06-30,17422000.0,835844000.0,31966000.0,0.29,129636000.0,0.155095927,1885441000.0,574693000.0,1110893000.0,889979000.0,1310748000.0,829002000.0,375492000.0,523661433.75,1391112433.75,9.906365007541478,1.2482238344949712,0.5497154246672264,1.8034950834619528,0.011777610841625165,9.906365007541478,0.03031531617750695,0.6265061826728433,7.514370246670876,0.9112020396107139,0.0,0.8518773175456754,0.0,0.4433148531298513,0.29762500014045273,0.009240278534305767,23.239756523765145,0.15509592699116104,0.07407407407407393,0.31293841207661666,0.5823779864402987,0.5243958459730726,0.010728208326836115,0.09530994593235258,0.08801906058543227,11.96977514962896,1.5646105835750808,0.3090202026178682,Auto & Truck Dealerships,Consumer Cyclical,RUSHB
2012Q1,2012,Q1,2012-05-10,2012-03-31,15906000.0,777329000.0,29380000.0,0.27,128260000.0,0.1650009198,1834653000.0,555675000.0,1080555000.0,873752000.0,1278978000.0,808135000.0,358070000.0,663327360.0,1514400360.0,9.650402480006251,1.2366838645290654,0.5531634592481521,1.8263607324425248,0.011098268003335396,9.650402480006251,0.028624645701174248,0.8533418410994572,10.425741229724633,1.1937325954919693,0.0,0.8031690249772625,0.0,0.4236926546872896,0.29079303967258446,0.008669759349588179,-3.9431899703366406,0.16500091981644838,-0.2058823529411765,0.20151073896075453,0.43949597083793834,0.5412112314896919,0.05486516049971626,-0.17938399628540475,-0.14593023255813953,4.353669157246582,1.2761839818169305,0.2732118231871175,Auto & Truck Dealerships,Consumer Cyclical,RUSHB
2011Q4,2011,Q4,2012-03-15,2011-12-31,19383000.0,776080000.0,34400000.0,0.34,121589000.0,0.1566707041,1717701000.0,531234000.0,980005000.0,790791000.0,1186467000.0,649626000.0,342164000.0,652577080.65,1339336080.65,9.225935863703858,1.239271817711633,0.5207739880223624,1.6838794203684253,0.014191620480376334,9.225935863703858,0.03648674595376049,0.840863159274817,8.41687407328587,1.228417384147099,0.0,1.0074889243964988,0.0,0.45181320846876144,0.3868721318274993,0.011284268915253587,-8.257020240279378,0.15667070405112876,0.25925925925925924,0.19713616194160807,0.20784486143076977,0.5389305354734344,0.06855731711604035,0.20803988781551885,0.2143462298785654,2.6459317884783333,0.9542408451137795,0.23044337048849547,Auto & Truck Dealerships,Consumer Cyclical,RUSHB
2011Q3,2011,Q3,2011-11-09,2011-09-30,16045000.0,696445000.0,28328000.0,0.27,113788000.0,0.1633840432,1485178000.0,508038000.0,797136000.0,633692000.0,977140000.0,524397000.0,322781000.0,442666440.0,1013533440.0,8.928925445534114,1.2579234075860197,0.5077586659646184,1.4843614060365564,0.013170630286930175,8.928925445534114,0.0315822832150351,0.6356086123096584,6.897264568401371,0.8713254520331156,0.0,1.1110990337473325,0.0,0.4689303235033107,0.40486229903486237,0.010803418849457775,-8.187974030297985,0.16338404324821054,0.28571428571428586,-0.029707118378439777,0.0612467565436396,0.5615678345588155,0.07845701829210501,0.28175427384566226,0.3001055578502914,1.0312689978118736,0.7049953887777367,0.2307830884565776,Auto & Truck Dealerships,Consumer Cyclical,RUSHB
2011Q2,2011,Q2,2011-08-09,2011-06-30,12518000.0,661982000.0,21789000.0,0.21,105510000.0,0.1593849984,1350300000.0,490821000.0,687290000.0,546379000.0,859479000.0,451887000.0,306736000.0,609077208.45,1121706208.45,8.64936163463826,1.257899736263656,0.4879760053321484,1.342473121565703,0.011340254616911013,8.64936163463826,0.02550420621774537,0.9200812234320571,12.164027968725035,1.2409355110111426,0.0,1.2314406035137102,0.0,0.49024809301636674,0.3972114594448176,0.009270532474264978,-13.466519455437885,0.15938499838364184,0.6153846153846153,-0.16543473104820183,0.15265940457009072,0.5912226061421317,0.28061657968200027,0.7225815329572038,0.6994774198580453,1.09748964795882,0.4799359103677044,0.19030808722077103,Auto & Truck Dealerships,Consumer Cyclical,RUSHB
2011Q1,2011,Q1,2011-05-10,2011-03-31,7267000.0,446104000.0,12821000.0,0.13,82390000.0,0.1846878755,1215213000.0,476806000.0,560525000.0,452679000.0,738407000.0,385384000.0,294218000.0,654605400.0,1124737400.0,8.449288074922693,1.2382394588659955,0.4702533629906856,1.1985126026098665,0.0073509340323611875,8.449288074922693,0.015240999484066896,1.4673829420942202,22.519794963533784,1.3728967336820428,0.0,0.9437703692940028,0.0,0.3670994303056337,0.3421674078099492,0.005980021609380413,-12.689348091573459,0.18468787547298388,-0.1875,-0.38164188318705383,-0.11735103953720408,0.6347136082240237,0.03699135316106783,-0.20993694281365513,-0.029079893979553198,-0.23387505205426048,0.12668586410310553,0.18277744879034766,Auto & Truck Dealerships,Consumer Cyclical,RUSHB
2010Q4,2010,Q4,2011-03-11,2010-12-31,9198000.0,462959000.0,13205000.0,0.16,79451000.0,0.171615629,1167933000.0,464919000.0,558807000.0,415029000.0,703014000.0,321933000.0,286951000.0,679813351.05,1042978351.05,8.238643310916775,1.346428803770339,0.4556263073309856,1.1445886272662549,0.009826873015038474,8.238643310916775,0.0197840914223768,1.4684094078525312,18.477205671069797,1.462218904906016,0.0,1.1912665057636216,0.0,0.3963917450744178,0.511985909418378,0.007875451759647172,22.27289663357578,0.1716156290297845,0.14285714285714277,-0.2781259772482752,-0.11527332253375425,0.6738263308104183,0.01603642083455887,-0.35037785154318807,-0.0383775123798427,-0.23675095072125368,0.02986574500971624,0.1867854998028267,Auto & Truck Dealerships,Consumer Cyclical,RUSHB
2010Q3,2010,Q3,2010-11-09,2010-09-30,14159000.0,405841000.0,13732000.0,0.14,78197000.0,0.1926789063,1144724000.0,452742000.0,568210000.0,413629000.0,691982000.0,335995000.0,277753000.0,513564367.5,897576367.5,8.081070950468542,1.3737189607111686,0.4672864376041736,1.1814985135021712,0.008697103043800367,8.081070950468542,0.03127388225523588,1.2654324415226652,9.06780788720955,1.1343422247107624,0.0,0.9751454634741589,0.0,0.3545317473906374,0.5289546912813173,0.012368920368577927,-20.2829529028436,0.19267890627117518,-0.26315789473684204,0.050508431780947674,-0.1840626960788706,0.7075499071602435,0.13035747842553377,1.4892756680731365,0.32522679019494305,0.10198208637923618,-0.20501209194668596,0.20114131511309621,Auto & Truck Dealerships,Consumer Cyclical,RUSHB
2010Q2,2010,Q2,2010-08-09,2010-06-30,5688000.0,329839000.0,10362000.0,0.19,69179000.0,0.2097356589,1102533000.0,438170000.0,535523000.0,402829000.0,664363000.0,308891000.0,263594000.0,434453664.6,815760664.6,7.833136687046372,1.329405281149073,0.46899820685639343,1.180103612753041,0.006319278391151125,7.833136687046372,0.012981262980121871,1.3171688751178605,19.095185680379746,0.9915185078850676,0.0,0.8438575419808282,0.0,0.29916474155422107,0.47265464998796014,0.005159029253546153,-295.5467106122449,0.20973565891237847,3.75,-0.5099618254637346,-0.30868577747792364,0.7393192809389675,0.1456701389463922,1.5426911041573537,1.063321385902031,-0.5554500357856564,-0.35240773144870347,0.2053665514628748,Auto & Truck Dealerships,Consumer Cyclical,RUSHB
2010Q1,2010,Q1,2010-05-10,2010-03-31,2237000.0,308396000.0,5022000.0,0.04,60383000.0,0.1957969623,1007310000.0,430707000.0,502162000.0,349261000.0,576603000.0,294269000.0,257906000.0,457203299.99999994,765404300.0,7.7247854510236476,1.4377843503855283,0.45074604640081006,1.0541760407887497,0.003379846874348149,7.7247854510236476,0.005193786030874817,1.4825202012996275,51.09558560572195,1.061518155033468,0.0,0.842810489721989,0.0,0.3061579851287091,0.5562859866976273,0.002220766199084691,-21.1648597352097,0.19579696234711216,0.4545454545454546,-0.7188810048935873,-0.25929070373602187,0.800249235495035,0.12510015092511506,0.45827900912646674,0.022186037044575616,-0.8254931052512668,-0.4102142876289183,0.23368182027969664,Auto & Truck Dealerships,Consumer Cyclical,RUSHB
2009Q4,2009,Q4,2010-03-12,2009-12-31,1534000.0,295637000.0,4913000.0,0.0275,53669000.0,0.1815368171,977297000.0,426225000.0,472983000.0,313801000.0,551072000.0,269955000.0,255669000.0,390669068.55,674776068.55,7.644400204460466,1.507270531323992,0.44326545563938086,1.016369288521321,0.0025380352408073442,7.644400204460466,0.003599038066748783,1.3214484944374352,63.66836188885268,0.916579432342073,0.0,0.8963271656387176,0.0,0.30250476569558693,0.598991080334352,0.0015696354332408674,187.9120098845599,0.18153681711017228,-0.48405253283302063,-0.7120374813087996,-0.05161092801173076,0.8472328881417669,-0.058504666339204266,-0.4900265957446808,3.080564784053156,-0.9021574323197009,-0.5248361650448792,0.27512277061296436,Auto & Truck Dealerships,Consumer Cyclical,RUSHB
2009Q3,2009,Q3,2009-11-09,2009-09-30,3008000.0,302438000.0,1204000.0,0.0533,57004000.0,0.1884816061,957510000.0,424505000.0,471853000.0,325255000.0,533005000.0,274758000.0,254135000.0,407094844.5,686627844.5,7.626066648702057,1.4507171296367465,0.43473592965086527,0.9805868010977491,-0.016650167288659427,7.626066648702057,0.007085900048291539,1.3460439643827826,33.834345453789894,0.9589871603396897,0.0,0.8932733532781575,0.0,0.31585884220530336,0.5709766183456058,0.0031414815511065157,9.412815198039262,0.18848160614737566,2.9452554744525545,-0.6659472542498093,-0.3790584041536629,1.3865129580413205,0.08130050457149361,2.977646285338593,1.4868580671249494,-0.8140673139574313,-0.528935153325613,0.33371260130423464,Auto & Truck Dealerships,Consumer Cyclical,RUSHB
2009Q2,2009,Q2,2009-08-10,2009-06-30,-1521000.0,312128000.0,-2473000.0,-0.0274,52718000.0,0.168898657,965478000.0,420454000.0,487500000.0,327014000.0,545024000.0,298031000.0,251127000.0,367058341.95,678893341.95,7.567770908141869,1.4907618634064597,0.4482608614592979,1.0293302002121516,-0.0010897320395600932,7.567770908141869,-0.0036175182065101056,1.1759865886751588,-60.331745882643,0.8730047566440086,0.0,0.870412809405733,0.0,0.3232885679425114,0.543169405591198,-0.0015753854567374917,15.54804904905117,0.16889865696124667,-1.5140712945590993,-1.2203503813861818,-0.30135799962932686,1.4665482750112289,-0.14557536466774718,-1.5312609151239958,-1.4360782930700053,-1.1035721859953234,-0.44489375219016547,0.3922424169334368,Auto & Truck Dealerships,Consumer Cyclical,RUSHB
2009Q1,2009,Q1,2009-05-11,2009-03-31,2863000.0,329086000.0,5671000.0,0.0533,61700000.0,0.1874889846,1004401000.0,420564000.0,527462000.0,359176000.0,583837000.0,325985000.0,252648000.0,289639530.0,623874530.0,7.579573409748317,1.468533532307281,0.46380778195163086,1.1076768339658174,0.004374853029742072,7.579573409748317,0.00680752513291675,0.8801332478440286,25.29161107230178,0.6886931121065997,0.0,0.8202401951010015,0.0,0.3276440385861822,0.5338497004254181,0.0028504551468985,9.381341258016453,0.18748898464231234,-0.42253521126760557,-0.2392088224131272,-0.18022993427518305,1.6392534443962643,-0.08909721709603602,-0.4411477649814562,-0.43113652322198814,-0.752234680337875,-0.3377902559347219,0.4664468399678637,Auto & Truck Dealerships,Consumer Cyclical,RUSHB
2008Q4,2008,Q4,2009-03-13,2008-12-31,5123000.0,382684000.0,9969000.0,0.0923,67735000.0,0.1769998223,1056790000.0,416041000.0,581593000.0,404476000.0,640749000.0,362234000.0,249785000.0,302956290.0,663743290.0,7.498058086201148,1.4378924831139548,0.4799420887782814,1.2191058092832197,0.0070664264267585,7.498058086201148,0.01231369023726027,0.7916617627076126,14.784125024399765,0.7281885439175466,0.0,0.869462833417073,0.0,0.3621192479111271,0.5173607333933287,0.004847699164450837,-65.63177859618717,0.17699982230770034,-0.3407142857142858,-0.058202140445163954,-0.08560778528830579,1.6858053193695846,-0.11324212869018786,-0.359625,-0.286654740608229,-0.5910910393789651,-0.2562257140520591,0.5233633234247732,Auto & Truck Dealerships,Consumer Cyclical,RUSHB
2008Q3,2008,Q3,2008-11-10,2008-09-30,8000000.0,413696000.0,13975000.0,0.14,76385000.0,0.1846404123,1041857000.0,418054000.0,576609000.0,402532000.0,623803000.0,360011000.0,244662000.0,482515599.15000004,830381599.1500001,7.254670241472959,1.4324550594735326,0.4726186031288363,1.1778406617326949,0.0099694360702846,7.254670241472959,0.019136283829361757,1.1663530687993116,15.0786124734375,1.1541944321786182,0.0,0.9369463710831057,0.0,0.3970756063452086,0.5150124710582016,0.007678596966762233,158.35759735805712,0.18464041228341585,0.2727272727272728,0.38720689287427573,0.015520796835512727,1.6769587943038955,0.026500745837420882,0.3186088676446349,0.2179710650165592,-0.42293583450249644,-0.1913709300716162,0.5329294314124406,Auto & Truck Dealerships,Consumer Cyclical,RUSHB
2008Q2,2008,Q2,2008-08-11,2008-06-30,6067000.0,454718000.0,11474000.0,0.11,74413000.0,0.1636464798,1046027000.0,419182000.0,595149000.0,406372000.0,626845000.0,366466000.0,236662000.0,417653880.0,759321880.0,7.26648985039957,1.4645423405155866,0.4777993302276136,1.1923007190194235,0.007702351058704995,7.26648985039957,0.014473426816991188,0.9184898772425987,17.210065930443385,0.9963545190394626,0.0,1.0377633941484339,0.0,0.434709620306168,0.5367963343931177,0.0058000414903248195,11.973335244538731,0.16364647979626934,-0.35294117647058826,0.4833631712917945,0.2851655758898206,1.7835369119961102,-0.04817150385653436,-0.37291989664082686,-0.3390172244944985,-0.49315717713586393,-0.07584543480518736,0.613497428488377,Auto & Truck Dealerships,Consumer Cyclical,RUSHB
2008Q1,2008,Q1,2008-05-09,2008-03-31,9675000.0,403858000.0,17359000.0,0.17,78179000.0,0.1935804169,1014251000.0,411182000.0,597111000.0,392766000.0,603069000.0,353817000.0,230595000.0,566385480.0,917393480.0,7.143599232098959,1.5202716121049173,0.4902464971688468,1.2092771570739964,0.011787130120020079,7.143599232098959,0.02352972649580964,1.402437193270902,14.635283720930232,1.3774568925682544,0.0,0.920473012885192,0.0,0.39818348712498186,0.5967930014308774,0.009539058872014915,-30.75841642228739,0.1935804168792001,-0.19047619047619038,5.066725395675277,0.38506410577317396,1.812857477464742,-0.03608857544448006,-0.21290270094370323,-0.1859025465459832,0.1777515178045012,-0.06039300702745085,0.664804691056487,Auto & Truck Dealerships,Consumer Cyclical,RUSHB
2007Q4,2007,Q4,2008-03-13,2007-12-31,12292000.0,458519000.0,21323000.0,0.21,81106000.0,0.1768868902,1031591000.0,399577000.0,610464000.0,412659000.0,632014000.0,365947000.0,220920000.0,683041318.65,986173318.65,6.941981775380259,1.4793425079787428,0.4751311323964633,1.226649682038756,0.015351705681525406,6.941981775380259,0.030762531376931104,1.4896685167899257,13.891989071143833,1.7094109987561845,0.0,1.031332406058801,0.0,0.4444775109515302,0.571391875616429,0.01191557506802599,13.094866253522746,0.1768868901833948,-0.0869565217391305,0.9738455089941482,0.7891050692871505,1.7446502761836575,-0.0962213481017595,-0.06368068251066424,-0.11859292328042328,1.2351755942802414,0.4248317442953699,0.6774968213831567,Auto & Truck Dealerships,Consumer Cyclical,RUSHB
2007Q3,2007,Q3,2007-11-09,2007-09-30,13128000.0,521598000.0,24192000.0,0.23,89741000.0,0.1720501229,1047148000.0,385121000.0,628152000.0,440291000.0,662027000.0,386036000.0,208630000.0,627892742.6999999,984511742.6999999,6.727826983211921,1.4266746310962521,0.5092116873641548,1.384551868114177,0.016348672915870315,6.727826983211921,0.03408798793106582,1.203786714481267,11.95712870772395,1.6303778363163783,0.0,1.1186961837756064,0.0,0.49811296970437796,0.5272149555634796,0.012536909777796453,5.5975390040384045,0.1720501228915755,0.0,1.496101457842799,0.18186263164016236,1.4434300054637546,-0.02162987189970019,0.0061312078479460455,-0.05170318686056995,0.41773678902272854,0.0413821772710515,1.1054164636271575,Auto & Truck Dealerships,Consumer Cyclical,RUSHB
2007Q2,2007,Q2,2007-08-09,2007-06-30,13048000.0,519404000.0,25511000.0,0.23,91725000.0,0.1765966377,1133370000.0,370705000.0,717475000.0,538798000.0,762665000.0,478627000.0,195628000.0,529627339.125,999692339.125,6.498551563040973,1.3316214982238241,0.5609465576113714,1.7150024952455456,0.015497499108090352,6.498551563040973,0.035197798788794324,1.0196828270960563,10.147672806656193,1.4287029824928177,0.0,0.8935538530003531,0.0,0.4582828202616974,0.4246693566048872,0.011512568711012292,41.22896926085941,0.17659663768473097,0.0,2.618073287113666,0.48610409563177787,1.4416644153473326,0.024906141056583536,0.0018427518427518428,0.002554428986874165,0.8410567591805259,0.13231142219779254,1.1180597751241748,Auto & Truck Dealerships,Consumer Cyclical,RUSHB
2007Q1,2007,Q1,2007-05-10,2007-03-31,13024000.0,531258000.0,25446000.0,0.23,89496000.0,0.168460522,1128497000.0,354707000.0,717999000.0,554349000.0,773790000.0,486691000.0,182580000.0,455956099.425,943391099.425,6.2615703044665985,1.295211139552881,0.5755717560613808,1.8311761538396478,0.015489847793327972,6.2615703044665985,0.036717628916260465,0.8582573804535649,8.752228566972512,1.2854443228495631,0.0,0.9076847527486639,0.0,0.47076598342751463,0.3981084118488533,0.01154101428714476,28.053657750876763,0.16846052200625686,-0.1785714285714286,7.345892463844461,-0.18689398991959003,0.20488939408253062,-0.00636178929487393,-0.18237177475045516,-0.1463651917206213,2.3899191496824295,0.2962505836606562,1.180316767186187,Auto & Truck Dealerships,Consumer Cyclical,RUSHB
