Quarters,Year,Quarter,FillingDate,Date,NetIncome,Revenue,OperatingIncome,EPSDiluted,GrossProfit,GrossProfitRatio,TotalAssets,CommonStockEquity,CurrentAssets,CurrentLiability,TotalLiability,Inventory,RetainedEarnings,MarketCap,EnterpriseValue,bookValuePerShare,currentRatio,debtToAssets,debtToEquity,roic,shareholdersEquityPerShare,roe,priceToSalesRatio,peRatio,pbRatio,payoutRatio,inventoryTurnover,dividendYield,assetTurnover,quickRatio,returnOnAssets,priceToFreeCashFlowsRatio,grossProfitMargin,epsdilutedGrowth,fiveYNetIncomeGrowthPerShare,fiveYRevenueGrowthPerShare,fiveYShareholdersEquityGrowthPerShare,grossProfitGrowth,netIncomeGrowth,operatingIncomeGrowth,threeYNetIncomeGrowthPerShare,threeYRevenueGrowthPerShare,threeYShareholdersEquityGrowthPerShare,Industry,Sector,Symbol
2023Q1,2023,Q1,2023-05-09,2023-03-31,-15000000.0,392407000.0,-7046000.0,-0.0297,350366000.0,0.8928637868,1888905000.0,1044975000.0,486332000.0,270136000.0,840568000.0,0.0,-205404000.0,1146424910.0,1326933910.0,2.069122215775999,1.8003228003672225,0.2623048803407265,0.47414435752051487,-0.005870130821292266,2.069122215775999,-0.014354410392593124,2.9215200289495344,-19.107081833333336,1.0970835761621092,0.0,0.0,0.0,0.20774311042641108,1.553876565877928,-0.007941108737601944,159.26992358988608,0.8928637868335683,0.73,-0.48505147188401543,0.35199441939742626,-0.11335622168759231,0.032574643470777716,0.7183468839776931,0.7551686993988672,-0.48505147188401543,0.012702083213610585,-0.2769574094432846,Internet Content & Information,Communication Services,ANGI
2022Q4,2022,Q4,2023-03-01,2022-12-31,-53257000.0,441546000.0,-28779000.0,-0.11,339313000.0,0.7684657997,1907778000.0,1048384000.0,484202000.0,281784000.0,856400000.0,0.0,-190079000.0,1139664544.6000001,1330701544.6000001,2.161778579208772,1.7183445475967407,0.2684756821810504,0.48855381234356876,-0.015519010257078946,2.161778579208772,-0.050799134668213175,2.581077723725275,-5.349834503445557,1.0870678535727367,0.0,0.0,0.0,0.23144516814849528,1.4728834852227237,-0.027915721850236244,-222.59073136718752,0.7684657997128272,-2.170028818443804,0.10032493215617523,0.9456624401571027,0.038080090763684245,-0.12768298545679843,-2.0539021732897527,-1.1550846188407968,-513.445056093306,0.4194831705689924,-0.17552798579384718,Internet Content & Information,Communication Services,ANGI
2022Q3,2022,Q3,2022-11-09,2022-09-30,-17439000.0,498036000.0,-13354000.0,-0.0347,388979000.0,0.7810258696,1968159000.0,1085611000.0,512420000.0,300050000.0,879676000.0,0.0,-136731000.0,1484445900.0,1650748900.0,2.1574059721543235,1.7077820363272789,0.2515538632803549,0.45605470099326556,-0.008013846364578837,2.1574059721543235,-0.01606376501343483,2.9805995952099846,-21.28054790985722,1.3673828839243525,0.0,0.0,0.0,0.25304662885468093,1.4389001833027828,-0.008860564619017061,-51.00487561847169,0.7810258696158511,0.27405857740585776,0.799378192681013,1.2626127021024318,-0.13351677999057446,0.0024947746326779395,0.273284160520065,0.3606243416642727,-1.8664015643816996,0.24624449977264762,-0.266386137870628,Internet Content & Information,Communication Services,ANGI
2022Q2,2022,Q2,2022-08-09,2022-06-30,-23997000.0,515782000.0,-20886000.0,-0.0478,388011000.0,0.7522771248,2017515000.0,1088895000.0,562582000.0,337602000.0,917643000.0,0.0,-119251000.0,2301234740.0,2435197740.0,2.16715792322864,1.6664060047037637,0.24530821332183403,0.45450938795751655,-0.011440002408277488,2.16715792322864,-0.022037937542187264,4.461642205427874,-23.974191982331124,2.11336698212408,0.0,0.0,0.0,0.25565212650215735,1.4239192895776684,-0.011894335358101426,-83.92234929433646,0.7522771248318088,0.27903469079939663,0.6429338113753248,-0.14951285370604114,13.786424797903903,0.15081815512470303,0.27908793222579387,0.3849279971728951,-4.47680680190334,0.5141566441145771,-0.17682580749842408,Internet Content & Information,Communication Services,ANGI
2022Q1,2022,Q1,2022-05-10,2022-03-31,-33287000.0,436159000.0,-33957000.0,-0.0663,337161000.0,0.7730231406,2004823000.0,1103365000.0,558975000.0,306312000.0,890390000.0,0.0,-95019000.0,2846368350.0,2949812350.0,2.1979163554147867,1.8248550497531928,0.24676991435154125,0.4483829013970898,-0.017965361608233,2.1979163554147867,-0.030168620538081233,6.525987885151975,-21.377477318472675,2.5797160051297623,0.0,0.0,0.0,0.21755486643958094,1.604014860664943,-0.016603460754390786,-102.98749366813807,0.7730231406436644,-0.3393939393939393,-2.992893429670255,-0.2930120731918172,12.481323891401624,0.0772777378384855,-0.2920467336878469,-0.13938194141529375,-4.315405225047559,0.42718828648603885,-0.17182992629858954,Internet Content & Information,Communication Services,ANGI
2021Q4,2021,Q4,2022-03-01,2021-12-31,-25763000.0,415856000.0,-29803000.0,-0.0495,312975000.0,0.7526042669,2010141000.0,1134619000.0,583071000.0,276509000.0,864614000.0,0.0,-61629000.0,4793068200.0,4876582200.0,2.1801986856769533,2.108687239836678,0.25453438340892504,0.45094432580452115,-0.013353854671056258,2.1801986856769533,-0.02270630052907628,11.525788253626255,-46.511161355432215,4.224385630771211,0.0,0.0,0.0,0.20687901992944774,1.8535490707354914,-0.012816513866440215,-126.673402399704,0.752604266861606,-0.6500000000000001,-1.3276751805825413,-0.38269196897641217,27.695290612283245,-0.1356621688051301,-0.5159164460135334,-0.990449475722968,-1.7072035224296858,0.5011061457618048,-0.129707937246768,Internet Content & Information,Communication Services,ANGI
2021Q3,2021,Q3,2021-11-05,2021-09-30,-16995000.0,461565000.0,-14973000.0,-0.03,362098000.0,0.7845005578845883,2075038000.0,1157911000.0,650981000.0,303268000.0,901708000.0,0.0,-35608000.0,6990610000.0,7008358000.0,2.043973521624007,2.1465535434005565,0.23824768510263428,0.4269525032580224,-0.0070411464422984295,2.043973521624007,-0.01467729385073637,15.14545080324548,-102.83333333333334,6.037260203936227,0.0,0.0,0.0,0.22243689031237018,1.8965502459870478,-0.00819021145636851,-140.63349963788525,0.7845005578845883,0.5,0.8938841997621878,-0.3921249994622643,14.79081591078987,0.03078420878833081,0.4389793021490113,0.5425437658488894,-1.5000000003756997,0.19242740427097504,-0.17775483640251075,Internet Content & Information,Communication Services,ANGI
2021Q2,2021,Q2,2021-08-06,2021-06-30,-30293000.0,420988000.0,-32731000.0,-0.06,351284000.0,0.8344275846342414,2106728000.0,1198371000.0,714099000.0,291912000.0,892767000.0,0.0,-18613000.0,6826022662.16,6735957662.16,2.373560230002681,2.4462817561456878,0.23457940465024435,0.4123889847134151,-0.014832403298090002,2.373560230002681,-0.025278482206261665,16.214292716561992,-56.33333329614102,5.696084653383634,0.0,0.0,0.0,0.19983025810640956,2.214064512592836,-0.014379169973532417,253.39752996362017,0.8344275846342414,-16.66170712607674,-1.7343339592090234,-0.4106153292445333,25.798407904511034,0.05427054540652639,-16.68772656654583,-301.2844036697248,-2.200000000792262,0.2952849137006112,0.027053921628243646,Internet Content & Information,Communication Services,ANGI
2021Q1,2021,Q1,2021-05-10,2021-03-31,1931000.0,387029000.0,109000.0,0.003831,333201000.0,0.8609199827403115,2301589000.0,1223120000.0,907993000.0,247320000.0,1063038000.0,0.0,11680000.0,6552598000.0,6481544000.0,2.426603921070696,3.671328643053534,0.30673895295815196,0.5772017463535876,-1.5642157324090072e-05,2.426603921070696,0.0015787494276931126,16.930509083298666,848.3425686172967,5.35728137876905,0.0,0.0,0.0,0.16815730349771396,3.371971534853631,0.000838985587783049,-1928.3690406121248,0.8609199827403115,1.1277000000000001,1.0560814704593249,-0.4632889301728058,41.836337131678945,0.07991404791537025,1.1335038716814159,1.0232063018948265,1.1915499775814111,0.3360762529214009,0.03982899252711325,Internet Content & Information,Communication Services,ANGI
2020Q4,2020,Q4,2021-02-16,2020-12-31,-14464000.0,359301000.0,-4697000.0,-0.03,308544000.0,0.8587340419314168,2368182000.0,1272290000.0,977806000.0,233678000.0,1058961000.0,0.0,9749000.0,6361749328.935,6277021328.935,2.638875831470462,4.184416162411524,0.3073990934818354,0.5721785127604555,-0.0028569002700275683,2.638875831470462,-0.011368477312562388,17.70590487901509,-109.95833325731125,5.000235267851669,0.0,0.0,0.0,0.1517201802901973,3.876479600133517,-0.006107638686553652,16610.311563798958,0.8587340419314168,-4.0,-1.1240961131600016,-0.4942913848682565,65.87134824343934,-0.09692676930281567,-4.2343470483005365,-0.5558131831732361,0.7542240311573652,0.5925459917066551,0.26718087087789477,Internet Content & Information,Communication Services,ANGI
2020Q3,2020,Q3,2020-11-06,2020-09-30,4472000.0,389913000.0,-3019000.0,0.01,341660000.0,0.8762467524806816,2414601000.0,1273912000.0,1026257000.0,268458000.0,1105066000.0,0.0,24213000.0,4961684000.0,4835798000.0,2.848640429338104,3.8227841971556074,0.30197867059609435,0.5723770558719912,0.0012073735484238008,2.848640429338104,0.0035104465614579344,12.725105344012638,277.375,3.894840459937578,0.0,0.0,0.0,0.16148133791048708,3.5638982634155063,0.001852065827853132,153.06280848963476,0.8762467524806816,-0.5,6.1362195121951215,-0.4134991341656486,9.405299112725789,0.02287594418281595,-0.6469566590352885,-1.17110632509635,1.0578893828123912,0.9932315981652377,0.14410507976722628,Internet Content & Information,Communication Services,ANGI
2020Q2,2020,Q2,2020-08-10,2020-06-30,12667000.0,375061000.0,17644000.0,0.02,334019000.0,0.890572466878721,1925391000.0,1292322000.0,534343000.0,255263000.0,598372000.0,0.0,19741000.0,6023593350.0,5841694350.0,2.606701911575754,2.0933037690538776,0.1241752973811553,0.18500497554015174,0.009374816754707933,2.606701911575754,0.00980173671886728,16.060303124025157,118.88358233993843,4.661062297167424,0.0,0.0,0.0,0.1947973164931175,1.844156810818646,0.0065789234498343455,99.62610151830901,0.890572466878721,2.0,1.1790779009757548,-0.4931070296860045,8.048815885382552,0.07601934147496464,2.4140433132395622,2.0827196858124695,1.1910212238787743,-0.3732136122396932,16.78541442362656,Internet Content & Information,Communication Services,ANGI
2020Q1,2020,Q1,2020-05-08,2020-03-31,-8958000.0,343650000.0,-16296000.0,-0.02,310421000.0,0.903305688927688,1902744000.0,1281750000.0,494129000.0,240024000.0,587921000.0,0.0,7074000.0,2351475000.0,2209638000.0,2.861687876758205,2.0586649668366497,0.1273912833255551,0.18911098108055394,-0.005410463537759078,2.861687876758205,-0.00698888238736103,6.842645133129638,-65.625,1.8345816266822703,0.0,0.0,0.0,0.18060758567626545,1.7851048228510482,-0.004707937589081873,55.10838996953363,0.903305688927688,-92.89671361502347,-1.2684266055045872,-0.46258810822593266,11.763426499823877,0.0044036756616838155,-82.7196261682243,-3.646743543933734,-1.60110101010101,-0.3756753425226125,16.552688503195633,Internet Content & Information,Communication Services,ANGI
2019Q4,2019,Q4,2020-02-28,2019-12-31,-107000.0,321508000.0,6157000.0,-0.000213,309060000.0,0.9612824564241014,1921611000.0,1314288000.0,499993000.0,214954000.0,571396000.0,0.0,16032000.0,4245595970.0000005,4100726970.0000005,2.6220157166768745,2.326046502972729,0.12785938465173233,0.18694228357863726,-7.075851263539524e-05,2.6220157166768745,-8.141290189060541e-05,13.20525762967018,-9919.61675233645,3.2303391418014926,0.0,0.0,0.0,0.16731169836142695,2.010820919824707,-5.568244561464313e-05,234.9007397366383,0.9612824564241014,-1.005325,-1.000817927223405,-0.5431217918165575,7.919477482311746,-0.10168989030536614,-1.0059447747097061,-0.7509908598236674,-1.0014129591882701,-0.5044933751472499,33.510388192741765,Internet Content & Information,Communication Services,ANGI
2019Q3,2019,Q3,2019-11-07,2019-09-30,17999000.0,357358000.0,24726000.0,0.04,344046000.0,0.9627488400987245,1944000000.0,1323283000.0,509483000.0,231232000.0,589550000.0,0.0,16139000.0,3188072875.0,3165098875.0,2.940792266237013,2.203341233047329,0.1954423868312757,0.2871192329985347,0.01063648788472441,2.940792266237013,0.0136017767930216,8.921229901107573,44.28125,2.4092147144639506,0.0,0.0,0.0,0.1838261316872428,1.9329461320232493,0.009258744855967078,50.30727884554693,0.9627488400987245,3.0,1.4495231572882659,-0.4284263709251159,5.368758343932198,0.032631597903798014,1.583094144661309,1.1683767429623784,1.1414877336504161,-0.4074889540752835,20.841707510636503,Internet Content & Information,Communication Services,ANGI
2019Q2,2019,Q2,2019-08-09,2019-06-30,6968000.0,343896000.0,11403000.0,0.01,333174000.0,0.9688219694326191,1957003000.0,1335445000.0,500876000.0,226147000.0,589036000.0,0.0,-1860000.0,6513167040.0,6517502040.0,2.6326844827858125,2.2148248705488025,0.1966772662075633,0.2882170362688093,0.004692042139744813,2.6326844827858125,0.005217736409960725,18.93935096657129,233.6813662456946,4.877151091958111,0.0,0.0,0.0,0.1757258420145498,1.9341313393500688,0.003560546406929371,124.33029893482991,0.9688219694326191,-0.5,1.043789512431291,-0.4971804490612079,5.209058265306334,0.13543853431118624,-0.30103320292908015,4.131831914309256,-0.8318784787040387,-0.5207963853741121,28.72402038160674,Internet Content & Information,Communication Services,ANGI
2019Q1,2019,Q1,2019-05-09,2019-03-31,9969000.0,303443000.0,-3641000.0,0.02,293432000.0,0.9670086309455153,1920202000.0,1322858000.0,479554000.0,218960000.0,565059000.0,0.0,-8828000.0,7760866500.0,7670929500.0,2.6539432239943825,2.190144318597004,0.13301413080498822,0.19307741269282114,0.0052075614607599435,2.6539432239943825,0.00753595624020114,25.57602745820467,194.625,5.866741932996588,1.1390309960878724,0.0,0.0014631098215643831,0.15802660345109526,1.81588417975886,0.005191641296071975,673.3940563991323,0.9670086309455153,-0.7142857142857143,1.3092307692307692,-0.5099198554786529,8.654805124249492,0.10493060105585805,-0.7282688690816911,-1.2035784176684372,1.292777222777223,-0.5744772924572185,45.66213842411908,Internet Content & Information,Communication Services,ANGI
2018Q4,2018,Q4,2019-03-01,2018-12-31,36687000.0,278992000.0,17885000.0,0.07,265566000.0,0.9518767563227619,1808027000.0,1312941000.0,474127000.0,201237000.0,467877000.0,0.0,-18797000.0,8422287000.0,8345039000.0,2.5051345163136807,2.3560627518796244,0.14365714671296392,0.1978276251560428,0.013988644674889167,2.5051345163136807,0.027942611282609043,30.188274215748123,57.39285714285714,6.4148251901646764,0.0,0.0,0.0,0.1543074301434658,2.054512838096374,0.020291179279955444,150.66972575538023,0.9518767563227619,0.4000000000000001,0.45916161255797366,-0.5476282863462075,8.916306363098542,-0.08140753577469466,0.3783296389525491,-0.466358347008802,-0.7104424028268551,-0.6387676179832276,62.583592401878356,Internet Content & Information,Communication Services,ANGI
2018Q3,2018,Q3,2018-11-09,2018-09-30,26617000.0,303116000.0,33515000.0,0.05,289101000.0,0.9537635756608032,1579055000.0,1102762000.0,420606000.0,180609000.0,445337000.0,0.0,-55484000.0,9874907007.42,9858671007.42,2.485844383299512,2.3288208228825806,0.1667155355576595,0.2387215011035926,0.020584821748176833,2.485844383299512,0.024136667748798017,32.57798007172172,92.7500000696923,8.954703741532626,0.0,0.0,0.0,0.19196038136733679,1.9863240480817679,0.016856284296620446,143.72490441177754,0.9537635756608032,0.0,1.259295388747509,-0.3908969922269874,7.302199978137085,0.032064943827444764,0.1623651687846631,0.4407617573725389,41.81731704099782,-0.5403748929570467,8.334820279222345,Internet Content & Information,Communication Services,ANGI
2018Q2,2018,Q2,2018-08-09,2018-06-30,22899000.0,294822000.0,23262000.0,0.05,280119000.0,0.9501292305187536,1528301000.0,1058409000.0,353984000.0,171998000.0,438971000.0,0.0,-82101000.0,7043732400.0,7055203400.0,2.311037599895192,2.058070442679566,0.17474699028529067,0.25232778632834757,0.018996340003294983,2.311037599895192,0.021635303554674988,23.891474856014817,76.9,6.6550193734180265,0.0,0.0,0.0,0.19290833415668773,1.738427191013849,0.014983304990312772,141.14847604352443,0.9501292305187536,3.5000000000000004,1.2028394028184737,-0.3678336704863875,12.328233704282678,0.1588765327905476,3.577265053460889,3.162699888434362,1.3504431668463288,-0.5686725442420811,7.249306249217512,Internet Content & Information,Communication Services,ANGI
2018Q1,2018,Q1,2018-05-10,2018-03-31,-8885000.0,255311000.0,-10756000.0,-0.02,241716000.0,0.9467512171430138,1507621000.0,1036727000.0,319388000.0,169005000.0,438656000.0,0.0,-105000000.0,6032915000.0,6075351000.0,2.3336567248171076,1.8898139108310406,0.1798727929632182,0.2615732010452125,-0.005721959921049927,2.3336567248171076,-0.008570240767337978,23.6296712636745,-169.75,5.819193481022487,0.0,0.0,0.0,0.16934693799038353,1.565693322682761,-0.0058933909782365726,2723.6636568848758,0.9467512171430138,0.8333333333333333,0.8541613187366301,-0.36164998213150557,1353.3307354642657,0.14269776061191977,0.8473996977191536,0.6828822454154136,-1.2684266055045872,-0.5974553337387826,9.777387232685609,Internet Content & Information,Communication Services,ANGI
2017Q4,2017,Q4,2018-03-14,2017-12-31,-58224000.0,223213000.0,-33918000.0,-0.12,211531000.0,0.94766433854659,1467262000.0,993346000.0,262378000.0,171041000.0,442868000.0,0.0,-121764000.0,4989440920.0,5042794920.0,2.08247764160318,1.5340064662858612,0.18733873023359154,0.2767162700609858,-0.04297119070553774,2.08247764160318,-0.05861401767360014,22.352824073866664,-21.423471935971424,5.022863050739622,0.0,0.0,0.0,0.15212893130197605,1.4593343116562696,-0.03968207450339476,-240.26971588172975,0.94766433854659,0.2941176470588236,-3.9049339803994916,-0.41397591901916225,21.641805694971517,0.21766886563280718,0.18864006911832332,0.6985200657748545,-1.4677006525625702,-0.6666786004957018,6.495641027946841,Internet Content & Information,Communication Services,ANGI
2017Q3,2017,Q3,2017-11-09,2017-09-30,-71761000.0,181717000.0,-112505000.0,-0.17,173718000.0,0.9559810034284079,1351750000.0,1034330000.0,113613000.0,199004000.0,288813000.0,0.0,-63540000.0,5300759200.0,5320720200.0,2.4898416060854074,0.5709081224498,0.05881560939522841,0.076865217097058,-0.06449680198405579,2.4898416060854074,-0.06937921166358899,29.170408932570975,-18.46671311715277,5.124823992342869,0.0,0.0,0.0,0.13443092287775107,0.45339289662519344,-0.053087479193637876,175.53345254652626,0.9559810034284079,-0.30769230769230776,0.4602062984657158,-0.39865374329445896,82.9667860521131,1.6392087751815503,-7.901141156040684,-16.09023241683123,-0.9413022537530235,-0.6851778959838006,4.6988387165387415,Internet Content & Information,Communication Services,ANGI
2017Q2,2017,Q2,2017-06-30,2017-06-30,-8062000.0,72750000.0,-6583000.0,-0.13,65822000.0,0.9047697594501718,163633000.0,8834000.0,84099000.0,97321000.0,154799000.0,0.0,-268113000.0,769096240.0,788826240.0,0.14656402428907986,0.8641403191500293,0.3550139641759303,6.575956531582522,-0.09848452930915431,0.14656402428907986,-0.9126103690287526,10.571769621993127,-23.849424460431653,87.06092823183157,0.0,0.0,0.0,0.44459247217859477,0.6560557330894669,-0.04926879052513857,224.03036411302068,0.9047697594501718,-5.333333333333334,0.6718744790006794,0.8969866477820537,-0.5597075503002029,0.0150666975094456,-5.071717171717172,-2.8884107860011476,0.5736149780533356,-0.10481002897893178,1.23432223719332,Internet Content & Information,Communication Services,ANGI
2017Q1,2017,Q1,2017-03-31,2017-03-31,1980000.0,73132000.0,3486000.0,0.03,64845000.0,0.8866843515834382,160149000.0,9702000.0,77456000.0,92027000.0,150447000.0,0.0,-260051000.0,759334840.0,788424840.0,0.16303416289972944,0.8416660327947233,0.36140718955472717,5.965677179962894,0.051323336619172565,0.16303416289972944,0.20408163265306123,10.383072252912541,95.8756111111111,78.26580498866214,0.0,0.0,0.0,0.45664974492503857,0.6170145718104469,0.012363486503193901,358.00793965110796,0.8866843515834382,-0.8,1.1409161377045776,1.2513793676801501,-0.7192709613862467,-0.06010841836734694,-0.7787215020116227,-0.6612244897959184,1.5144406082079378,-0.01068092512134227,1.47024168953933,Internet Content & Information,Communication Services,ANGI
2016Q4,2016,Q4,2016-12-31,2016-12-31,8948000.0,76668000.0,10290000.0,0.15,68992000.0,0.8998800020869202,157394000.0,4500000.0,72316000.0,93019000.0,152894000.0,0.0,-262031000.0,755749280.0,790989280.0,0.07597757817248599,0.7774325675399649,0.3662274292539741,12.809333333333333,0.16545905263607902,0.07597757817248599,1.9884444444444445,9.857427870819638,21.11503352704515,167.94428444444443,0.0,0.0,0.0,0.48710878432468835,0.5946527053612702,0.05685096001118213,3344.0233628318583,0.8998800020869202,1.5357142857142858,2.4655928532955085,1.6863402362120055,-0.9055766916175606,-0.007437885741414781,1.5319857312722949,1.6690507152145644,2.149229155411231,0.10003098195325427,1.2400916124954129,Internet Content & Information,Communication Services,ANGI
2016Q3,2016,Q3,2016-09-30,2016-09-30,-16820000.0,79745000.0,-15380000.0,-0.28,69509000.0,0.871640855226033,159884000.0,-8818000.0,73400000.0,107326000.0,168702000.0,0.0,-270979000.0,759163753.92,803611753.92,-0.1482126608640183,0.6838976576039357,0.36344474744189537,-6.589816284871853,-0.31245176022081106,-0.1482126608640183,1.9074620095259696,9.519891578406169,-11.28364675862069,-86.09251008391925,0.0,0.0,0.0,0.4987678566961047,0.5091962804912137,-0.10520127092141802,-39.20692836440634,0.871640855226033,-4.5,0.5745159998656106,0.4594174583728767,0.9002862065842362,-0.04635879705850071,-4.506358140504482,-3.4987814784727864,-0.22175674292257186,0.1948363032694399,0.6242460572624218,Internet Content & Information,Communication Services,ANGI
2016Q2,2016,Q2,2016-06-30,2016-06-30,4797000.0,83060000.0,6155000.0,0.08,72888000.0,0.8775343125451481,180656000.0,5200000.0,93676000.0,112907000.0,175456000.0,0.0,-253381000.0,749139600.0,772514600.0,0.08857094191790155,0.8296739794698291,0.32077539633336283,11.14423076923077,0.09734459312098584,0.08857094191790155,0.9225,9.01925836744522,39.04208880550344,144.0653076923077,0.0,0.0,0.0,0.4597688424408821,0.6676113969904435,0.026553228234877334,-1055.1261971830986,0.8775343125451481,2.142857142857143,1.1360791970844697,0.8167930792439524,1.107227880347508,0.017321032283277738,2.198051948051948,2.8204673173617274,1.331466740017107,0.3893057458024783,1.4341566444007396,Internet Content & Information,Communication Services,ANGI
2016Q1,2016,Q1,2016-03-31,2016-03-31,-4004000.0,83856000.0,-3381000.0,-0.07,71647000.0,0.8544051707689372,182360000.0,-3483000.0,97388000.0,125177000.0,185843000.0,0.0,-258178000.0,747914640.0,770354640.0,-0.059422663527484904,0.7780023486742772,0.316911603421803,-16.59259259259259,-0.06236390268451214,-0.059422663527484904,1.1495836922193512,8.919035489410417,-46.697967032967036,-214.73288544358311,0.0,0.0,0.0,0.45983768370256634,0.6014044113535234,-0.021956569423119104,278.44923306031274,0.8544051707689372,-1.2916666666666667,0.7990486973595381,1.3005127725707781,0.0,-0.027288648736712058,-1.2829681978798586,-1.2291116080504167,0.501878322773968,0.5890939238511551,-33.434839287542225,Internet Content & Information,Communication Services,ANGI
2015Q4,2015,Q4,2015-12-31,2015-12-31,14150000.0,86255000.0,14757000.0,0.24,73657000.0,0.8539446988580373,174873000.0,-2381000.0,92620000.0,113944000.0,177254000.0,0.0,-254174000.0,746868320.0,773365320.0,-0.04067860315724732,0.8128554377588991,0.3379366740434487,-24.81982360352793,0.2599018334873428,-0.04067860315724732,-5.942881142377153,8.658840878789636,13.195553356890459,-313.67842083158337,0.0,0.0,0.0,0.4932436682621102,0.6458786772449624,0.08091586465606469,-334.1692706935123,0.8539446988580373,170.30620985010705,1.8320350972923507,1.5930879221979348,0.9658416333344084,0.00941482801151158,171.5609756097561,18.041290322580647,4.75330641126559,0.8454704414447848,-1.442279432071211,Internet Content & Information,Communication Services,ANGI
2015Q3,2015,Q3,2015-09-30,2015-09-30,82000.0,86992000.0,775000.0,0.001401,72970000.0,0.838812764392128,173247000.0,-19832000.0,95587000.0,128711000.0,193079000.0,0.0,-268324000.0,746676920.0,772049920.0,-0.33891006032435017,0.7426482585016043,0.3407562612916818,-2.9767547398144414,0.0178137297745491,-0.33891006032435017,-0.004134731746672045,8.583282600698915,2276.454024390244,-37.65010689794272,0.0,0.0,0.0,0.5021270209585159,0.5781867905618012,0.000473312669194849,-65.05854491591879,0.838812764392128,1.0100071428571429,1.0049325217460827,1.7262580694071723,0.0,0.01517828573018545,1.0098215355132352,1.1025674960296452,1.0043788345039604,1.043683871802505,-12.429316811403346,Internet Content & Information,Communication Services,ANGI
2015Q2,2015,Q2,2015-06-30,2015-06-30,-8349000.0,87335000.0,-7556000.0,-0.14,71879000.0,0.8230262781244633,176108000.0,-21640000.0,106436000.0,132398000.0,197748000.0,0.0,-268406000.0,746676920.0,758336920.0,-0.369807064613702,0.8039094246136649,0.3348797328911804,-2.7252772643253236,-0.20260222195887323,-0.369807064613702,0.38581330868761554,8.549572565409058,-22.358274044795785,-34.50447874306839,0.0,0.0,0.0,0.4959172780339337,0.6424492817112041,-0.04740840847661662,-97.65588804603715,0.8230262781244633,-3.0,0.7623780759414164,0.9166018016134103,0.552295292142009,0.03356100366669063,-2.914908256880734,-2.4305187429004165,0.6499906562137072,1.3456735015605286,-2.110936051222971,Internet Content & Information,Communication Services,ANGI
2015Q1,2015,Q1,2015-03-31,2015-03-31,4360000.0,83543000.0,5282000.0,0.07,69545000.0,0.8324455669535449,178788000.0,-15558000.0,115553000.0,128625000.0,194346000.0,0.0,-260057000.0,746676920.0,752655920.0,-0.26587145615803953,0.8983712342079689,0.3295187596482985,-3.786733513305052,0.12154979803206617,-0.26587145615803953,-0.2802416763080087,8.937635947954945,42.81404357798165,-47.993117367270855,0.0,0.0,0.0,0.4672740899836678,0.725488824101069,0.02438642414479719,56.21297297297297,0.8324455669535449,-0.7307692307692307,1.2191808229662773,1.2957250867994472,0.0,0.010755032337766151,-0.7145102147721321,-0.6678405232046284,1.315560495780688,1.6154829732898617,-1.4578048977869102,Internet Content & Information,Communication Services,ANGI
2014Q4,2014,Q4,2014-12-31,2014-12-31,15272000.0,82152000.0,15902000.0,0.26,68805000.0,0.8375328659070991,154538000.0,-22174000.0,97520000.0,110845000.0,176712000.0,0.0,-264417000.0,746676920.0,765539920.0,-0.3789326178717296,0.8797870900807434,0.380838369850781,-2.654189591413367,0.43336300277389045,-0.3789326178717296,-0.6887345539821412,9.088968253968254,12.222972105814561,-33.67353296653739,0.0,0.0,0.0,0.5315974064631352,0.7163155758040507,0.09882359031435634,-51.030407326407875,0.8375328659070991,3.888888888888889,1.8982400864601405,1.470372332219346,0.6818052170380634,0.024082039680295295,3.932974841559439,4.359104351499789,3.531793574134981,1.913466564632246,-1.4709293490803126,Internet Content & Information,Communication Services,ANGI
2014Q3,2014,Q3,2014-09-30,2014-09-30,-5207000.0,81306000.0,-4734000.0,-0.09,67187000.0,0.8263473790372174,161047000.0,-39390000.0,111554000.0,134288000.0,200437000.0,0.0,-279689000.0,746672798.52,743146798.52,-0.6731414362438933,0.8307071368997975,0.3650673405900141,-1.4925869510027925,-0.24468777047248658,-0.6731414362438933,0.13219091139883218,9.183489515164933,-35.8494717937392,-18.95589739832445,0.0,0.0,0.0,0.5048588300309848,0.6948349815322292,-0.03233217632119816,-38.089720885578735,0.8263473790372174,0.7096774193548387,0.6867831402407615,1.5480775486830114,0.0,0.031266308518802764,0.7163325343212029,0.7402184053119684,0.8660786081707396,0.5128776429047149,0.5471271771121055,Internet Content & Information,Communication Services,ANGI
2014Q2,2014,Q2,2014-06-30,2014-06-30,-18356000.0,78896000.0,-18223000.0,-0.31,65150000.0,0.8257706347596836,128380000.0,-36600000.0,88556000.0,143476000.0,164980000.0,0.0,-274482000.0,746651400.0,725728400.0,-0.6254806459882082,0.6172182107111991,0.1163966349898738,-0.40827868852459015,0.8421251094289206,-0.6254806459882082,0.5015300546448087,9.463742141553437,-10.169037371976465,-20.400311475409836,0.0,0.0,0.0,0.6145505530456458,0.4890295241015919,-0.1429817728618165,-101.97369571155421,0.8257706347596836,-4.166666666666667,0.4775497519760948,0.7314637208826005,0.24276560217827003,0.06612773895825493,-3.852233676975945,-4.510432416087088,0.4775497519760948,0.7314637208826005,0.24276560217827003,Internet Content & Information,Communication Services,ANGI
2014Q1,2014,Q1,2014-03-31,2014-03-31,-3783000.0,72657000.0,-3307000.0,-0.06,61109000.0,0.8410614256024884,124290000.0,-20279000.0,93850000.0,123832000.0,144569000.0,0.0,-256126000.0,746345160.0,717621160.0,-0.34670291155904326,0.7578816461011694,0.12012229463351838,-0.7362295971201736,0.6207075731757706,-0.34670291155904326,0.1865476601410326,10.272171435649696,-49.322307692307696,-36.80384437102421,0.0,0.0,0.0,0.5845763939174511,0.6304347826086957,-0.030436881486845282,89.43620850808868,0.8410614256024884,-2.1999999999999997,0.8097409114659166,0.9974700764038579,0.0,0.051753812261195825,-2.3496254013556905,-2.0110058086212166,0.8097409114659166,0.9974700764038579,0.0,Internet Content & Information,Communication Services,ANGI
2013Q4,2013,Q4,2013-12-31,2013-12-31,2803000.0,68756000.0,3271000.0,0.05,58102000.0,0.8450462505090465,105643000.0,-18490000.0,81944000.0,103616000.0,124133000.0,0.0,-252343000.0,745554040.0,725669040.0,-0.3164524465590717,0.7908431130327362,0.14121143852408582,-0.8068144943212547,-0.9173698898669422,-0.3164524465590717,-0.15159545700378582,10.843476060271104,66.49607920085622,-40.32201406165495,0.0,0.0,0.0,0.6508334674327688,0.6586144996911674,0.026532756547996555,-106.09848299416537,0.8450462505090465,1.2173913043478262,1.165109938105725,1.0706584842556284,0.7342706518214728,0.06640481609279789,1.2074605876693065,1.251074608535462,1.165109938105725,1.0706584842556284,0.7342706518214728,Internet Content & Information,Communication Services,ANGI
2013Q3,2013,Q3,2013-09-30,2013-09-30,-13511000.0,65500000.0,-13028000.0,-0.23,54484000.0,0.8318167938931298,109735000.0,-23031000.0,88267000.0,112422000.0,132766000.0,0.0,-255146000.0,745043640.0,718340640.0,-0.39444073369984073,0.7851399192328904,0.13583633298400694,-0.6472146237679649,1.6052282887237244,-0.39444073369984073,0.5866440884025879,11.374712061068703,-13.78587151210125,-32.34960010420737,0.0,0.0,0.0,0.596892513783205,0.6512693245094376,-0.12312388936984554,-237.65347368421052,0.8318167938931298,0.07999999999999996,0.18549516659821902,1.0572163344905845,0.0,0.10940522489869886,0.05741593414259802,0.05968964272825695,0.18549516659821902,1.0572163344905845,0.0,Internet Content & Information,Communication Services,ANGI
2013Q2,2013,Q2,2013-06-30,2013-06-30,-14334000.0,59215000.0,-13855000.0,-0.25,49111000.0,0.8293675588955501,111783000.0,-11863000.0,94225000.0,103600000.0,123646000.0,0.0,-241635000.0,741994000.0,711043000.0,-0.20400687876182289,0.909507722007722,0.13323135002639042,-1.2554159993256344,-4.577397337471019,-0.20400687876182289,1.208294697799882,12.530507472768724,-12.941153899818612,-62.54691056225238,0.0,0.0,0.0,0.5297317123355072,0.7414382239382239,-0.1282305896245404,373.98891129032256,0.8293675588955501,-0.7857142857142856,0.589463494655764,0.30769852837148726,0.7530202941025741,0.11939005766644634,-0.8036995092487731,-0.8550006694336592,0.589463494655764,0.30769852837148726,0.7530202941025741,Internet Content & Information,Communication Services,ANGI
2013Q1,2013,Q1,2013-03-31,2013-03-31,-7947000.0,52171000.0,-7469000.0,-0.14,43873000.0,0.8409461194916716,108264000.0,-100000.0,91993000.0,88675000.0,108364000.0,0.0,-227301000.0,739429240.0,711697240.0,-0.0017256553176068612,1.0374175359458697,0.13745104559225596,-148.81,-0.5062664523833138,-0.0017256553176068612,79.47,14.173185102834909,-23.261269661507484,-7394.2924,0.0,0.0,0.0,0.48188686913470774,0.8193853961093882,-0.0734039015739304,90.03156459271887,0.8409461194916716,-4.5,0.5965818958943307,0.44768835752357894,0.0,0.1328203671667226,-4.270370370370371,-3.5657849536241844,0.5965818958943307,0.44768835752357894,0.0,Internet Content & Information,Communication Services,ANGI
2012Q4,2012,Q4,2012-12-31,2012-12-31,2430000.0,46179000.0,2911000.0,0.04,38729000.0,0.838671257497997,96229000.0,5319000.0,80745000.0,71334000.0,90910000.0,0.0,-219354000.0,737923560.0,710154560.0,0.09197489235876952,1.1319286735637986,0.15451682964594873,2.795450272607633,0.1438984836174457,0.09197489235876952,0.45685279187817257,15.979634898980056,75.91806172839506,138.7335138183869,0.0,0.0,0.0,0.4798865206954245,0.8535200605601817,0.025252262831371,-57.58729202434837,0.838671257497997,1.125,1.1446185963019693,0.40510943115829806,1.0772325461883379,0.11028610744796744,1.1314437172066858,1.161542730299667,1.1446185963019693,0.40510943115829806,1.0772325461883379,Internet Content & Information,Communication Services,ANGI
2012Q3,2012,Q3,2012-09-30,2012-09-30,-18487000.0,42022000.0,-18020000.0,-0.32,34882000.0,0.8300890009994765,101789000.0,1713000.0,92666000.0,80416000.0,100076000.0,0.0,-221784000.0,737129594.52,686439594.52,0.02965269629994071,1.15233286908078,0.14595879711953158,8.673088149445418,-1.0875075437537718,0.02965269629994071,-10.792177466433158,17.541516218171434,-9.968215428679613,430.31499971978985,0.0,0.0,0.0,0.41283439271434047,0.9057525865499403,-0.18162080381966617,-64.7627477174486,0.8300890009994765,0.21951219512195116,-0.12644625907224516,0.3339920655158104,0.0,0.17100845978246274,0.20951810835079318,0.21412996075010904,-0.12644625907224516,0.3339920655158104,0.0,Internet Content & Information,Communication Services,ANGI
2012Q2,2012,Q2,2012-06-30,2012-06-30,-23387000.0,36504000.0,-22930000.0,-0.41,29788000.0,0.8160201621740083,110004000.0,19098000.0,100896000.0,71608000.0,90906000.0,0.0,-203297000.0,732069680.3199999,670316680.3199999,0.3328788045059847,1.4090045804937996,0.1349405476164503,0.7772541627395538,-0.6755641977491014,0.3328788045059847,-1.2245784898942298,20.054505816348893,-7.825604826613075,38.33226936433134,0.0,0.0,0.0,0.3318424784553289,1.1465897665065357,-0.21260135995054724,-43.93384626537838,0.8160201621740083,-0.7083333333333333,0.32109834129551185,-0.18292047024518357,1.4029977309361203,0.17650776097002252,-0.7388104089219331,-0.7646606125904264,0.32109834129551185,-0.18292047024518357,1.4029977309361203,Internet Content & Information,Communication Services,ANGI
2012Q1,2012,Q1,2012-03-31,2012-03-31,-13450000.0,31094000.0,-12994000.0,-0.24,25319000.0,0.8142728500675371,113609000.0,33082000.0,105439000.0,61346000.0,80527000.0,0.0,-179910000.0,726860640.0,657072640.0,0.5807527561266765,1.718759169301992,0.13055303717135086,0.4483404872740463,-0.27119422298284424,0.5807527561266765,-0.4065655038994015,23.37623464333955,-13.510420817843865,21.97148419079862,0.0,0.0,0.0,0.27369310529975616,1.4646431715189254,-0.11838850795271501,-168.91950732047408,0.8142728500675371,-1.328288707799767,0.30542375900370566,-0.12225577063811273,0.0,0.0854411386435737,-1.2905313351498637,-1.4315119760479043,0.30542375900370566,-0.12225577063811273,0.0,Internet Content & Information,Communication Services,ANGI
2011Q4,2011,Q4,2011-12-31,2011-12-31,-5872000.0,27449000.0,-5344000.0,-0.10308,23326000.0,0.8497941637218114,111398000.0,45836000.0,104679000.0,46594000.0,65562000.0,0.0,-166460000.0,726860640.0,652773640.0,0.8046485499613791,2.246619736446753,0.1330364997576258,0.32332664281350904,-0.08875333354240449,0.8046485499613791,-0.12810891002705296,26.480405114940435,-30.946042234332424,15.857854961165895,0.0,0.0,0.0,0.24640478285067954,1.9926170751598917,-0.05271189787967468,-71.88810602314311,0.8497941637218114,0.8438181818181819,0.6452159071590046,-0.15208488670911852,1.6756741400453075,0.20791258868002693,0.6619264206344637,0.6395764483712146,0.6452159071590046,-0.15208488670911852,1.6756741400453075,Internet Content & Information,Communication Services,ANGI
2011Q3,2011,Q3,2011-09-30,2011-09-30,-17369000.0,24008000.0,-14827000.0,-0.66,19311000.0,0.8043568810396534,32593000.0,-38855000.0,26478000.0,52408000.0,71448000.0,0.0,-161734000.0,333555051.28,337515051.28,-1.4863807281509684,0.5052282094336743,0.45430000306814344,-0.3810835156350534,0.6165585495675316,-1.4863807281509684,0.4470209754214387,13.893495971342885,-4.8010111589613675,-8.58461076515249,0.0,0.0,0.0,0.7365998834105483,0.27234391695924287,-0.5329058386770166,-18.911160634992626,0.8043568810396534,-0.10000000000000009,-1.3388112644361259,0.6842588431611161,0.0,0.15220763723150357,-0.07481435643564356,0.030154369440083727,-1.3388112644361259,0.6842588431611161,0.0,Internet Content & Information,Communication Services,ANGI
2011Q2,2011,Q2,2011-06-30,2011-06-30,-16160000.0,20958000.0,-15288000.0,-0.6,16760000.0,0.799694627349938,51424000.0,-22231000.0,46064000.0,56432000.0,73655000.0,0.0,-144597000.0,343420432.52,331347432.52,-0.8260066470665803,0.8162744542103771,0.40142734909769756,-0.9285682155548558,9.6272040302267,-0.8260066470665803,0.7269128694165804,16.386126181887583,-5.3128160971534655,-15.447817575457693,0.0,0.0,0.0,0.40755289359054137,0.6369081372271052,-0.31425015556938396,-78.69395795600366,0.799694627349938,-0.764705882352941,0.0,0.0,0.0,0.17787616838850234,-0.6770444167704441,-0.7570394207562349,0.0,0.0,0.0,Internet Content & Information,Communication Services,ANGI
2011Q1,2011,Q1,2011-03-31,2011-03-31,-9636000.0,17628000.0,-8701000.0,-0.34,14229000.0,0.8071817562968006,,,,,,,,361697563.04,,,0.0,0.0,0.0,0.0,,0.0,20.518355062400726,-9.384017305936073,0.0,0.0,0.0,0.0,0.0,0.0,0.0,-88.06855686389092,0.8071817562968006,-0.170194458785063,0.0,0.0,0.0,0.1016568597088882,-0.16998542982030113,-0.20362429104993776,0.0,0.0,0.0,Internet Content & Information,Communication Services,ANGI
2010Q4,2010,Q4,2010-12-31,2010-12-31,-8236000.0,16109000.0,-7229000.0,-0.29055,12916000.0,0.8017878204730275,22601000.0,-33757000.0,17938000.0,36316000.0,56358000.0,0.0,-117423000.0,361697563.04,375918563.04,-1.19088256050087,0.49394206410397623,1.0499535418786778,-0.7029653108984804,0.7216544013710381,-1.19088256050087,0.2439790265722665,22.453135703023158,-10.97916352112676,-10.714742513848979,-0.004371053909664886,0.0,9.953066782487218e-05,0.7127560727401442,0.33690384403568674,-0.36440865448431486,-57.9272202178091,0.8017878204730275,-0.022739272765672728,0.0,0.0,0.0,0.07009113504556752,-0.0227244505153359,-0.028892684315399944,0.0,0.0,0.0,Internet Content & Information,Communication Services,ANGI
2010Q3,2010,Q3,2010-09-30,2010-09-30,-8053000.0,15457000.0,-7026000.0,-0.28409,12070000.0,0.7808759785210584,,,,,,,,361697563.04,,,0.0,0.0,0.0,0.0,,0.0,23.4002434521576,-11.228658979262388,0.0,0.0,0.0,0.0,0.0,0.0,0.0,-93.65550570688762,0.7808759785210584,0.0,0.0,0.0,0.0,0.0,0.0,0.0,0.0,0.0,0.0,Internet Content & Information,Communication Services,ANGI
