Quarters,Year,Quarter,FillingDate,Date,NetIncome,Revenue,OperatingIncome,EPSDiluted,GrossProfit,GrossProfitRatio,TotalAssets,CommonStockEquity,CurrentAssets,CurrentLiability,TotalLiability,Inventory,RetainedEarnings,MarketCap,EnterpriseValue,bookValuePerShare,currentRatio,debtToAssets,debtToEquity,roic,shareholdersEquityPerShare,roe,priceToSalesRatio,peRatio,pbRatio,payoutRatio,inventoryTurnover,dividendYield,assetTurnover,quickRatio,returnOnAssets,priceToFreeCashFlowsRatio,grossProfitMargin,epsdilutedGrowth,fiveYNetIncomeGrowthPerShare,fiveYRevenueGrowthPerShare,fiveYShareholdersEquityGrowthPerShare,grossProfitGrowth,netIncomeGrowth,operatingIncomeGrowth,threeYNetIncomeGrowthPerShare,threeYRevenueGrowthPerShare,threeYShareholdersEquityGrowthPerShare,Industry,Sector,Symbol
2023Q1,2023,Q1,2023-05-09,2023-03-31,15707000.0,744626000.0,26177000.0,-0.06,89230000.0,0.1198319693,5283438000.0,2167458000.0,646725000.0,524477000.0,3115980000.0,136018000.0,42002000.0,1672145750.0,3914723750.0,16.111934584649692,1.2330855309193731,0.44364654227039285,1.0814414858327128,0.006279840278482439,16.111934584649692,0.007246737883732926,2.2456182701114384,26.614658273381295,0.7714778094892727,0.0,4.818450499198636,0.0,0.14093588303676508,0.8668197080138881,0.002972874859135283,32.70508820998279,0.11983196933762721,-4.128205128205128,15.560014661729015,0.0,1.066191014994226,0.10213559615123331,10.998090388287714,-0.020761633996708065,31.988424189293386,0.21371326583515643,64.47271684408035,Medical Devices,Healthcare,AHCO
2022Q4,2022,Q4,2023-02-28,2022-12-31,-1571000.0,780283000.0,26732000.0,-0.0117,80961000.0,0.1037585081,5219587000.0,2157758000.0,585308000.0,456214000.0,3061829000.0,127754000.0,26295000.0,2578151580.0,4860702580.0,16.08598543302097,1.2829680807691128,0.4461699747508759,1.079279047974796,-0.002870340465502747,16.08598543302097,-0.0007280705250542461,3.304123734593731,-410.2723711012094,1.1948288825716322,0.0,5.473973417662069,0.0,0.1494913294864134,0.8886575159903028,-0.00030098166770665957,-56.056522438684986,0.10375850813102426,-1.1063636363636364,-1.5565447521377727,0.0,1.0471890532270016,1.9090613069840556,-1.097444485795807,-0.4951368297795992,0.9744473269660656,-0.6405770971547685,37.25751698224621,Medical Devices,Healthcare,AHCO
2022Q3,2022,Q3,2022-11-08,2022-09-30,16122000.0,557654000.0,52949000.0,0.11,-89060000.0,-0.1597047632,5237981000.0,2154367000.0,631931000.0,466927000.0,3078031000.0,125362000.0,28883000.0,2520783060.0,4737456060.0,16.05017619405932,1.3533828628457982,0.44433360869388416,1.080322433457252,0.008662233344024285,16.05017619405932,0.007483404638114119,4.5203352975142295,39.08918031261631,1.1700806130060477,0.0,5.158772195721191,0.0,0.10646354005484174,1.0046088574873588,0.0030779034899133845,196.139360410831,-0.15970476316855972,0.22222222222222227,6.241584479983552,0.0,1.0481168957426432,-1.7572936064556177,0.14894526795895097,-0.10525871100746899,25.298332672451718,0.0,1.042601522506151,Medical Devices,Healthcare,AHCO
2022Q2,2022,Q2,2022-08-09,2022-06-30,14032000.0,727614000.0,59178000.0,0.09,117603000.0,0.1616282809,5202012000.0,2133215000.0,605216000.0,435456000.0,3064319000.0,102675000.0,12761000.0,2423349280.0,4644486280.0,15.880170026501503,1.3898442092886538,0.44981557135969696,1.0969105317560583,0.00810866096602761,15.880170026501503,0.006577864865941783,3.330542402977403,43.17540763968073,1.1360079879430813,0.0,5.94118334550767,0.0,0.13987164966170781,1.088867761610817,0.0026974178452491074,92.1460618274459,0.16162828092917397,-0.7,3.732035994488951,0.0,1.0307209384732066,0.0781254297265335,-0.667724366564054,0.14792830540037244,5.890425580801923,0.0,1.0196953918792524,Medical Devices,Healthcare,AHCO
2022Q1,2022,Q1,2022-05-10,2022-03-31,42230000.0,706203000.0,51552000.0,0.3,109081000.0,0.1544612526,5204341000.0,2120626000.0,614988000.0,443555000.0,3083715000.0,99636000.0,-1271000.0,2148388690.0,4383399690.0,15.822851301642256,1.3864977285793194,0.4523990645501515,1.110256594043457,0.009830581059659307,15.822851301642256,0.019913931075069342,3.0421687390169683,12.71837964717026,1.0130917427212531,0.0,5.993034646111847,0.0,0.13569499000930185,1.1031912615121011,0.008114379899395523,-200.50291087260848,0.15446125264265373,0.764705882352941,43.69019198099795,0.0,1.0291190371509158,-0.012716543272450809,0.7992416173149844,-0.11992761664134387,10.926778007879406,0.0,1.0069533263928991,Medical Devices,Healthcare,AHCO
2021Q4,2021,Q4,2022-03-01,2021-12-31,23471000.0,702106000.0,58577000.0,0.17,110486000.0,0.1573637029,5250484000.0,2061906000.0,670058000.0,499812000.0,3183795000.0,123095000.0,-43021000.0,3240216200.0,5461185200.0,15.56507888578546,1.3406200731475035,0.4515004711946556,1.1497109955545985,0.008924086483859736,15.56507888578546,0.011383157137134283,4.61499574138378,34.51297558689446,1.571466497502796,0.0,4.806206588407328,0.0,0.13372214828194887,1.0194293054188375,0.004470254551770846,86.8527675771303,0.1573637029166536,-0.15,7.419630418109393,0.0,0.9808956834054837,-0.10469507155243667,-0.595968463816016,-0.226297714964998,7.419630418109393,0.0,0.9808956834054837,Medical Devices,Healthcare,AHCO
2021Q3,2021,Q3,2021-11-09,2021-09-30,58092000.0,653293000.0,75710000.0,0.2,123406000.0,0.18889839627854577,5191715000.0,1990109000.0,823438000.0,502065000.0,3197352000.0,99881000.0,-65963000.0,3066920360.0,5111737360.0,15.112762370523374,1.6401023771822374,0.45870603451845876,1.1966535501321787,0.013782148782888658,15.112762370523374,0.029190360929979214,4.694555674100289,13.198548681401913,1.5410815990480924,0.0,5.305183167969884,0.0,0.1258337562828468,1.3627100076683298,0.011189366134312073,-92.4773959715354,0.18889839627854577,0.6666666666666669,25.597320525167603,0.0,0.9284962095225562,-0.022890488293466987,-0.26565284993742655,0.15752136621462534,25.597320525167603,0.0,0.9284962095225562,Medical Devices,Healthcare,AHCO
2021Q2,2021,Q2,2021-08-06,2021-06-30,79107000.0,617017000.0,65407000.0,0.12,126297000.0,0.2046896600904027,4687665000.0,1889963000.0,590869000.0,605874000.0,2793622000.0,81507000.0,-124055000.0,3554090240.0,5272896240.0,14.575849888943731,0.9752341245869603,0.40467802200029224,1.0037207077598873,0.014872653809538169,14.575849888943731,0.04185637496607077,5.760117209088242,11.231908175003475,1.8805078406296845,0.0,6.020587188830407,0.0,0.13162566011009746,0.7927654924951393,0.0168755659800775,41.59555077009503,0.2046896600904027,2.5,26.637798370648827,0.0,0.8639273708104838,0.47852401634258557,20.946293494704992,3.244727107534558,26.637798370648827,0.0,0.8639273708104838,Medical Devices,Healthcare,AHCO
2021Q1,2021,Q1,2021-05-10,2021-03-31,-3966000.0,482119000.0,15409000.0,-0.08,85421000.0,0.17717824852370473,4520068000.0,1788279000.0,503502000.0,513140000.0,2727590000.0,75487000.0,-203162000.0,4084366840.0,5738720840.0,16.09481680151923,0.9812176014343065,0.3952354256617378,0.9990001560159237,0.0029250043340790606,16.09481680151923,-0.0022177747432028222,8.471698564047465,-257.4613489662128,2.283965108352779,0.0,5.255183011644389,0.0,0.10666189092730463,0.765674085045017,-0.0008774204281882485,-237.24249767657992,0.17717824852370473,0.8297872340425532,-6.062603848334932,0.0,1.063995834178728,0.5643439245490339,0.9397877541105562,-0.5230297777502632,-6.062603848334932,0.0,1.063995834178728,Medical Devices,Healthcare,AHCO
2020Q4,2020,Q4,2021-03-16,2020-12-31,-65867000.0,348429000.0,32306000.0,-0.47,54605000.0,0.15671772441444312,1813472000.0,418343000.0,363251000.0,422053000.0,1418722000.0,58783000.0,-91063000.0,2475091320.0,3182125320.0,6.348437713401217,0.8606762657770469,0.44500052937128337,1.9290295284013357,0.021076837586123102,6.348437713401217,-0.15744735779013871,7.103574386747372,-9.394276800218623,5.916416242174484,0.0,4.998451933382101,0.0,0.19213365301476945,0.642163424972693,-0.03632093575197191,74.04688924789086,0.15671772441444312,-10.75,-48.49864396469145,0.0,-0.1920636602536276,0.2499713860592881,-25.463238248292487,1.43653367523946,-48.49864396469145,0.0,-0.1920636602536276,Medical Devices,Healthcare,AHCO
2020Q3,2020,Q3,2020-11-06,2020-09-30,-2489000.0,284405000.0,13259000.0,-0.04,43685000.0,0.15360137831613369,1548826000.0,448630000.0,484385000.0,314805000.0,1109111000.0,46477000.0,-23130000.0,1251283320.0,1729873320.0,7.81966813079551,1.5386826765775639,0.4848239892667091,1.6737801752000534,0.009325115342947067,7.81966813079551,-0.005548001694046319,4.399653030010021,-125.68132985134591,2.7891209237010455,0.0,5.179336015663662,0.0,0.18362617879606877,1.3330569717761789,-0.0016070236424233582,55.96079248658319,0.15360137831613369,-1.5,-3.6156490644560604,0.0,-0.0021546041525414296,0.26260874591751204,-1.6171584428465162,-0.1949605343047966,-3.6156490644560604,0.0,-0.0021546041525414296,Medical Devices,Healthcare,AHCO
2020Q2,2020,Q2,2020-08-07,2020-06-30,4033000.0,232116000.0,16470000.0,0.08,34599000.0,0.14905909114408314,739309000.0,8491000.0,263641000.0,257107000.0,746103000.0,24444000.0,-23335000.0,716578800.0000001,1074021800.0,0.19077469219016807,1.0254135437774934,0.6330641179804385,55.12071605229066,0.026341057217161797,0.19077469219016807,0.4749735013543752,3.087158145065399,44.419712372923385,84.39274525968673,0.0,8.080387825233187,0.0,0.3139634442432055,0.8939079838355237,0.005455093878202484,8.607844837601045,0.14905909114408314,22.253985122210416,3.1048575155911293,0.0,-0.9756041552883359,0.3895546806373694,26.499171735309368,0.7689537975474804,3.1048575155911293,0.0,-0.9756041552883359,Medical Devices,Healthcare,AHCO
2020Q1,2020,Q1,2020-05-08,2020-03-31,-158162.0,191439034.0,9310588.0,-0.003764,24899344.0,0.1300640913179702,661838598.0,-10655455.0,194541663.0,191152241.0,691285324.0,17967948.0,-27367676.0,671632000.0,1110058095.0,-0.25384031731662576,1.0177315315910944,0.7352091544228734,-45.665792403984625,0.0036306686253086058,-0.25384031731662576,0.01484328918849547,3.5083336243746404,-1061.6203639306534,-63.031752280873974,0.0,9.268709482017647,0.0,0.28925335357971976,0.872677584773908,-0.00023897367194652494,39.86935394837687,0.1300640913179702,0.96236,-1.5343935709854701,0.0,-1.032552427526772,-0.9387367902429258,0.9894555376794423,-0.718988405246128,-1.5343935709854701,0.0,-1.032552427526772,Medical Devices,Healthcare,AHCO
2019Q4,2019,Q4,2020-03-06,2019-12-31,-14999532.0,529644247.0,33132398.0,-0.1,406432247.0,0.7673683784957641,546121693.0,-14519195.0,181414824.0,150894186.0,575369900.0,13239037.0,-27209514.0,359331480.0,699269034.0,-0.44365932286255577,1.2022651687852308,0.7632285868563731,-28.707906189013922,0.08021366962786955,-0.44365932286255577,1.033082894747264,0.6784393147576282,-5.989044858199576,-24.748719195520138,0.0,9.306719212281074,0.0,0.9698282521804165,1.030505999747399,-0.02746554878200013,8.794268704735082,0.7673683784957641,-19.230629172567266,-22.78029482076777,0.0,-1.0564624724365275,0.0,-96.10131867705036,27.607110562892792,-22.78029482076777,0.0,-1.0564624724365275,Medical Devices,Healthcare,AHCO
2019Q3,2019,Q3,2019-11-05,2019-09-30,-154473.0,0.0,-1245246.0,-0.004943,0.0,0.0,256626898.0,245553526.0,746630.0,3198372.0,11073372.0,0.0,2089038.0,318125000.0,317502838.0,7.857712832,0.23344063792454411,0.0,0.0,0.0064111067074643525,7.857712832,-0.0006290807650630112,0.0,-514.8553468891004,1.295542382071109,0.0,0.0,0.0,0.0,0.19452458938484954,-0.0006019361228455484,-524.9353576655825,0.0,0.7685861423220974,-1.298028040754982,0.0,0.0027001709220921795,0.0,0.768575614842514,0.32651726776872464,-1.298028040754982,0.0,0.0027001709220921795,Medical Devices,Healthcare,AHCO
2019Q2,2019,Q2,2019-07-31,2019-06-30,-667488.0,0.0,-1848965.0,-0.02136,0.0,0.0,255865717.0,245707999.0,1001651.0,2282718.0,10157718.0,0.0,2243511.0,315625000.0,314746929.0,7.862655968,0.43879752120060384,0.0,0.0,-0.013690911761992981,7.862655968,-0.0027165904354623798,0.0,-118.21373567764513,1.2845532147286747,0.0,0.0,0.0,0.0,0.38466030407610574,-0.0026087433980066972,-391.17933209808456,0.0,-1.8085090275937772,-1.9676123102793444,0.0,0.0054590145812509535,0.0,-1.8084903306451807,-4.416498221808189,-1.9676123102793444,0.0,0.0054590145812509535,Medical Devices,Healthcare,AHCO
2019Q1,2019,Q1,2019-05-14,2019-03-31,825598.0,0.0,-341358.0,0.026419,0.0,0.0,255230964.0,246375487.0,906954.0,980477.0,8855477.0,0.0,2910999.0,312187500.0,311442734.0,7.884015584,0.9250130293724381,0.0,0.0,-0.0010188842501946962,7.884015584,0.0033509746040603465,0.0,94.53375008175892,1.2671207830022473,0.0,0.0,0.0,0.0,0.7595955845981088,0.0032347094061831775,-865.775804452185,0.0,0.258047619047619,2.747046515955395,0.0,0.011044457520023645,0.0,0.25544468335528137,0.2918368659407136,2.747046515955395,0.0,0.011044457520023645,Medical Devices,Healthcare,AHCO
2018Q4,2018,Q4,2019-03-29,2018-12-31,657614.0,0.0,-482033.0,0.021,0.0,0.0,254124282.0,245549889.0,1105103.0,699393.0,8574393.0,0.0,2085401.0,307187500.0,306240402.0,7.857596448,1.5800887340879877,0.0,0.0,-0.0013715841866958627,7.857596448,0.0026781278650873266,0.0,116.7810828236625,1.251018688100486,0.0,0.0,0.0,0.0,1.354171402916529,0.0025877653045370927,-843.2267362064233,0.0,0.26612805980947796,0.0,0.0,0.0,0.0,0.26874866153338595,-0.08382668054709265,0.0,0.0,0.0,Medical Devices,Healthcare,AHCO
2018Q3,2018,Q3,2018-11-08,2018-09-30,518317.0,0.0,-444751.0,0.016586,0.0,0.0,253147373.0,244892275.0,1086753.0,380098.0,8255098.0,0.0,1427787.0,303750000.0,302903284.0,7.8365528,2.8591389589000733,0.0,0.0,-0.0012384535141883465,7.8365528,0.00211651020841715,0.0,146.50783207959608,1.240341288838123,0.0,0.0,0.0,0.0,2.227625507106062,0.0020474911268385946,-852.1866478133522,0.0,-0.2486523216308041,0.0,0.0,0.0,0.0,-0.24863082208660103,-0.8973614044069026,0.0,0.0,0.0,Medical Devices,Healthcare,AHCO
2018Q2,2018,Q2,2018-08-08,2018-06-30,689830.0,0.0,-234405.0,0.022075,0.0,0.0,252346678.0,244373958.0,1276452.0,97720.0,7972720.0,0.0,909470.0,300625000.0,299636282.0,7.819966656,13.062341383544823,0.0,0.0,-0.0007174851163792275,7.819966656,0.0028228457960319977,0.0,108.94894394271051,1.2301842735632247,0.0,0.0,0.0,0.0,10.117867376176832,0.0027336599216099054,-563.7271907305905,0.0,1.2075,0.0,0.0,0.0,0.0,2.1308519377487714,-2.2319687840390476,0.0,0.0,0.0,Medical Devices,Healthcare,AHCO
2018Q1,2018,Q1,2018-05-15,2018-03-31,220333.0,0.0,-72527.0,0.01,0.0,0.0,251634961.0,243684128.0,1270052.0,75833.0,7950833.0,0.0,219640.0,303125000.0,302054323.0,7.797892096,16.748012079173975,0.0,0.0,-0.00022428559734699577,7.797892096,0.0009041746042647472,0.0,343.9396277452765,1.2439259072301991,0.0,0.0,0.0,0.0,14.118879643427004,0.0008756056754768667,-797.3050104290783,0.0,0.0,0.0,0.0,0.0,0.0,0.0,0.0,0.0,0.0,0.0,Medical Devices,Healthcare,AHCO
