Year,Date,FillingDate,NetIncome,Revenue,OperatingIncome,EPSDiluted,GrossProfit,GrossProfitRatio,TotalAssets,CommonStockEquity,CurrentAssets,CurrentLiability,TotalLiability,Inventory,RetainedEarnings,EnterpriseValue,bookValuePerShare,currentRatio,debtToAssets,debtToEquity,roic,shareholdersEquityPerShare,roe,priceToSalesRatio,peRatio,pbRatio,payoutRatio,inventoryTurnover,dividendYield,assetTurnover,quickRatio,returnOnAssets,priceToFreeCashFlowsRatio,grossProfitMargin,epsdilutedGrowth,fiveYNetIncomeGrowthPerShare,fiveYRevenueGrowthPerShare,fiveYShareholdersEquityGrowthPerShare,grossProfitGrowth,netIncomeGrowth,operatingIncomeGrowth,threeYNetIncomeGrowthPerShare,threeYRevenueGrowthPerShare,threeYShareholdersEquityGrowthPerShare,Industry,Sector,Price,MarketCap,AvgVolume,Symbol
2022,2022-12-31,2023-02-28,69316000.0,2970595000.0,190411000.0,0.5,417426000.0,0.1405193236,5219587000.0,2157758000.0,585308000.0,456214000.0,3061829000.0,127754000.0,26295000.0,4861394500.0,16.08166946152413,1.2829680807691128,0.4461699747508759,1.079279047974796,0.03073983278479678,16.08166946152413,0.032124084350515676,0.8681235577384329,37.20415921288014,1.1951495487445765,0.0,19.985041564256306,0.0,0.5691245303507729,0.8886575159903028,0.013279977898634509,-146.89242993848256,0.14051932356985722,-0.25373134328358216,23398.14249452505,0.0,20674.2034670107,-0.06324813177442158,-0.5561645589883144,-0.15599831564016756,-0.047712094554388025,1.7237517965852032,5.945677299168875,Medical Devices,Healthcare,12.59,1689225480,1311703,AHCO
2021,2021-12-31,2022-03-01,156175000.0,2454535000.0,225605000.0,0.67,445610000.0,0.1815455881,5250484000.0,2066689000.0,670058000.0,499812000.0,3183795000.0,123095000.0,-43021000.0,5310413760.0,16.36255601475781,1.3406200731475035,0.4515004711946556,1.1470501851028385,0.04058071315029577,16.36255601475781,0.07556773176805992,1.258668040993508,19.78194179606211,1.494876471496195,0.0,16.320118607579513,0.0,0.4674873783064571,1.0194293054188375,0.029744876853257718,42.6889881306048,0.18154558806454177,1.5982142857142856,56001.056338907336,0.0,21035.32186041805,1.7637813833482188,3.6597465853741613,2.0165129027944912,17.52267389381593,0.0,1.082386913484541,Medical Devices,Healthcare,12.59,1689225480,1311703,AHCO
2020,2020-12-31,2021-03-16,-58718000.0,1056389000.0,74790000.0,-1.12,161232000.0,0.1526255953,1826263000.0,394750000.0,372827000.0,434844000.0,1431513000.0,58783000.0,-91063000.0,2678483280.0,7.520766651425087,0.857381037797463,0.44188378125165984,2.0443217226092463,0.05076564497119203,7.520766651425087,-0.14874730842305256,1.8662152672926358,-33.57487107871522,4.99417170360988,-15.939643720835178,15.228161203068915,0.47474921596765607,0.5784429734381084,0.6360970830918674,-0.032151995632611514,12.64730515335613,0.15262559530627448,-0.1789473684210528,-50664.4799219808,0.0,9667.982509443122,1.3027550452033079,-5.798398300236986,1.5185210129310345,-50664.4799219808,0.0,9667.982509443122,Medical Devices,Healthcare,12.59,1689225480,1311703,AHCO
2019,2019-12-31,2020-03-06,12237000.0,183352000.0,29696000.0,-0.95,70017000.0,0.3818720276,227836000.0,-73347733.0,58106000.0,52841000.0,212698000.0,18213000.0,-74786000.0,399275860.0,-3.251661701467394,1.0996385382562783,0.7082638389016661,-2.200040729275164,0.2685037106394412,-3.251661701467394,-0.1668354221663538,1.3508216981543697,20.239916646236825,-3.376735038286732,6.737762523494321,6.22275297864163,0.3328947762611988,0.804754296950438,0.6952555780549194,0.05370968591442968,19.895241384850188,0.38187202757537414,-15.231143734551718,24570.40003199624,0.0,-4181.459463152839,0.0,4.865986863487455,25.07036951778205,24570.40003199624,0.0,-4181.459463152839,Medical Devices,Healthcare,12.59,1689225480,1311703,AHCO
2018,2018-12-31,2019-03-29,2086094.0,0.0,-1233716.0,0.066755,0.0,0.0,254124282.0,245549889.0,1105103.0,699393.0,8574393.0,0.0,2085401.0,306240402.0,7.857596448,1.5800887340879877,0.0,0.0,-0.0035944839943052686,7.857596448,0.008495601478361899,0.0,147.25486962715965,1.251018688100486,0.0,0.0,0.0,0.0,1.354171402916529,0.008208951870250636,-187.97377805953235,0.0,3338.75,3024.3246376811594,0.0,10101.02365573703,0.0,3024.3246376811594,-1786.9942028985506,3024.3246376811594,0.0,10101.02365573703,Medical Devices,Healthcare,12.59,1689225480,1311703,AHCO
2017,2017-12-31,2017-12-31,-690.0,0.0,-690.0,-2e-05,0.0,0.0,310616.0,24307.0,119821.0,286309.0,286309.0,0.0,-693.0,303179419.0,0.000777824,0.41850238728087485,0.5609498544827053,7.168305426420373,-0.003475247674354183,0.000777824,-0.028386884436582053,0.0,-439311.59420289856,12470.687456288311,0.0,0.0,0.0,0.0,0.41850238728087485,-0.002221392330079584,0.0,0.0,0.0,0.0,0.0,0.0,0.0,0.0,0.0,0.0,0.0,0.0,Medical Devices,Healthcare,12.59,1689225480,1311703,AHCO
TTM,,,,,,,,,,,,,,,,3931803480.0,16.111934584649692,1.2330855309193731,0.44364654227039285,1.0814414858327128,0.025989302399011028,16.111934584649692,0.020569389877714537,0.6011099941391592,38.240454955972005,0.7814083364014436,0.0,19.199245688070697,0.0,0.5318841633042727,0.8668197080138881,0.008382799230349632,38.14269379276086,0.07071938884988384,,,,,,,,,,,Medical Devices,Healthcare,12.59,1689225480,1311703,AHCO
