Quarters,Year,Quarter,FillingDate,Date,NetIncome,Revenue,OperatingIncome,EPSDiluted,GrossProfit,GrossProfitRatio,TotalAssets,CommonStockEquity,CurrentAssets,CurrentLiability,TotalLiability,Inventory,RetainedEarnings,MarketCap,EnterpriseValue,bookValuePerShare,currentRatio,debtToAssets,debtToEquity,roic,shareholdersEquityPerShare,roe,priceToSalesRatio,peRatio,pbRatio,payoutRatio,inventoryTurnover,dividendYield,assetTurnover,quickRatio,returnOnAssets,priceToFreeCashFlowsRatio,grossProfitMargin,epsdilutedGrowth,fiveYNetIncomeGrowthPerShare,fiveYRevenueGrowthPerShare,fiveYShareholdersEquityGrowthPerShare,grossProfitGrowth,netIncomeGrowth,operatingIncomeGrowth,threeYNetIncomeGrowthPerShare,threeYRevenueGrowthPerShare,threeYShareholdersEquityGrowthPerShare,Industry,Sector,Symbol
2022Q4,2022,Q4,2023-04-20,2022-12-31,1165000.0,4589000.0,-1002000.0,2.86,-451000.0,-0.098278492,15750000.0,3131000.0,26290000.0,5239000.0,38909000.0,3411000.0,-102926000.0,0.0,29947000.0,0.0,5.018133231532735,2.158031746031746,10.855637176620888,0.013975047812099257,0.0,0.3720855956563398,0.0,0.0,0.0,0.0,1.4775725593667546,,0.2913650793650794,2.8429089520900934,0.07396825396825397,0.0,-0.09827849204619743,0.0,1.0,-1.0,-1.0,0.0,0.0,0.0,0.0,0.0,0.0,Security & Protection Services,Industrials,SPCB
2022Q2,2022,Q2,2022-06-30,2022-06-30,-4924000.0,3218000.0,-1759000.0,-1.57,1282000.0,0.3983840895,42684000.0,3725000.0,27144000.0,5196000.0,38959000.0,3641000.0,-100628000.0,10276605.612,40410605.612,1.1874640772192748,5.224018475750578,0.7742011058007684,8.871409395973155,-0.08212213061844309,1.1874640772192748,-1.3218791946308726,3.193475951522685,-0.5217610485377742,2.7588202985234895,,0.5317220543806647,,0.07539124730578202,3.3123556581986144,-0.11535938524974229,0.0,0.3983840894965817,-0.4811320754716981,-2.547424228698394,-0.7957295606084818,-0.9512645141950443,-0.038980509745127435,-0.4822396146899458,-0.2858187134502924,-24.273633524817477,-0.7073947495603478,-0.9021014222910266,Security & Protection Services,Industrials,SPCB
2022Q1,2022,Q1,2022-03-31,2022-03-31,-3322000.0,3046000.0,-1368000.0,-1.06,1334000.0,0.4379514117,45077000.0,6323000.0,29284000.0,5789000.0,38754000.0,3701000.0,-97814000.0,18031113.876000002,44974113.876,2.0156604993979794,5.058559336673,0.719302526787497,5.1279455954452,-0.04898393412854196,2.0156604993979794,-0.5253835204807844,5.919604030203546,-1.3569471610475619,2.851670706310296,,0.46257768170764657,,0.06757326352685405,3.320608049749525,-0.07369611997249151,0.0,0.43795141168745894,0.0,0.20743364132880523,-0.8258041206376135,-0.9183971872826451,0.0,0.0,0.0,-6.392902360608757,-0.7239775301394547,0.0,Security & Protection Services,Industrials,SPCB
2020Q2,2020,Q2,2020-07-15,2020-06-30,-376000.0,6796000.0,765000.0,-0.23294296800317696,4223000.0,0.6213949381989405,40313000.0,7956000.0,24510000.0,15448000.0,32358000.0,3035000.0,-77840000.0,25826064.0,43078064.0,4.928974078279989,1.586613153806318,0.36137226204946293,1.8310708898944192,0.03396377197655834,4.928974078279989,-0.04725992961287079,3.8001859917598586,-17.171585106382977,3.2461116138763195,0.0,0.8477759472817133,0.0,0.16858085481110313,0.9666623511134127,-0.009327016099025129,0.0,0.6213949381989405,0.0,-1.2998709575503438,-0.2399110609043306,-0.8845100382661263,0.0,0.0,0.0,0.47355805497116815,-0.16162096419219518,-0.7977067678649017,Security & Protection Services,Industrials,SPCB
2019Q2,2019,Q2,2019-06-30,2019-06-30,109000.0,5666000.0,580000.0,0.06744472718979107,3262000.0,0.5757147899752912,48755000.0,19603000.0,30490000.0,12627000.0,29152000.0,3201000.0,-66082000.0,17615904.2,29649904.2,12.129533492808164,2.4146669834481664,0.27742795610706594,0.6899964291179922,0.026141066656412023,12.129533492808164,0.005560373412232821,3.1090547476173667,40.40345,0.8986330765699128,0.0,0.7510153077163386,0.0,0.11621372166957235,1.6082204799239725,0.0022356681366013744,-4.397379980029955,0.5757147899752912,1.4708353485120844,-0.9570363641353603,-0.33057350226869464,-0.3554181325184411,0.06150341685649203,1.4718614718614718,3.4615384615384617,1.0670895563726326,0.04984313293804326,-0.6444212981809299,Security & Protection Services,Industrials,SPCB
2019Q1,2019,Q1,2019-06-10,2019-03-31,-231000.0,5673000.0,130000.0,-0.14324482518767398,3073000.0,0.5416887008637405,,,,,,,,23221785.6,,,0.0,0.0,0.0,0.0,,0.0,4.09338720253834,-25.1318025974026,0.0,,0.0,,0.0,0.0,0.0,0.0,0.5416887008637405,0.9851647293044763,-1.1427862005852476,-0.11806334573530593,0.0,2.0284471218206157,0.9851647293044763,1.0141874931790897,-3.743498723866164,-0.09277174143815083,0.0,Security & Protection Services,Industrials,SPCB
2018Q4,2018,Q4,2019-01-24,2018-12-31,-15571000.0,2025000.0,-9163000.0,-9.655693389598579,-2988000.0,-1.4755555555555555,44349000.0,19550000.0,25664000.0,13543000.0,24799000.0,3169000.0,-65959000.0,22254211.200000003,30239211.200000003,12.123098750855748,1.8950011075832534,0.217006020428871,0.4922762148337596,-0.518726743164846,12.123098750855748,-0.7964705882352942,10.989733925925927,-0.3573022156573117,1.1383228235294118,,1.581887030609025,,0.04566055604410472,1.1449457284205862,-0.35110149045074296,0.0,-1.4755555555555555,-123.97375723639534,-16.063399591118223,-0.424779421944336,-0.16808360621229027,-1.8772753963593658,-132.95762711864407,-33.960431654676256,-5.815563388803118,-0.7287660941744293,-0.6549259897335509,Security & Protection Services,Industrials,SPCB
2018Q3,2018,Q3,2018-11-14,2018-09-30,118000.0,6082000.0,278000.0,0.07851832461325234,3406000.0,0.5600131535679053,57344000.0,34190000.0,31452000.0,12874000.0,23154000.0,4825000.0,-50646000.0,26814217.9,30028217.9,22.82374978387865,2.443063538915644,0.08719308035714286,0.14624159110851126,-0.011957860970364158,22.82374978387865,0.0034513015501608656,4.408782949687603,56.809783686440674,0.7842707780052646,,0.5546113989637306,,0.10606166294642858,1.5576355445083114,0.0020577566964285715,0.0,0.5600131535679053,2.5642574964135387,-0.950917951138047,0.8665792565225587,2.298404105648476,-0.11163275952008346,2.5757575757575757,2.172995780590717,0.9413987525557543,0.15398282289558715,-0.3809788059866523,Security & Protection Services,Industrials,SPCB
2018Q2,2018,Q2,2018-07-16,2018-06-30,33000.0,6761000.0,-237000.0,0.022029363673152065,3834000.0,0.5670758763496524,55332000.0,32537000.0,29570000.0,18302000.0,22795000.0,4889000.0,-50763000.0,35053223.4,34246223.4,21.72027922544778,1.6156704185334936,0.020114942528735632,0.0342072102529428,0.02112927191679049,21.72027922544778,0.0010142299535912962,5.184621121135926,265.5547227272727,1.0773342164305253,0.0,0.5986909388422991,0.0,0.12218969131786309,0.9880887334717517,0.0005963999132509217,-37.330376357827475,0.5670758763496524,1.1029758405554042,-0.9927321394021507,1.1105872826306071,2.9280572768733526,-0.013635194237200925,1.103125,0.5714285714285714,-0.9716412791011532,-0.18520545004987662,-0.4910757945248985,Security & Protection Services,Industrials,SPCB
2018Q1,2018,Q1,2018-05-14,2018-03-31,-320000.0,7014000.0,-553000.0,-0.2139274955595003,3887000.0,0.5541773595665811,52830000.0,32472000.0,26599000.0,16011000.0,20358000.0,4818000.0,-50796000.0,40836268.2,40190268.2,21.70829116065018,1.6612953594403848,0.01383683513155404,0.02251170238975117,-0.01063800177255945,21.70829116065018,-0.009854644000985464,5.822108383233533,-31.90333453125,1.257584016999261,,0.6490244914902449,,0.13276547416240772,0.9655861595153332,-0.006057164489873178,0.0,0.5541773595665811,0.9307059333044608,-1.173142953214775,1.0077302601917204,9.563426882427011,1.9581430745814308,0.9307059333044608,0.8846715328467153,-1.1425760264141926,-0.16312571023012154,-0.023347917824135478,Security & Protection Services,Industrials,SPCB
2017Q4,2017,Q4,2017-12-31,2017-12-31,-4618000.0,7797000.0,-4795000.0,-3.087241170293039,1314000.0,0.1685263562908811,54198000.0,32707000.0,27413000.0,17960000.0,21491000.0,4876000.0,-50476000.0,58487109.4,58188109.4,21.865394154698983,1.526336302895323,0.013616738625041515,0.022563977130277923,-0.1351186382760609,21.865394154698983,-0.1411930167853976,7.501232448377581,-3.166257546556951,1.7882138196716302,,1.3295734208367513,,0.14386139709952397,0.8819042316258352,-0.08520609616591018,0.0,0.1685263562908811,-8.550822723871502,-2.73406677653278,0.4110583352926364,25.756815065072605,-0.7436597737026922,-8.521172638436482,-9.099662162162161,-3.547340492833228,-0.13014048150580246,0.06156697186612263,Security & Protection Services,Industrials,SPCB
2017Q3,2017,Q3,2017-10-30,2017-09-30,614000.0,9638000.0,592000.0,0.40886156160611475,5126000.0,0.5318530815521892,56489000.0,37159000.0,27178000.0,16537000.0,19330000.0,6123000.0,-45858000.0,52284190.0,52181190.0,24.874919167725462,1.6434661667775292,0.012887464816158899,0.019591485239107618,0.01710161001800692,24.874919167725462,0.016523587825291317,5.424796638306702,21.2883509771987,1.4070397481094756,,0.7368936795688388,,0.17061728832162013,1.1551672008223983,0.010869372798243905,0.0,0.5318530815521892,1.9285835542241598,-0.32274062422401617,2.035724099585407,22.66174981633135,0.49402506557854853,1.9288956127080181,2.2731182795698923,-0.8477693416180557,-0.03304102450449549,0.16758176094423607,Security & Protection Services,Industrials,SPCB
2017Q2,2017,Q2,2017-07-31,2017-06-30,-661000.0,7502000.0,-465000.0,-0.44030670126149535,3431000.0,0.4573447080778459,54564000.0,36398000.0,24845000.0,15241000.0,18166000.0,6190000.0,-46472000.0,47653304.6,47199304.6,24.365491748079105,1.6301423791089824,0.008632065097866725,0.012940271443485906,-0.012064657757455417,24.365491748079105,-0.018160338480136273,6.352080058651026,-18.0231863086233,1.3092286554206274,,0.6576736672051696,,0.13748992009383476,1.1008464011547798,-0.012114214500403196,0.0,0.4573447080778459,0.6686912446952418,-1.102264371223948,0.7585351626882929,11.107953364265368,0.12787639710716633,0.6688376753507014,0.7483766233766234,-1.2818720997387492,-0.041086372540787716,0.29481930878837753,Security & Protection Services,Industrials,SPCB
2017Q1,2017,Q1,2017-05-16,2017-03-31,-1996000.0,8327000.0,-1848000.0,-1.3289920480866075,3042000.0,0.3653176414074697,54271000.0,36899000.0,24028000.0,14398000.0,17372000.0,5920000.0,-45811000.0,42723652.4,42727652.4,24.700870377833144,1.6688428948465064,0.014317038565716497,0.02105748123255373,-0.04837123852342859,24.700870377833144,-0.05409360687281498,5.1307376486129455,-5.351158867735471,1.1578539364210414,,0.8927364864864865,,0.15343369386965414,1.0615363244895124,-0.03677838993200789,0.0,0.3653176414074697,0.7877599557128283,-4.603595835248348,-0.27887983261821386,2.3025822302059447,3.2837837837837838,0.7866153517211888,0.6762438682550805,-2.3318814605490488,0.3974746960819931,0.5876202875971981,Security & Protection Services,Industrials,SPCB
2016Q4,2016,Q4,2017-03-13,2016-12-31,-9354000.0,4036000.0,-5708000.0,-6.261740344759883,-1332000.0,-0.33002973240832506,53473000.0,38724000.0,23160000.0,12927000.0,14749000.0,5965000.0,-43815000.0,50640972.6,48932972.6,25.92255899919268,1.791598978881411,0.0,0.0,-0.23670377754222355,25.92255899919268,-0.24155562441896497,12.547317294350842,-1.3534576812059012,1.3077412612333437,,0.899916177703269,,0.07547734370616947,1.0806064825558908,-0.17492940362425896,0.0,-0.33002973240832506,-1.9485785748470432,-2.7679145536865706,-0.6060267179411487,2.3106281066003183,-1.7826086956521738,-1.9158354114713216,-0.8544509421702404,-10.768651962740073,0.2376314112434693,0.7788687730383499,Security & Protection Services,Industrials,SPCB
2016Q3,2016,Q3,2016-10-27,2016-09-30,-3208000.0,5106000.0,-3078000.0,-2.1236471017512937,1702000.0,0.3333333333333333,,,,,,,,51527483.699999996,,,0.0,0.0,0.0,0.0,,0.0,10.091555757931845,-4.015545799563591,0.0,,0.0,,0.0,0.0,0.0,0.0,0.3333333333333333,-1.1243133081301675,-1.142609080000881,-0.5961054413124894,0.0,0.2796992481203007,-1.124503311258278,-0.9642629227823867,-2.330584084738057,0.5626010743212974,0.0,Security & Protection Services,Industrials,SPCB
2016Q2,2016,Q2,2016-07-06,2016-06-30,-1510000.0,5016000.0,-1567000.0,-0.9996863897729567,1330000.0,0.26515151515151514,63863000.0,51238000.0,35734000.0,10912000.0,12625000.0,6099000.0,-31253000.0,57077824.0,49135824.0,34.1120922899934,3.274743401759531,0.0,0.0,-0.028488577178234102,34.1120922899934,-0.029470315000585504,11.379151515151515,-9.449970860927152,1.1139744720715092,,0.6043613707165109,,0.07854313139063307,2.429618768328446,-0.023644363716079732,0.0,0.26515151515151514,-20.259298698518858,-1.4110261313355408,-0.7387718817223287,1.8089486249274143,0.5393518518518519,-20.11392405063291,-0.2576243980738363,-1.331663659249415,0.5616302059091239,5.169085164986941,Security & Protection Services,Industrials,SPCB
2016Q1,2016,Q1,2016-04-11,2016-03-31,79000.0,5867000.0,-1246000.0,0.051906687020220416,864000.0,0.14726435997954662,64391000.0,52629000.0,38565000.0,10410000.0,11762000.0,3190000.0,-29743000.0,60219350.199999996,48997350.199999996,34.783407543311554,3.7046109510086453,0.0,0.0,0.0014365112492662673,34.783407543311554,0.0015010735526040776,10.264078779614794,190.5675639240506,1.1442237207623172,,1.5683385579937303,,0.09111521796524359,2.856388088376561,0.0012268795328539703,0.0,0.14726435997954662,1.0366388257228607,1.0517033062631482,-0.6405392725126091,1.7541893300173816,-0.8026045236463331,1.0359908883826878,0.49513776337115073,-0.9577416689205733,0.6602982070182187,15.925882354639786,Security & Protection Services,Industrials,SPCB
2015Q4,2015,Q4,2016-01-05,2015-12-31,-2195000.0,7173000.0,-2468000.0,-1.4167126264593513,4377000.0,0.6102049351735676,65942000.0,54432000.0,48082000.0,10238000.0,11510000.0,3602000.0,-29822000.0,80876696.4,58630696.400000006,35.13188008999833,4.696425083024028,0.0,0.0,-0.03787041175528407,35.13188008999833,-0.04032554379776602,11.275156336260979,-9.211468838268793,1.4858299603174605,,0.77623542476402,,0.10877741045160899,3.7498534870091813,-0.03328682781838586,0.0,0.6102049351735676,-36.23199877478366,-4.914535675058924,-0.5788004184118893,1.7646484276277328,0.37253057384760113,-34.25757575757576,-35.27777777777778,-1.7957504883354938,0.25328189365637493,41.991094137417015,Security & Protection Services,Industrials,SPCB
2015Q3,2015,Q3,2015-09-30,2015-09-30,66000.0,5723000.0,72000.0,0.04021096377516125,3189000.0,0.557225231521929,71634000.0,59975000.0,57089000.0,9995000.0,11659000.0,2393000.0,-27627000.0,130130400.0,100116400.0,36.870708151208326,5.71175587793897,0.0,0.0,0.0012005002084201752,36.870708151208326,0.0011004585243851604,22.738144329896908,492.91818181818184,2.1697440600250104,,1.0589218554116173,,0.07989222994667337,4.818209104552277,0.0009213501968339057,0.0,0.557225231521929,-0.9475540136935008,1.009152397526123,-0.7821085235677226,1.6473613023905322,-0.3531440162271805,-0.9392265193370166,-0.9439688715953307,-0.9331434206629295,0.6554371017720952,33.10800606575297,Security & Protection Services,Industrials,SPCB
2015Q2,2015,Q2,2015-06-30,2015-06-30,1086000.0,7744000.0,1285000.0,0.7667119375001279,4930000.0,0.6366219008264463,71605000.0,59666000.0,57892000.0,10315000.0,11939000.0,1818000.0,-27693000.0,177269443.2,144876443.2,42.67880951972212,5.612409112942317,0.0,0.0,0.020024569418162934,42.67880951972212,0.01820132068514732,22.891198760330578,40.807882872928175,2.9710294506083867,,1.5478547854785478,,0.10814887228545493,4.802326708676684,0.015166538649535648,0.0,0.6366219008264463,-0.4840520218908026,1.1937596048263677,-0.611814655027322,1.7511425861531964,-0.08669877732493517,-0.47332686711930166,-0.5065284178187404,-0.820468594444504,0.9396664499325986,18.705179962219553,Security & Protection Services,Industrials,SPCB
2015Q1,2015,Q1,2015-03-31,2015-03-31,2062000.0,7700000.0,2604000.0,1.486025665436095,5398000.0,0.701038961038961,41876000.0,30546000.0,27752000.0,9723000.0,11330000.0,1276000.0,-28779000.0,115300330.10000001,111068330.10000001,22.227251195007636,2.854263087524427,0.0,0.0,0.0673495636127461,22.227251195007636,0.06750474693904275,14.974068844155845,13.979186481571292,3.77464578340863,,1.8040752351097178,,0.18387620594135065,1.9074359765504474,0.049240615149488964,0.0,0.701038961038961,3.1888353718582096,1.2355453770449052,-0.4163326334576053,1.420541216176144,-0.0728272071453109,3.210075026795284,2.596685082872928,3.0466714962823773,-0.27515766276397813,2.172137742114683,Security & Protection Services,Industrials,SPCB
2014Q4,2014,Q4,2014-12-31,2014-12-31,-933000.0,8235000.0,724000.0,-0.6789115730410255,5822000.0,0.7069823922282938,42874000.0,28306000.0,28374000.0,12666000.0,14568000.0,1614000.0,-30841000.0,140311843.9,135522843.9,20.59728188063531,2.2401705352913313,0.0,0.0,-0.03216161156007232,20.59728188063531,-0.03296120963753268,17.038475276259867,-37.59695710075027,4.956964738924609,0.0,1.4950433705080546,0.0,0.1920744507160517,1.3857571451129007,-0.02176144050006997,29.85358380851064,0.7069823922282938,-1.251448722565423,0.967790093580217,1.3010509495475748,1.442399791271971,-0.15769675925925927,-1.253257328990228,-0.8061579651941098,-1.1916811027312355,-0.12619813683934872,2.0413854802363773,Security & Protection Services,Industrials,SPCB
2014Q3,2014,Q3,2014-11-03,2014-09-30,3684000.0,9104000.0,3735000.0,2.7000000879478856,6912000.0,0.7592267135325131,40200000.0,29069000.0,21047000.0,6844000.0,11131000.0,1103000.0,-29908000.0,168508834.0,163042834.0,21.304648633436038,3.0752483927527763,0.0005970149253731343,0.0008256217964154254,0.12838139758704842,21.304648633436038,0.1267329457497678,18.50931832161687,11.435181460369165,5.796856926622863,0.0,1.9873073436083408,0.0,0.22646766169154228,2.581677381648159,0.09164179104477611,44.66176358335542,0.7592267135325131,0.7301988648689073,1.7287895597726664,-0.780453282801455,1.8103410509729265,0.284042355563812,0.7418439716312056,0.7054794520547946,3.7090517519924977,-0.20711803477110202,1.6614415538526395,Security & Protection Services,Industrials,SPCB
2014Q2,2014,Q2,2014-08-04,2014-06-30,2115000.0,7056000.0,2190000.0,1.5605143101006818,5383000.0,0.7628968253968254,37288000.0,25353000.0,17580000.0,7608000.0,11935000.0,1049000.0,-33592000.0,138367401.9,136334401.9,18.817677171403187,2.310725552050473,0.0006972752628191376,0.0010255196623673727,0.08629181606840301,18.817677171403187,0.08342208022719205,19.60989255952381,16.35548485815603,5.457634279966868,,1.5948522402287892,,0.18922977901737825,1.9043112513144058,0.05672066080240292,0.0,0.7628968253968254,0.5639255826933162,1.2478478541328826,-0.8142620700653501,1.7673470141919367,0.25624270711785296,0.5842696629213483,0.6102941176470589,-0.3581651027920496,-0.5903231392339982,1.4462503778051763,Security & Protection Services,Industrials,SPCB
2014Q1,2014,Q1,2014-04-23,2014-03-31,1335000.0,5308000.0,1360000.0,0.997818775630769,4285000.0,0.8072720422004521,31265000.0,20704000.0,11781000.0,6325000.0,10561000.0,982000.0,-35706000.0,84767246.2,83393246.2,15.558424499108005,1.862608695652174,3.1984647369262754e-05,4.829984544049459e-05,0.06568461724221203,15.558424499108005,0.06448029366306028,15.969714807837228,15.874016142322098,4.094244889876353,,1.0417515274949083,,0.1697745082360467,1.2978656126482213,0.04269950423796578,0.0,0.8072720422004521,0.5566509826942007,1.132418618811213,-0.8860703562999767,1.7482215192739634,1.2505252100840336,0.5650644783118406,10.855072463768115,1.9934290160478176,-0.6302308921589675,1.3373446875352095,Security & Protection Services,Industrials,SPCB
2013Q4,2013,Q4,2013-12-31,2013-12-31,853000.0,2905000.0,-138000.0,0.6410035304791167,1904000.0,0.655421686746988,31708000.0,19392000.0,12109000.0,8157000.0,12316000.0,707000.0,-37042000.0,61479541.2,58807541.2,14.572496516938873,1.484491847492951,3.1537782263151255e-05,5.156765676567657e-05,0.029323295347118375,14.572496516938873,0.04398721122112211,21.163353253012048,18.018622860492382,3.1703558787128716,,1.4158415841584158,,0.0916172574744544,0.9440970945200441,0.02690172827046802,0.0,0.655421686746988,-0.5778867950978565,1.0171221759025986,-0.9503559257323444,1.9684426916653404,0.14698795180722893,-0.4259757738896366,-1.2851239669421488,0.7711649929824869,-0.8013916539070964,1.3171716549112373,Security & Protection Services,Industrials,SPCB
2013Q3,2013,Q3,2013-10-07,2013-09-30,1486000.0,2014000.0,484000.0,1.5185583465168246,1660000.0,0.8242303872889771,10268000.0,6407000.0,6233000.0,3585000.0,3861000.0,750000.0,-37895000.0,44351376.4,44454376.4,6.919634178478393,1.7386331938633195,0.011199844176081029,0.017949118152021225,0.25119954958825186,6.919634178478393,0.23193382238176993,22.02153743793446,7.4615370794078055,6.922331262681442,,0.472,,0.19614335800545385,1.1216178521617852,0.14472146474483832,0.0,0.8242303872889771,-0.49900183409134186,1.0885393835214547,-0.9542990108127946,-0.6587579592023959,0.01591187270501836,-0.4396681749622926,-0.06019417475728155,1.3620153101204997,-0.8652920736263588,1.1214921985082353,Security & Protection Services,Industrials,SPCB
2013Q2,2013,Q2,2013-07-22,2013-06-30,2652000.0,1871000.0,515000.0,3.0310656801759386,1634000.0,0.8733297701763763,8228000.0,4838000.0,6907000.0,3134000.0,3390000.0,329000.0,-39381000.0,19708023.5,19421023.5,5.5295220243673855,2.2038927887683473,0.0,0.0,0.5634782522594333,5.5295220243673855,0.5481603968582058,10.533417156600748,1.8578453525641025,4.073588983050847,,0.7203647416413373,,0.22739426349052017,1.1161455009572432,0.32231404958677684,0.0,0.8733297701763763,1.6969830307049372,1.2370097267499265,-0.9508946569198188,-0.8451529414618005,-0.05439814814814815,1.4669767441860466,-0.2113323124042879,1.7560374171689235,-0.8501406191266228,1.0973190096048728,Security & Protection Services,Industrials,SPCB
2013Q1,2013,Q1,2013-04-02,2013-03-31,1075000.0,2032000.0,653000.0,1.1238727295157207,1728000.0,0.8503937007874016,4878000.0,1788000.0,4025000.0,2845000.0,3090000.0,276000.0,-42431000.0,14051388.249999998,13966388.249999998,2.055042497313388,1.414762741652021,0.008815088150881509,0.024049217002237135,0.613413435281267,2.055042497313388,0.6012304250559284,6.9150532726377945,3.267764709302325,7.858718260626398,,1.1014492753623188,,0.41656416564165644,0.9768014059753954,0.22037720377203773,0.0,0.8503937007874016,-0.36873396534615854,1.037598995171217,-0.93093286862218,-0.9554144484953383,-0.4626865671641791,-0.30600387346675273,0.12586206896551724,1.193961829088344,-0.7567122324537865,1.0388815541576253,Security & Protection Services,Industrials,SPCB
2012Q4,2012,Q4,2013-03-14,2012-12-31,1549000.0,3214000.0,580000.0,1.7803472194286567,3216000.0,1.000622277535781,3743000.0,711000.0,2930000.0,2796000.0,3032000.0,280000.0,-43508000.0,5176827.25,5052827.25,0.8171897178913977,1.047925608011445,0.026983702912102593,0.1420534458509142,2.107482993197279,0.8171897178913977,2.178621659634318,1.6107116521468574,0.8355111765655262,7.281050984528832,,-0.007142857142857143,,0.8586695164306706,0.7138769670958512,0.41383916644402885,0.0,1.000622277535781,2.3259060875236535,1.03521228469999,-0.8906229343690846,-0.9893235176768328,1.479568234387047,2.037254901960784,0.09848484848484848,1.0844658427894627,1.1855855477168245,1.0175520519027632,Security & Protection Services,Industrials,SPCB
2012Q3,2012,Q3,2012-11-21,2012-09-30,510000.0,1786000.0,528000.0,0.5352969003265625,1297000.0,0.7262038073908175,1488000.0,-965000.0,1185000.0,2232000.0,2453000.0,310000.0,-45058000.0,6071514.3,6105514.3,-1.1483337855269484,0.5309139784946236,0.0678763440860215,-0.10466321243523316,-0.6051779935275081,-1.1483337855269484,-0.5284974093264249,3.3995040873460245,2.9762324999999996,-6.291724663212435,,1.5774193548387097,,1.200268817204301,0.3920250896057348,0.34274193548387094,0.0,0.7262038073908175,-0.8574351210688431,1.0225169504290998,-0.9343434630928933,-1.0094780630603857,-0.12008141112618724,-0.8077647945721824,-0.14285714285714285,1.1638133313089445,-0.9300685234324492,0.9563221143590601,Security & Protection Services,Industrials,SPCB
2012Q2,2012,Q2,2012-07-05,2012-06-30,2653000.0,1751000.0,616000.0,3.7547599685126647,1474000.0,0.8418046830382638,1874000.0,-1478000.0,1553000.0,3119000.0,3352000.0,275000.0,-45568000.0,3908793.0,3965793.0,-2.410526727815978,0.49791599871753767,0.05389541088580576,-0.06833558863328823,-0.44600440423918253,-2.410526727815978,-1.7949932341001353,2.2323203883495144,0.36833707124010556,-2.6446502029769956,,1.0072727272727273,,0.9343649946638207,0.40974671369028537,1.4156883671291356,0.0,0.8418046830382638,11.880814926800813,1.3071628747638573,-0.9049927233259256,-1.0175367769712955,0.1954582319545823,24.266666666666666,1.1538461538461537,1.6831450115425821,-0.8987187541486936,0.9017035699799115,Security & Protection Services,Industrials,SPCB
2012Q1,2012,Q1,2012-05-09,2012-03-31,105000.0,2189000.0,286000.0,0.29150018767059704,1233000.0,0.563270899954317,2078000.0,-5370000.0,1745000.0,7208000.0,7448000.0,272000.0,-48220000.0,1925644.4,5149644.4,-18.963002722621063,0.24209211986681464,1.5765158806544755,-0.6100558659217877,-0.1303724928366762,-18.963002722621063,-0.019553072625698324,0.8796913659205116,4.5848676190476185,-0.35859299813780254,,3.514705882352941,,1.0534167468719924,0.20435627081021088,0.05052935514918191,0.0,0.563270899954317,-0.9176990925273516,1.0322915635177161,-0.7289640245595707,-1.1201219841420023,0.0796847635726795,-0.8953140578265204,1.3928571428571428,1.048941643705172,-0.7792132276892395,0.08804861906619837,Security & Protection Services,Industrials,SPCB
2011Q4,2011,Q4,2012-01-10,2011-12-31,1003000.0,1942000.0,-728000.0,3.541883031696498,1142000.0,0.588053553038105,2455000.0,-5601000.0,2131000.0,7829000.0,8056000.0,269000.0,-48325000.0,1083174.975,3955174.975,-19.778729655381856,0.27219312811342444,1.2574338085539716,-0.5511515800749867,0.28900208583177983,-19.778729655381856,-0.17907516514908053,0.5577626029866117,0.2699837923728814,-0.19338956882699518,,2.973977695167286,,0.7910386965376782,0.23783369523566228,0.4085539714867617,0.0,0.588053553038105,4.553748339852682,-0.958051744510374,-0.7290740208386058,-1.1241283064246563,-0.053852526926263466,5.360869565217391,-20.157894736842106,1.0946089712811733,-0.8440476334469397,-0.3144327166531889,Security & Protection Services,Industrials,SPCB
2011Q3,2011,Q3,2011-11-03,2011-09-30,-230000.0,1942000.0,38000.0,-0.996661185030149,1207000.0,0.621524201853759,1891000.0,-7433000.0,1589000.0,9097000.0,9324000.0,301000.0,-49328000.0,1176932.0999999999,6043932.1,-32.209419727782084,0.17467296911069582,2.658910629296668,-0.6764428898156868,-0.01644387164749156,-32.209419727782084,0.030943091618458228,0.606041246138002,-1.2792740217391303,-0.15833877303914975,,2.441860465116279,,1.026969857218403,0.14158513795756844,-0.12162876784769963,0.0,0.621524201853759,-1.5244585768938972,0.8824131349590543,-0.6952510160104812,-1.5100763070177852,-0.03130016051364366,-1.5489260143198091,-0.9472954230235784,0.9450160574386636,-0.823190450909926,-2.5884088432015786,Security & Protection Services,Industrials,SPCB
2011Q2,2011,Q2,2011-09-12,2011-06-30,419000.0,2190000.0,721000.0,1.9003620665961252,1246000.0,0.5689497716894977,1642000.0,-7224000.0,1274000.0,8580000.0,8866000.0,278000.0,-49098000.0,873696.2999999999,5613696.3,-42.16842854891339,0.1484848484848485,2.9037758830694274,-0.6600221483942414,-0.28942230312320366,-42.16842854891339,-0.058001107419712074,0.3989480821917808,0.5212985083532219,-0.12094356312292359,,3.3956834532374103,,1.33373934226553,0.11608391608391608,0.2551766138855055,0.0,0.5689497716894977,2.881834085684404,1.2297293219740908,-0.34559381018341684,-1.5955556224647411,0.22037218413320275,3.421965317919075,30.347826086956523,1.1912469968665165,-0.7064466584564603,-2.180871890048129,Security & Protection Services,Industrials,SPCB
2011Q1,2011,Q1,2011-04-04,2011-03-31,-173000.0,1848000.0,23000.0,-1.009845703748629,1021000.0,0.5524891774891775,1666000.0,-7901000.0,1314000.0,9300000.0,9567000.0,253000.0,-49517000.0,509656.175,5940656.175,-46.120259408217706,0.14129032258064517,3.2851140456182475,-0.6926971269459562,-0.009932105236882831,-46.120259408217706,0.0218959625363878,0.27578797348484846,-0.7364973627167629,-0.06450527464877864,,3.268774703557312,,1.1092436974789917,0.11408602150537635,-0.10384153661464586,0.0,0.5524891774891775,-3.7903225806451615,0.8704149794779751,-0.5014543889705096,-1.5699662717221996,-0.1941594317284925,-3.7903225806451615,-0.9201388888888888,0.9692694548756251,-0.6809886988433008,-2.0006105489018857,Security & Protection Services,Industrials,SPCB
2010Q4,2010,Q4,2010-12-31,2010-12-31,62000.0,1883000.0,288000.0,0.3619100209966185,1267000.0,0.6728624535315985,2008000.0,-7871000.0,1664000.0,4500000.0,9879000.0,197000.0,-49344000.0,509656.175,5559656.175,-45.94514134945976,0.36977777777777776,2.6130478087649402,-0.6666243171134545,-0.09372430802959715,-45.94514134945976,-0.007877016897471731,0.2706618029739777,2.0550652217741936,-0.06475113390928726,,3.1269035532994924,,0.9377490039840638,0.2971111111111111,0.030876494023904383,0.0,0.6728624535315985,1.0816359111002696,1.0211625606190349,-0.3628788994250073,-1.5182993009778454,-0.2560187903699354,1.0985691573926868,1.7024390243902439,1.0071579863031912,-0.6745478819811802,-1.6002675739957362,Security & Protection Services,Industrials,SPCB
2010Q3,2010,Q3,2010-10-26,2010-09-30,-629000.0,2291000.0,-410000.0,-4.4332208230285035,1703000.0,0.7433435181143605,2036000.0,-8081000.0,1657000.0,8974000.0,10117000.0,227000.0,-49406000.0,603002.75,5565002.75,-56.95537872754311,0.1846445286382884,2.517681728880157,-0.6343274347234253,0.14171453379641996,-56.95537872754311,0.07783690137359238,0.26320504146660845,-0.2396672297297297,-0.07461981809182032,,2.590308370044053,,1.12524557956778,0.10396701582349008,-0.30893909626719057,0.0,0.7433435181143605,-0.10577744892118061,0.5486221515387212,-0.4270859671656366,-1.6427508612434958,0.18018018018018017,-0.1648148148148148,-0.007371007371007371,0.8355178215877058,-0.501172469205443,-1.4700956098405578,Security & Protection Services,Industrials,SPCB
2010Q2,2010,Q2,2010-07-15,2010-06-30,-540000.0,1922000.0,-407000.0,-4.009143817640381,1443000.0,0.7507804370447451,2059000.0,-7653000.0,1627000.0,5110000.0,9712000.0,157000.0,-48777000.0,915905.6,5678905.6,-56.81851928845069,0.31839530332681015,2.4244779018941234,-0.6522932183457467,0.15663898028207904,-56.81851928845069,0.07056056448451588,0.47653777315296564,-0.4240303703703704,-0.11967928916764667,,3.050955414012739,,0.9334628460417679,0.2622309197651663,-0.26226323457989315,0.0,0.7507804370447451,0.3706293706293707,0.8095616349015186,-0.5151707640806845,-1.5684098026254234,0.5701849836779108,0.3706293706293706,0.21579961464354527,0.715392779159314,-0.5252720653915042,-1.4133593247910587,Security & Protection Services,Industrials,SPCB
2010Q1,2010,Q1,2010-04-07,2010-03-31,-858000.0,1293000.0,-519000.0,-6.370084065806384,919000.0,0.7107501933488012,2315000.0,-7119000.0,1876000.0,4817000.0,9434000.0,200000.0,-48237000.0,858661.5,5203661.5,-52.853918569774,0.3894540170230434,2.1390928725701945,-0.6956033150723416,0.2434455040081351,-52.853918569774,0.12052254530130636,0.664084686774942,-0.2501927447552448,-0.12061546565528866,,1.87,,0.5585313174946004,0.32094664729084493,-0.37062634989200866,0.0,0.7107501933488012,0.6977809087706939,0.21515107663082675,-0.7344636662681251,-1.4281379432351884,1.8012205754141237,0.6977809087706939,-1.621212121212121,0.44523067573250963,-0.6634069999885525,-1.3348054979028936,Security & Protection Services,Industrials,SPCB
2009Q4,2009,Q4,2010-02-03,2009-12-31,-2839000.0,-2681000.0,-198000.0,-21.07770240422415,-1147000.0,-0.42782543826930247,4682000.0,-6271000.0,4236000.0,6332000.0,10953000.0,82000.0,-47379000.0,1144882.0,5235882.0,-46.558073233748104,0.6689829437776375,1.0138829560017086,-0.7569765587625578,0.1483692937174394,-46.558073233748104,0.45271886461489397,-0.427035434539351,-0.10081736526946108,-0.18256769255302185,0.0,-18.70731707317073,0.0,-0.5726185390858607,0.2886923562855338,-0.6063648013669372,-4.224656826568266,0.42782543826930247,-4.689334982423148,-4.397344918912644,-1.4190357016992503,-1.3713051034098576,-1.4401381427475057,-4.829568788501026,0.2903225806451613,-1.249634002816122,-1.7863639883070324,-1.2921914036742872,Security & Protection Services,Industrials,SPCB
2009Q3,2009,Q3,2009-11-30,2009-09-30,-487000.0,3995000.0,-279000.0,-3.7047743663086146,2606000.0,0.6523153942428035,6674000.0,-3456000.0,4350000.0,5568000.0,10130000.0,808000.0,0.0,2178816.9,6110816.9,-26.290965523537107,0.78125,0.735241234641894,-1.419849537037037,-0.1963122374939859,-26.290965523537107,0.14091435185185186,0.5453859574468085,-1.1184891683778233,-0.6304447048611111,0.0,1.7190594059405941,0.0,0.5985915492957746,0.5547772988505747,-0.07296973329337729,3.9399943942133815,0.6523153942428035,0.41507674291580204,0.6603565678235743,0.3128964507970795,-1.2039067840310873,0.20815948076031526,0.4053724053724054,0.5687789799072643,0.5629068796624289,0.10058568130902121,-1.4163502079675976,Security & Protection Services,Industrials,SPCB
2009Q2,2009,Q2,2009-07-07,2009-06-30,-819000.0,3646000.0,-647000.0,-6.333778528104112,2157000.0,0.5916072408118486,6208000.0,-3171000.0,3803000.0,5354000.0,9379000.0,905000.0,0.0,1538753.3,6553753.3,-24.523034329154648,0.7103100485618229,0.8249033505154639,-1.6149479659413435,-0.33506781750924786,-24.523034329154648,0.2582781456953642,0.4220387547997806,-0.46970491452991453,-0.4852580573951435,0.0,1.645303867403315,0.0,0.5873067010309279,0.35674262233843856,-0.13192654639175258,-0.7506113658536585,0.5916072408118486,0.16397290318289767,0.626660609318064,0.24687017542152417,-1.1882821660283571,-0.07145931984502799,0.12872340425531914,0.1303763440860215,0.40508544538037855,0.4434050901946887,-1.3463451562507955,Security & Protection Services,Industrials,SPCB
2009Q1,2009,Q1,2009-04-01,2009-03-31,-940000.0,4344000.0,-744000.0,-7.576044547141937,2323000.0,0.5347605893186004,6860000.0,-2580000.0,4280000.0,9000000.0,9440000.0,920000.0,-43240000.0,2056543.125,5396543.125,-20.793874672577072,0.47555555555555556,0.5204081632653061,-1.3837209302325582,-0.7567039787983401,-20.793874672577072,0.3643410852713178,0.4734215296961326,-0.5469529587765958,-0.797109738372093,,2.1967391304347825,,0.6332361516034986,0.23,-0.13702623906705538,0.0,0.5347605893186004,0.7976318622174381,0.49490000361650577,0.3887729196050775,0.0,-0.2646407090851535,0.7976318622174381,0.8248999764650506,0.027829163395332323,0.618075505386657,-1.2569761613195887,Security & Protection Services,Industrials,SPCB
2008Q4,2008,Q4,2009-03-26,2008-12-31,-4645000.0,5456000.0,-4249000.0,-37.436943533483294,3159000.0,0.5789956011730205,8935000.0,-1867000.0,6443000.0,10424000.0,10802000.0,1307000.0,-42294000.0,3163912.5,5807912.5,-15.047350392907516,0.6180928626247122,0.3867935086737549,-1.8510980182110337,-2.682597047174664,-15.047350392907516,2.487948580610605,0.5798959860703813,-0.1702859257265877,-1.6946505088377075,0.0,1.757459831675593,0.0,0.6106323447118075,0.26151189562547966,-0.5198656966983771,-10.835316780821918,0.5789956011730205,-1.0653258634294978,-7.034169215833532,-0.07426626191068467,-1.1200040638630417,-0.03305785123966942,-1.1123237835379718,-1.9901477832512315,-1.1891135065734075,1.5488957123837894,-1.1697465925916533,Security & Protection Services,Industrials,SPCB
2008Q3,2008,Q3,2008-11-12,2008-09-30,-2199000.0,5774000.0,-1421000.0,-18.12641007231605,3267000.0,0.5658122618635262,14640000.0,2460000.0,8740000.0,11780000.0,12180000.0,1340000.0,0.0,9486833.0,11696833.0,20.2777892263941,0.7419354838709677,0.21584699453551912,1.2845528455284554,-0.25377019544529467,20.2777892263941,-0.8939024390243903,1.6430261517145826,-1.0785394497498864,3.8564361788617885,0.0,1.8708955223880597,0.0,0.39439890710382514,0.4592529711375212,-0.15020491803278688,-9.017902091254753,0.5658122618635262,-0.41736481473657017,-0.6617748604424033,1.0560949469830445,-0.8427300517087296,0.02962496060510558,-0.41870967741935483,-0.09476117103235747,-0.8455706973907008,0.6887175250701955,-0.7711617975235063,Security & Protection Services,Industrials,SPCB
2008Q2,2008,Q2,2008-07-08,2008-06-30,-1550000.0,5278000.0,-1298000.0,-12.788810533359406,3173000.0,0.601174687381584,14737000.0,4328000.0,8698000.0,8703000.0,10409000.0,1011000.0,0.0,15298470.0,17811470.0,35.70957095709571,0.9994254854647823,0.20791205808509194,0.7079482439926063,-0.18132752767995935,35.70957095709571,-0.35813308687615525,2.898535430087154,-2.4674951612903224,3.5347666358595196,0.0,2.082096933728981,0.0,0.35814616271968513,0.5917499712742732,-0.10517744452738007,-9.12796539379475,0.601174687381584,0.6108265586544235,0.24617414866486653,0.9257210362980032,-0.7258302020255312,0.25118296529968454,0.6089808274470232,0.32885211995863495,0.3925205870101574,0.4795988494682802,-0.6427631266398177,Security & Protection Services,Industrials,SPCB
2008Q1,2008,Q1,2008-06-03,2008-03-31,-3964000.0,4079000.0,-1934000.0,-32.86146785644413,2536000.0,0.6217210100514832,16870000.0,5560000.0,10711000.0,10943000.0,11310000.0,971000.0,0.0,18456084.0,21159084.0,46.09211791623835,0.9787992323860002,0.1893894487255483,0.5746402877697842,,46.09211791623835,-0.7129496402877697,4.524658985045354,-1.1639810797174572,3.3194395683453237,0.0,1.5890834191555099,0.0,0.24179016004742146,0.631819427944805,-0.23497332542975696,-7.893962360992301,0.6217210100514832,0.35005738645679624,-1.1908836490741188,0.3413165544760199,0.0,0.18504672897196262,0.3500573864567962,0.2427564604541895,-3.048797901153455,-0.06465288846815817,-0.6266353546149861,Security & Protection Services,Industrials,SPCB
2007Q4,2007,Q4,2007-12-31,2007-12-31,-6099000.0,4074000.0,-2554000.0,-50.56056822816669,2140000.0,0.5252822778595975,20952000.0,9233000.0,14769000.0,8916000.0,11719000.0,566000.0,-29936000.0,24044176.099999998,24849176.099999998,76.5411015684584,1.6564602960969044,0.1393184421534937,0.3161485974222896,,76.5411015684584,-0.6605653633705187,5.901859621993126,-0.9855786235448433,2.604156406368461,0.0,3.4169611307420493,0.0,0.19444444444444445,1.23721399730821,-0.29109392898052694,-5.008159987502603,0.5252822778595975,-0.8759089968390702,-9.14941729192981,-0.28900112867191097,-0.3895773673816844,0.027857829010566763,-1.1774366297750802,-0.29120323559150657,-9.14941729192981,-0.28900112867191097,-0.3895773673816844,Security & Protection Services,Industrials,SPCB
2007Q3,2007,Q3,2007-11-29,2007-09-30,-2801000.0,3364000.0,-1978000.0,-26.952569827940412,2082000.0,0.6189060642092746,26268000.0,12591000.0,20325000.0,10834000.0,13677000.0,630000.0,0.0,22171972.05,21675972.05,121.15701047891227,1.8760383976370685,0.11196132176031673,0.23357954094194266,,121.15701047891227,-0.22246048764990867,6.590954830558859,-1.978933599607283,1.7609381343817012,0.0,2.034920634920635,0.0,0.1280645652504949,1.528798227801366,-0.10663164306380386,16.089965203193035,0.6189060642092746,-0.9133507730314322,-1.47094393431359,0.3983799894051185,-0.06033362116508291,0.1958644457208501,-1.106015037593985,-0.6387738193869097,-1.47094393431359,0.3983799894051185,-0.06033362116508291,Security & Protection Services,Industrials,SPCB
2007Q2,2007,Q2,2007-07-05,2007-06-30,-1330000.0,2838000.0,-1207000.0,-14.086580572593022,1741000.0,0.6134601832276251,22562000.0,12978000.0,21523000.0,6641000.0,9584000.0,245000.0,0.0,20865936.0,24757936.0,137.4555160142349,3.2409275711489234,0.22666430281003458,0.3940514717213746,,137.4555160142349,-0.10248112189859762,7.352338266384778,-3.9221684210526315,1.6077928802588994,0.0,4.477551020408163,0.0,0.1257867210353692,2.9579882547809064,-0.05894867476287563,-25.019107913669064,0.6134601832276251,-0.22679521995202595,0.1696752332039254,0.32920939534718413,0.05535154990739747,0.2453505007153076,-0.2303422756706753,-0.3669309173272933,0.1696752332039254,0.32920939534718413,0.05535154990739747,Security & Protection Services,Industrials,SPCB
2007Q1,2007,Q1,2007-04-18,2007-03-31,-1081000.0,2685000.0,-883000.0,-11.48242212187938,1398000.0,0.5206703910614525,25082000.0,14862000.0,22166000.0,6694000.0,10220000.0,292000.0,0.0,21651820.8128,25060820.8128,157.86454792658057,3.311323573349268,0.21154612869787098,0.3570178979948863,,157.86454792658057,-0.0727358363611896,8.063992853929237,-5.0073591148936165,1.4568578127304534,0.0,4.407534246575342,0.0,0.10704887967466709,3.1616372871227965,-0.043098636472370624,-17.211304302702704,0.5206703910614525,-1.135991948672789,0.2344618418701738,0.1312988613188308,0.0,0.13106796116504854,-1.135991948672789,-1.1054202483285578,0.2344618418701738,0.1312988613188308,0.0,Security & Protection Services,Industrials,SPCB
2021Q4,2021,Q4,2021-12-31,2021-12-31,,,,,,,42119000.0,4392000.0,26108000.0,5603000.0,37727000.0,3561000.0,-95469000.0,0.0,28046000.0,0.0,4.6596466178832765,0.74985161091194,7.191029143897996,,0.0,,0.0,0.0,0.0,0.0,,,,2.7958236658932716,,0.0,0.0,0.0,1.0,-1.0,-1.0,0.0,0.0,0.0,1.0,-1.0,-1.0,Security & Protection Services,Industrials,SPCB
2021Q2,2021,Q2,2021-06-30,2021-06-30,,,,,,,49297000.0,10353000.0,34179000.0,9669000.0,38944000.0,3567000.0,-87598000.0,0.0,21026000.0,0.0,3.534905367669873,0.6175832200742438,2.940693518786825,,0.0,,0.0,0.0,0.0,0.0,,,,2.4684041783017894,,0.0,0.0,0.0,1.0,-1.0,-1.0,0.0,0.0,0.0,-1.0,-1.0,-1.0,Security & Protection Services,Industrials,SPCB
2020Q4,2020,Q4,2020-12-31,2020-12-31,,,,,,,40344000.0,4919000.0,24942000.0,19598000.0,35425000.0,2404000.0,-85331000.0,0.0,19019000.0,0.0,1.2726808858046739,0.37061273051754906,3.039642203699939,,0.0,,0.0,0.0,0.0,0.0,,,,0.8151341973670783,,0.0,0.0,0.0,1.0,-1.0,-1.0,0.0,0.0,0.0,1.0,-1.0,-1.0,Security & Protection Services,Industrials,SPCB
