Quarters,Year,Quarter,FillingDate,Date,NetIncome,Revenue,OperatingIncome,EPSDiluted,GrossProfit,GrossProfitRatio,TotalAssets,CommonStockEquity,CurrentAssets,CurrentLiability,TotalLiability,Inventory,RetainedEarnings,MarketCap,EnterpriseValue,bookValuePerShare,currentRatio,debtToAssets,debtToEquity,roic,shareholdersEquityPerShare,roe,priceToSalesRatio,peRatio,pbRatio,payoutRatio,inventoryTurnover,dividendYield,assetTurnover,quickRatio,returnOnAssets,priceToFreeCashFlowsRatio,grossProfitMargin,epsdilutedGrowth,fiveYNetIncomeGrowthPerShare,fiveYRevenueGrowthPerShare,fiveYShareholdersEquityGrowthPerShare,grossProfitGrowth,netIncomeGrowth,operatingIncomeGrowth,threeYNetIncomeGrowthPerShare,threeYRevenueGrowthPerShare,threeYShareholdersEquityGrowthPerShare,Industry,Sector,Symbol
2023Q1,2023,Q1,2023-03-31,2023-03-31,193237000.0,384431000.0,231236000.0,3.27,253507000.0,0.6594343328,4692828000.0,2553814000.0,864253000.0,508500000.0,2139014000.0,8364000.0,279258000.0,3200368320.03,4640316320.030001,44.93397383044086,1.6996125860373648,0.43739148334437145,0.803740209741195,0.03045686007438282,44.93397383044086,0.07566604302427662,8.324948612442805,4.140470406844963,1.2531720477803003,0.06144268437204055,15.65327594452415,0.0037098854921450734,0.08191883444268573,1.6642025565388396,0.04117708980597627,11.941940192802825,0.6594343328191535,-0.2517162471395881,4.292664161126751,0.33123969141184106,-0.16498003725032312,-0.21495416821503777,-0.26915730910768787,-0.25225388366467905,2.9862570019242356,0.45482823372813536,0.21268933515133034,Oil & Gas Midstream,Energy,STNG
2022Q4,2022,Q4,2022-12-31,2022-12-31,264403000.0,493717000.0,309244000.0,4.37,322920000.0,0.6540589042,4559163000.0,2506808000.0,687349000.0,473251000.0,2052355000.0,15620000.0,97894000.0,3001157279.32,4556386279.32,44.913029746491944,1.4523984101459901,0.4237837076673942,0.7707407188743614,0.06320397954467205,44.913029746491944,0.10547397327597487,6.078699496513185,2.837673248147714,1.1972026893643233,0.02129325310227191,10.934507042253522,0.0018759430033189202,0.10829114905521035,1.3810219101491596,0.057993758942156706,9.735072252832625,0.6540589041900522,0.013921113689095245,4.237251008527426,0.6909254846581552,-0.2440269329034224,-0.01992503452357467,-0.006619953788063795,0.01150372718143965,20.489157195430064,1.1803029318929776,0.2409904696396432,Oil & Gas Midstream,Energy,STNG
2022Q3,2022,Q3,2022-08-10,2022-09-30,266165000.0,489996000.0,305727000.0,4.31,329485000.0,0.6724238565,4651789000.0,2121381000.0,751112000.0,488583000.0,2530408000.0,15280000.0,-166509000.0,2312332383.96,4285884383.96,38.56835542270498,1.5373273323058723,0.5247845506320257,1.1507536835674497,0.047636744656168406,38.56835542270498,0.12546779668527247,4.719084204687385,2.17189749211955,1.0900127718500354,0.02218548644637725,10.504646596858638,0.0025536986122589147,0.10533495822789898,1.462689041575331,0.05721777148533607,7.4700526380808085,0.6724238565212777,0.4084967320261436,4.039321075856603,0.6791288581874753,-0.4487566501777766,0.29797199877090835,0.39257891184580207,0.3317782046758406,6.185280059548076,2.177267116992506,-0.04702994624945125,Oil & Gas Midstream,Energy,STNG
2022Q2,2022,Q2,2022-07-28,2022-06-30,191131000.0,405073000.0,229563000.0,3.06,253846000.0,0.6266672921,4609643000.0,1940762000.0,656740000.0,428888000.0,2668881000.0,13295000.0,-432674000.0,1918570439.7299998,4171611439.7299995,34.90916738476669,1.5312622409580123,0.5667616776396784,1.3461563035549955,0.03439530841074373,34.90916738476669,0.09848245173802866,4.736357248520637,2.509496679934181,0.9885655426734447,0.031083393065489115,11.374727341105679,0.0030965764284558014,0.08787513479894213,1.3196545485068363,0.041463297700060506,15.254837794431014,0.6266672920683433,2.112727272727273,1.9136536394748014,0.1160115434542995,-0.5579111173501229,6.608380290133078,2.2559039596283497,9.782161476680287,6.569750894353057,1.326328280811081,-0.07904261258579978,Oil & Gas Midstream,Energy,STNG
2022Q1,2022,Q1,2022-04-28,2022-03-31,-152186000.0,174047000.0,21291000.0,-2.75,33364000.0,0.1916953467,4723125000.0,1751137000.0,684207000.0,589764000.0,2971988000.0,15373000.0,-623805000.0,1184647220.78,3866183220.7799997,31.603762203020292,1.1601369361303844,0.6191282254863041,1.6698979006211392,0.00562890811951056,31.603762203020292,-0.08690696387547062,6.806478829166834,-1.9460515763276516,0.6765017361748396,-0.03835438213764735,9.151304234697196,0.004927205245251646,0.036849966918089186,0.5306495479547751,-0.032221463543734286,-135.46566275357347,0.1916953466592357,-1.0833333333333333,-2.8749727501548636,-0.5838011451545736,-0.6069218510211521,11.154462659380693,-1.080777697261379,2.1297957017776596,-10.120606089227472,-0.22894583153937761,-0.18025059660072001,Oil & Gas Midstream,Energy,STNG
2021Q4,2021,Q4,2022-02-14,2021-12-31,-73139000.0,147908000.0,-18845000.0,-1.32,2745000.0,0.0185588339,5013969000.0,1836928000.0,289227000.0,527841000.0,3177041000.0,8781000.0,-539357000.0,708775007.01,3595415007.01,33.19960135059898,0.5479434147783139,0.6216741667130371,1.6968846900912828,-0.004180064864089988,33.19960135059898,-0.03981593181659815,4.791999127903832,-2.4226985842368642,0.3858480065685754,-0.07980694294425683,16.531488440952057,0.008235335532814077,0.029499185176454022,0.5086455959275615,-0.014587046708904662,13.944852283432034,0.01855883386970279,0.01492537313432837,0.2787151168821926,-0.5920514864867005,-0.5913961083215502,1.1002336960490762,0.0017470348178579716,0.5340009891196835,-2.470434557664231,-0.25987155458277045,-0.16265347723312532,Oil & Gas Midstream,Energy,STNG
2021Q3,2021,Q3,2021-09-30,2021-09-30,-73267000.0,119271000.0,-40440000.0,-1.34,-27386000.0,-0.22961155687468035,5033865000.0,1884058000.0,251613000.0,503806000.0,3149807000.0,8539000.0,-493365000.0,1015199248.14,3932677248.14,34.407467680849734,0.4994243816072059,0.6177952726185545,1.6506381438363362,-0.005736251578036568,34.407467680849734,-0.03888786863249433,8.511702326131248,-3.4640399093043253,0.5388365157229766,-0.07966751743622641,17.17496193933716,0.005749610247145351,0.023693722418062464,0.46282100649853314,-0.01455482020276666,-43.67763404637955,-0.22961155687468035,-0.37901521882459943,0.2062887430889905,-0.6935810603948814,-0.5929397727907112,-12.873353596757852,-0.38810579364177183,-1.6434828082102235,0.42150369438159285,-0.4338527059583252,-0.31591274819453496,Oil & Gas Midstream,Energy,STNG
2021Q2,2021,Q2,2021-06-30,2021-06-30,-52782000.0,139442000.0,-15298000.0,-0.9717079127974716,-1974000.0,-0.014156423459216019,5154364000.0,1957413000.0,332805000.0,481728000.0,3196951000.0,8396000.0,-420098000.0,1197729363.6000001,4076450363.6000004,36.035650424626525,0.6908566660023914,0.6132570381137227,1.6148610436325905,-0.002118351574078677,36.035650424626525,-0.02696518312691292,8.589444812897119,-5.673001040127317,0.6118940477048023,-0.11058694251828274,16.843258694616484,0.004873388076965737,0.027053192207612813,0.6517350039856517,-0.010240254665755077,70.2769092061257,-0.014156423459216019,0.15503659756741595,-5.077380894755337,-0.6980744267924589,-0.5857084427499152,0.8229119942585449,0.1540532743533032,0.3808232484720929,0.5634070414466582,-0.4395342267759333,-0.3136522191903275,Oil & Gas Midstream,Energy,STNG
2021Q1,2021,Q1,2021-03-31,2021-03-31,-62394000.0,134165000.0,-24707000.0,-1.15,-11147000.0,-0.0830842619162971,5202379000.0,2007884000.0,331820000.0,354436000.0,3194495000.0,8104000.0,-367316000.0,1002724900.32,3884994900.32,36.96481320865899,0.9361915832477513,0.6058397513906618,1.5697161788230793,-0.003412884894044062,36.96481320865899,-0.0310745043040335,7.473818807587672,-4.017713643619579,0.49939383964412287,-0.09310190082379716,17.930898321816386,0.005793214069129201,0.02578916299639069,0.8876750668667969,-0.011993359192015806,-54.41016334689891,-0.0830842619162971,0.1843971631205674,-1.6575866586893466,-0.7599690353555265,-0.5806614645574223,0.01406332920573147,0.18181460548918815,0.41823447691257154,-0.11240853179982296,-0.5138823119218,-0.31307306438068594,Oil & Gas Midstream,Energy,STNG
2020Q4,2020,Q4,2020-12-31,2020-12-31,-76259000.0,138236000.0,-42469000.0,-1.41,-11306000.0,-0.08178766746722996,5158624000.0,2065768000.0,242219000.0,406175000.0,3092856000.0,9261000.0,-304922000.0,607228852.47,3467517852.4700003,38.0679274806726,0.5963414784267865,0.5908164657862252,1.4753834893366535,-0.006051878085771681,38.0679274806726,-0.03691556844718284,4.392696927500796,-1.9906793049672824,0.2939482325556403,-0.07605659659843428,16.147500269949248,0.009551588295594942,0.026797068365517627,0.5429383886255924,-0.014782818053806596,-116.28281357142858,-0.08178766746722996,-3.3025753579390638,-1.672736700511524,-0.7661166519697143,-0.5590005804807852,-1.3850686284527094,-2.778003467921724,-4.145618843048663,0.039654492092341294,-0.5130392543879565,-0.35924322945899745,Oil & Gas Midstream,Energy,STNG
2020Q3,2020,Q3,2020-09-30,2020-09-30,-20185000.0,177249000.0,13501000.0,-0.32771070410150605,29361000.0,0.16564832523737794,5256329000.0,2141455000.0,299345000.0,434413000.0,3114874000.0,9034000.0,-228663000.0,681845137.2,3533108137.2,34.76728887053211,0.6890792863012847,0.5839356706933679,1.4333049258564854,0.0019017815274062339,34.76728887053211,-0.009425834304246412,3.846820784320363,-8.444948441912311,0.3184027388854774,-0.285509041367352,16.370157183971664,0.008452065851295478,0.03372106274169672,0.6397345383310352,-0.00384013253356097,8.760022832622438,0.16564832523737794,-1.1402312881008443,-1.0642874060312153,-0.7890521127869964,-0.5898656488507354,-0.8545520295641663,-1.140231066895464,-0.9262711818127208,0.7941723021523792,-0.45759371642909374,-0.503083899451244,Oil & Gas Midstream,Energy,STNG
2020Q2,2020,Q2,2020-07-02,2020-06-30,143941000.0,346240000.0,183117000.0,2.33693,201866000.0,0.583023336414048,5349200000.0,2173740000.0,387179000.0,453492000.0,3175460000.0,9806000.0,-208478000.0,789018627.6,3662852627.6,35.29144740815496,0.8537725031533081,0.5840922007029088,1.437350373089698,0.025436099711922285,35.29144740815496,0.06621813096322467,2.2788199734288357,1.3703854836356564,0.36297746170195144,0.040787544896867464,14.723026718335714,0.007440888965902026,0.06472743587826217,0.8060053981106613,0.02690888357137516,4.116461427214959,0.583023336414048,1.849914634146342,-0.34074466844896406,-0.515437316452388,-0.5923687713918311,0.8614425612747358,2.0870740129109744,1.0081921368646158,1.6210543884364554,-0.13899179061827144,-0.5530699320380711,Oil & Gas Midstream,Energy,STNG
2020Q1,2020,Q1,2020-04-02,2020-03-31,46627000.0,254167000.0,91185000.0,0.82,108446000.0,0.42667222731511173,5267142000.0,2025593000.0,290003000.0,523373000.0,3241549000.0,9867000.0,-352419000.0,1045237074.32,4099787074.32,37.053161537726886,0.5541038609175483,0.6026750370504536,1.5671336739414088,0.012768254466123553,37.053161537726886,0.023018938157862906,4.1124027679439115,5.604247937461127,0.5160153467749938,0.1258498294979304,14.768521333738725,0.005614037374073767,0.04825520177735858,0.5127547657215791,0.008852428888380073,-53.922672014032194,0.42667222731511173,2.9047619047619047,-0.6817632570115688,-0.5607204645321696,-0.522247730544808,0.4534074917911948,2.8720312240491612,0.5492897920347968,2.2033330513317817,-0.3839614028069297,-0.5391438507383781,Oil & Gas Midstream,Energy,STNG
2019Q4,2019,Q4,2020-02-03,2019-12-31,12042000.0,221622000.0,58856000.0,0.21,74615000.0,0.33667686421023185,5164010000.0,1976989000.0,302978000.0,486231000.0,3187021000.0,8646000.0,-399046000.0,2148991521.46,5069135521.46,36.19127692377341,0.623115350522694,0.6046554905974233,1.5793952318399345,0.008423483566149378,36.19127692377341,0.006091080931659205,9.696652504985968,44.614505926341145,1.0870022652933324,0.4828101644245142,17.0028915105251,0.002705455066686366,0.0429166481087372,0.5768389921662749,0.002331908729843668,-230.08474533832978,0.33667686421023185,1.2258064516129032,6.344022138258768,-0.46897853192858663,-0.48779524480047065,5.5434534771551345,1.2658923800481352,16.118417672745956,1.1202860749672658,-0.38086482418226236,-0.554576079402246,Oil & Gas Midstream,Energy,STNG
2019Q3,2019,Q3,2019-10-02,2019-09-30,-45289000.0,136067000.0,-3893000.0,-0.93,11403000.0,0.08380430229225308,5170125000.0,1964054000.0,332361000.0,487611000.0,3206071000.0,9531000.0,-411088000.0,1444223754.24,4341402754.24,40.47173913903564,0.6816109562745714,0.607656294577017,1.5995787284870986,-0.0005538190324825604,40.47173913903564,-0.0230589382980305,10.614063323509741,-7.972265639780079,0.7353279259327901,-0.11448696151383338,13.079844717238485,0.003590163909697306,0.02631793235173231,0.627830381185002,-0.008759749522497038,-29.05298238261919,0.08380430229225308,-0.5000000000000001,-8.33235335621009,-0.6079627721985983,-0.6155090234830176,-0.6253572953970497,-0.5238559892328398,-1.2611174458380843,0.4464117512805485,-0.6055667164154301,-0.521195936815189,Oil & Gas Midstream,Energy,STNG
2019Q2,2019,Q2,2019-09-24,2019-06-30,-29720000.0,150805000.0,14909000.0,-0.62,30437000.0,0.20183017804449455,4692072000.0,1825098000.0,548294000.0,476469000.0,2866974000.0,8761000.0,-365800000.0,1454577815.8500001,3809803815.8500004,37.905301441559864,1.1507443296415927,0.6015348869326813,1.5464621625797628,0.002452325712410571,37.905301441559864,-0.0162840570752913,9.645421676005439,-12.235681492681696,0.7969861431276567,-0.17291386271870793,13.73907088231937,0.0035329838967721114,0.03214038488752943,1.0991019352780558,-0.006334088649961041,276.43059974344357,0.20183017804449455,-3.0666666666666664,-19.001548630012145,0.014122029661888236,-0.4708001987482945,-0.5985147274142275,-3.0530533296490745,-0.7519259887851711,-3.5900498025739025,-0.6316285989393244,-0.56421360022058,Oil & Gas Midstream,Energy,STNG
2019Q1,2019,Q1,2019-04-18,2019-03-31,14476000.0,195830000.0,60099000.0,0.3,75811000.0,0.38712658938875555,4755993000.0,1853261000.0,609325000.0,412338000.0,2902732000.0,8690000.0,-336081000.0,940740272.1,3289791272.1,38.55295541779964,1.4777318607550116,0.603014554478949,1.5475062605860697,0.00971381744831064,38.55295541779964,0.007811096224438975,4.803861880712863,16.24655070634153,0.5076134835298428,0.3550704614534402,13.811162255466053,0.005463782249404564,0.04117541804624187,1.4172475008366923,0.003043738710296672,16.70140913061232,0.38712658938875555,1.789473684210526,-0.8924496967779798,0.011326012432969714,-0.5087465157027762,0.8596168469595507,1.8193807664006338,1.1588059915945257,-0.8276029095349082,-0.6041064264264719,-0.562645162830255,Oil & Gas Midstream,Energy,STNG
2018Q4,2018,Q4,2019-01-11,2018-12-31,-17667000.0,167526000.0,27839000.0,-0.38,40767000.0,0.24334730131442284,4784164000.0,1839012000.0,687341000.0,447200000.0,2945152000.0,8300000.0,-348307000.0,816337192.0000001,3133000192.0,39.64858090160371,1.5369879248658318,0.6083225825870517,1.5825426914016874,0.004512207060690717,39.64858090160371,-0.009606788862715415,4.872898487398972,-11.551723439180394,0.44389987232274725,-0.2959755476311768,15.272168674698795,0.006405441343654963,0.03501677618074966,1.4833855098389983,-0.003692808189685805,94.40698415635482,0.24334730131442284,0.8347826086956522,-2.269431872692613,0.30191413102167997,-0.4742576302804117,5.565684847127338,0.7536292515583818,2.3068725941226176,-1.1823401135157994,-0.6683914195499023,-0.5406894380776275,Oil & Gas Midstream,Energy,STNG
2018Q3,2018,Q3,2018-10-09,2018-09-30,-71709000.0,119281000.0,-21302000.0,-2.3,-8929000.0,-0.0748568506300249,4480144000.0,1559368000.0,352607000.0,446948000.0,2920776000.0,8355000.0,-330641000.0,635566891.5,3249376891.5,50.29689939410571,0.7889217537610639,0.643201647089915,1.8479512212639992,-0.0037130419246741587,50.29689939410571,-0.045985937892787335,5.328316257408975,-2.215784948542024,0.407579796109706,-0.04628428788576051,15.345302214242968,0.005222109654212534,0.02662436743104686,0.7219810805731316,-0.016005958737040596,-22.594720448647305,-0.0748568506300249,-0.03139013452914791,-66.07345335143316,0.2500580641666908,-0.31110855902299117,-1.8894312182488295,-0.04075412548439065,-5.427881713940857,-1.4537342229486163,-0.7179712516851564,-0.40666969246182516,Oil & Gas Midstream,Energy,STNG
2018Q2,2018,Q2,2018-07-13,2018-06-30,-68901000.0,141795000.0,-3314000.0,-2.23,10039000.0,0.07079939349060263,4400150000.0,1625379000.0,236518000.0,322318000.0,2774771000.0,8362000.0,-258931000.0,869907014.5,3439147014.5,52.50348501471935,0.7338032626164223,0.621301092008227,1.68195725427731,-0.0006560553572938053,52.50348501471935,-0.04239072856238453,6.1349625480447125,-3.1563657076820366,0.5352025678318718,-0.04811250925240563,15.75651757952643,0.0038107521203348104,0.03222503778280286,0.6666708033681024,-0.015658784359624103,54.454273208137714,0.07079939349060263,-1.23,-8.418870126428128,0.17559951455043296,-0.40248411006745444,-0.5266855256954267,-1.1671070013210039,-1.4527322404371585,-1.6278649997940395,-0.605174442343657,-0.3935624159802762,Oil & Gas Midstream,Energy,STNG
2018Q1,2018,Q1,2018-04-13,2018-03-31,-31794000.0,156446000.0,7320000.0,-1.0,21210000.0,0.1355739360546131,4443398000.0,1656894000.0,238394000.0,219557000.0,2786504000.0,8953000.0,-190029000.0,603493819.6,3187827819.6,53.81185580578894,1.0857954881875778,0.6183810228118211,1.6583517110931658,0.001432684384718816,53.81185580578894,-0.01918891612861173,3.857521570382113,-4.745343615147512,0.3642320025300351,-0.10266087941120966,15.105104434267844,0.005408506092346401,0.035208639874258395,0.9981553765081504,-0.007155334723560662,70.50161443925234,0.1355739360546131,0.3333333333333333,-1.5646378890798491,-0.5911986210969491,-0.7767403988353527,1.34054292650629,0.23406408094435077,3.0293873024674243,-1.3852726494198822,-0.5199389900853921,-0.3061661902012052,Oil & Gas Midstream,Energy,STNG
2017Q4,2017,Q4,2018-02-01,2017-12-31,-41510000.0,148394000.0,-3607000.0,-1.5,9062000.0,0.06106715904955726,4498376000.0,1685301000.0,279353000.0,209064000.0,2813075000.0,9713000.0,-158240000.0,865189596.0,3445920596.0,59.410886050460554,1.3362080511231011,0.6151537799419168,1.6419577274326664,-0.0006977284461005259,59.410886050460554,-0.02463061494652884,5.830354300039085,-5.210729920501084,0.5133739290488761,-0.07860756444230306,14.3448985895192,0.0037714276906307136,0.03298834957326822,1.2049898595645352,-0.009227774645783279,-14.94979690010886,0.06106715904955726,0.06250000000000006,-0.3818181717943601,-0.23123859217019585,-0.3398358994513593,0.10539155891680897,-0.12347082386056078,0.45505363347937755,-49.75026550614913,-0.31529350391908056,-0.15917478099055407,Oil & Gas Midstream,Energy,STNG
2017Q3,2017,Q3,2017-10-20,2017-09-30,-36948000.0,123119000.0,-6619000.0,-1.6,8198000.0,0.06658598591606495,4485631000.0,1623648000.0,285914000.0,278287000.0,2861983000.0,10026000.0,-116730000.0,795972831.4999999,3407371831.5,69.96611466631447,1.027406957565391,0.6261698744279233,1.7299112861901103,-0.0012932697802965395,69.96611466631447,-0.02275616389759357,6.465069010469545,-5.385763989255169,0.4902373122129919,-0.07591750568366352,11.46229802513465,0.0035239896250152357,0.027447420440959144,0.9227560036940281,-0.008236968221416341,-10.490027958987334,0.06658598591606495,0.5789473684210525,0.4756592058607713,-0.2231589869443487,-0.00705648113500805,-0.522149685241315,0.45863736263736266,0.8529143796804516,-14.921603726244767,-0.25818260673879645,-0.33530556572490744,Oil & Gas Midstream,Energy,STNG
2017Q2,2017,Q2,2017-07-19,2017-06-30,-68250000.0,118418000.0,-45001000.0,-3.8,17156000.0,0.14487662348629432,3539301000.0,1432240000.0,366042000.0,269011000.0,2107061000.0,6587000.0,-79782000.0,720072803.8000001,2468987803.8,78.96413765377095,1.3606952875532972,0.5733688657732134,1.416888929229738,-0.01300018922077153,78.96413765377095,-0.04765262805116461,6.080771536421828,-2.6376293179487185,0.502759875300229,-0.0255970695970696,15.373007438894792,0.0024261435660125675,0.03345801897041252,1.187141046276918,-0.019283468684918294,-18.502307513232953,0.14487662348629432,-4.428571428571428,-2.791247293191688,-0.014095412940353895,0.0635087964926484,-0.22678925545339823,-4.9178010925171245,-5.378381007978206,-120.93203042949064,1.1139393867681733,0.10242642488449415,Oil & Gas Midstream,Energy,STNG
2017Q1,2017,Q1,2017-04-20,2017-03-31,-11533000.0,122801000.0,10278000.0,-0.7,22188000.0,0.18068256773153313,3319044000.0,1308210000.0,184119000.0,348749000.0,2010834000.0,6838000.0,-11533000.0,722437950.0,2566611950.0,80.40070984643042,0.5279412987564122,0.5946389984585922,1.5086515161938832,0.0031317768704962425,80.40070984643042,-0.008815862896629747,5.882997288295698,-15.660234761120263,0.5522339303322861,-0.15139165871846008,14.713805206200643,0.002416816558432458,0.03699890691415962,0.4809619525790755,-0.0034747957544401338,-14.51786403279611,0.18068256773153313,0.6111111111111112,0.47800773102949357,-0.018853472183298137,0.07024541656094349,3.9208250166333998,0.6112253497387493,2.318199307425933,-1.253143444796048,0.8735927032973425,0.024490299744789293,Oil & Gas Midstream,Energy,STNG
2016Q4,2016,Q4,2017-01-20,2016-12-31,-29665000.0,106069000.0,-7797000.0,-1.8,4509000.0,0.04251006420349018,3230187000.0,1315200000.0,157521000.0,385318000.0,1914987000.0,6122000.0,0.0,733262764.8,2516056764.8,81.25130970785114,0.40880778992935707,0.5828396312659299,1.4314788625304136,-0.0024381770303522864,81.25130970785114,-0.02255550486618005,6.913073233461237,-6.179527766728468,0.5575294744525546,-0.73585032867015,16.589349885658283,0.029769682912992233,0.032836798612588064,0.36908735122677894,-0.009183678839646126,90.35893589648798,0.04251006420349018,-0.05882352941176476,0.9171341681284042,-0.061914113757864986,-0.08188950683888667,-0.7249603513480541,-0.09404388714733543,-2.997694081475788,-7.107822779468009,1.362022779691745,0.07739684844301745,Oil & Gas Midstream,Energy,STNG
2016Q3,2016,Q3,2016-10-31,2016-09-30,-27115000.0,114336000.0,3903000.0,-1.7,16394000.0,0.14338441085922193,3292830000.0,1359563000.0,204761000.0,337200000.0,1933267000.0,5905000.0,49326000.0,744708460.8,2507043460.8,84.52672450152993,0.6072390272835113,0.5774142606815414,1.398483924614012,0.0011969124993483375,84.52672450152993,-0.01994390844705247,6.513333165407221,-6.866203769131476,0.5477557574014591,-0.8052738336713996,16.586282811176968,0.02932019864061144,0.0347227157186979,0.5560201660735469,-0.008234558115663426,37.57737717226763,0.14338441085922193,-9.499999999999998,0.2434791794242344,0.023349254082840703,-0.1901292423126056,-0.6090616430189579,-8.050182007280291,-0.8653534342981336,-48.428774670706915,1.3096385338810321,0.1577202122671906,Oil & Gas Midstream,Energy,STNG
2016Q2,2016,Q2,2016-07-05,2016-06-30,3846000.0,137214000.0,28987000.0,0.2,41935000.0,0.30561750258719955,3363882000.0,1403722000.0,252428000.0,251076000.0,1960160000.0,6187000.0,98276000.0,677803980.0,2420319980.0,86.98137771336191,1.0053848237187146,0.5726630720102548,1.3723308461362007,0.00870456170443288,86.98137771336191,0.002739858746959868,4.939758187940006,44.05902106084243,0.4828619769441527,5.62402496099844,15.39987069662195,0.03191188107216485,0.04079037255171258,0.9465938600264462,0.0011433219120052368,33.924123123123124,0.30561750258719955,-0.8823529411764706,1.237401823377114,0.107102931276846,-0.280708271494016,-0.4084330211037129,-0.8627947629410295,-0.43884543905838624,-0.20561101814486768,1.1822705639824522,-0.010108466183001666,Oil & Gas Midstream,Energy,STNG
2016Q1,2016,Q1,2016-04-22,2016-03-31,28031000.0,165128000.0,51656000.0,1.7,70888000.0,0.42929121651082797,3445383000.0,1414564000.0,330970000.0,259699000.0,2030819000.0,6698000.0,116057000.0,935550885.5,2709323885.5,88.15028928749808,1.2744369443086034,0.5639431087922591,1.3735681100324906,0.015145704397227,88.15028928749808,0.01981599984164732,5.665610226612083,8.343895022475117,0.6613704897763552,0.7716100032107309,14.06987160346372,0.023118999014618537,0.04792732767300471,0.8661565889741586,0.008135815379596404,249.08170540468583,0.42929121651082797,-0.15000000000000002,3.975930092414155,0.45538441235273347,-0.1967913910441919,-0.092470970797967,-0.18073944176530762,-0.12647332375073983,-0.04482854557638833,-0.17208356226090413,-0.6342739321256052,Oil & Gas Midstream,Energy,STNG
2015Q4,2015,Q4,2016-01-14,2015-12-31,34215000.0,178399000.0,59135000.0,2.0,78111000.0,0.43784438253577657,3523455000.0,1413885000.0,280147000.0,237376000.0,2109570000.0,6575000.0,109658000.0,1313612401.4,3162631401.4,86.32194464603812,1.180182495281747,0.5818121701568489,1.4498979761437458,0.016812870069366773,86.32194464603812,0.024199280705290743,7.363339488450048,9.59822008914219,0.9290800888332502,0.6477276048516732,15.252927756653992,0.016871034390647157,0.05063183721659564,1.1373812011323807,0.009710639131193672,22.190523192053654,0.43784438253577657,-0.5454545454545455,2.6022184831288886,0.9025805578498306,-0.31537916272688327,-0.3928551996455582,-0.5986557342435865,-0.45918880607252277,2.972573925309662,0.6006125767709216,-0.040804594355657725,Oil & Gas Midstream,Energy,STNG
2015Q3,2015,Q3,2015-10-22,2015-09-30,85251000.0,228142000.0,109345000.0,4.4,128653000.0,0.5639163328102673,3502795000.0,1417684000.0,289237000.0,217023000.0,2085111000.0,6718000.0,97607000.0,1533571726.4,3405530726.4,84.77048745882513,1.3327481419020104,0.583819207233081,1.442492826328011,0.03109579364302956,84.77048745882513,0.06013399318889118,6.722005270401768,4.497225036656462,1.0817443988928421,0.26520510023342836,14.809318249479011,0.01474270789607849,0.06513141648312276,1.1874409624786313,0.024337992945633415,-8.202058716185139,0.5639163328102673,0.37500000000000006,6.691087928842247,0.8797036814118121,-0.2705411912111666,0.3579586236014355,0.48036049176911855,0.3788776796973518,2.6787713987537054,0.9974764970814995,0.20304388080865762,Oil & Gas Midstream,Energy,STNG
2015Q2,2015,Q2,2015-07-15,2015-06-30,57588000.0,188464000.0,79300000.0,3.2,94740000.0,0.5026954749978776,3400084000.0,1406505000.0,321030000.0,219621000.0,1993579000.0,6869000.0,34966000.0,1639194257.9,3329470257.9,86.57689826330376,1.4617454614995833,0.5638504813410492,1.3630516777402142,0.023859354371286456,86.57689826330376,0.040944042147024004,8.69765184809831,7.116040919549212,1.1654379173198817,0.3928943529902063,13.644489736497306,0.013803123022762754,0.055429218807535346,1.3858146534256743,0.016937228609646113,-5.899353119916505,0.5026954749978776,0.2800000000000001,14.554967715749006,1.8037342411987403,-0.30210950997898217,0.3344037860221415,0.41511242167342427,0.3371779306623499,4.571561209137149,0.7518310260927269,0.16603936434776695,Oil & Gas Midstream,Energy,STNG
2015Q1,2015,Q1,2015-04-02,2015-03-31,40695000.0,160706000.0,59304000.0,2.5,70998000.0,0.4417881099647804,3004599000.0,1177615000.0,289851000.0,242614000.0,1826984000.0,6181000.0,0.0,1430315090.4,3011808090.4,77.55726954469668,1.1947002234001336,0.5715195272314209,1.4581904951957982,0.020486375233953826,77.55726954469668,0.03455713454736905,8.900197194877602,8.786798687799484,1.2145863379797304,0.48308145963877624,14.51350914091571,0.013744523938779245,0.05348667159910524,0.8729586915841625,0.013544236685161647,-10.28544886741166,0.4417881099647804,82.11722853913159,0.28634739533679676,-0.03896952536146881,-0.3063575001285006,0.5799804165924871,81.37854251012146,3.4811848269608583,2.9737838688686993,0.3759442037138022,0.032395266282322456,Oil & Gas Midstream,Energy,STNG
2014Q4,2014,Q4,2015-04-02,2014-12-31,494000.0,125737000.0,13234000.0,0.030078,44936000.0,0.3573808823178539,2804643000.0,1162848000.0,273704000.0,190368000.0,1641795000.0,6075000.0,-27980000.0,1430152752.6000001,2852599752.6000004,70.65783079205326,1.4377626491847368,0.5485867541786958,1.3231221965381545,0.004898872378340721,70.65783079205326,0.00042481906491648094,11.374159973595681,723.7615144736843,1.2298707592049865,39.977732793522264,13.300576131687242,0.013809014431567929,0.04483173081208553,1.0208858631702806,0.00017613649936908192,-3.4367849369549495,0.3573808823178539,1.3007799999999998,-0.990176455671124,-0.2721648165991547,-0.35606408449576943,1.7166434919291458,1.4262295081967213,1.7202466598150052,1.0013572406886964,0.09374480135434841,-0.2015919976251397,Oil & Gas Midstream,Energy,STNG
2014Q3,2014,Q3,2014-09-30,2014-09-30,-1159000.0,82891000.0,4865000.0,-0.1,16541000.0,0.19955121786442437,2409037000.0,1219970000.0,241256000.0,131323000.0,1189067000.0,4562000.0,-28474000.0,963128999.9999999,1978844000.0,105.26056945642796,1.8371191641981983,0.47996606112733015,0.9477741255932522,0.002047364181689789,105.26056945642796,-0.0009500233612301942,11.619222834807156,-207.74999999999997,0.7894694131822912,-14.569456427955133,14.54405962297238,0.017532438541462258,0.03440835487375246,1.6803910967614204,-0.00048110510548405856,-2.108712215756079,0.19955121786442437,-2.099814011159331,0.9821914512823013,-0.2735502726182318,-0.0132356505699993,45.10933333333333,-1.019163763066202,5.422727272727273,0.955123748512624,0.029603766982538998,0.008526683637681273,Oil & Gas Midstream,Energy,STNG
2014Q2,2014,Q2,2014-07-08,2014-06-30,-574000.0,57445000.0,-1100000.0,-0.03226,-375000.0,-0.006527983288362782,2161413000.0,1332273000.0,453046000.0,92872000.0,829140000.0,3103000.0,-27307000.0,1891620000.0,2335582000.0,71.62758064516129,4.878176414850547,0.3707153607385539,0.6014300372371129,-0.0005155745703623364,71.62758064516129,-0.00043084262759959856,32.92923666115415,-823.8763066202091,1.419844131045214,-30.982578397212542,18.633580406058652,0.009401465410600439,0.026577521278904125,4.666756395899733,-0.0002655670156513355,-7.7964760432766615,-0.006527983288362782,-1.0115214285714285,-1.0082910954164266,-0.7426516459035114,0.0,-1.0276467118844,-1.0107615583636431,-1.0203639594942333,0.9692582530911655,-0.5978540589944555,-0.4076763596370898,Oil & Gas Midstream,Energy,STNG
2014Q1,2014,Q1,2014-04-01,2014-03-31,53338000.0,76734000.0,54017000.0,2.8,13564000.0,0.176766492037428,1870048000.0,1494964000.0,349253000.0,85760000.0,375084000.0,4553000.0,-26733000.0,1899213814.2,2048860814.2,78.47874193289974,4.072446361940298,0.18429152620681394,0.23052996593897912,0.02936348049954392,78.47874193289974,0.035678451119893186,24.7506166002033,8.901785847800818,1.2704077250020738,0.30139862762008324,13.874368548209972,0.008464555112122352,0.04103317134105649,3.2583372201492535,0.028522262530159655,-9.80133154187159,0.176766492037428,8.333333333333334,-0.4346962590626456,-0.7640532341381019,0.0,4.996464348850913,8.240817740817741,8.683936894944425,5.770248655651121,-0.4302753722873102,-0.28491668433507733,Oil & Gas Midstream,Energy,STNG
2013Q4,2013,Q4,2014-04-01,2013-12-31,5772000.0,53367000.0,5578000.0,0.3,-3394000.0,-0.06359735417018007,1646676000.0,1450723000.0,239170000.0,60486000.0,195953000.0,2857000.0,-80071000.0,2268003039.3,2356287039.3,75.4144675894218,3.9541381476705353,0.10149476885556115,0.11520393624420375,0.0034477813792608966,75.4144675894218,0.003978705790147395,42.49822997920063,98.23297987266112,1.5633605032111575,2.3681566181566183,19.86734336716836,0.0060268878670545435,0.03240892561742565,2.5028436332374433,0.0035052432901190034,-8.611405309979801,-0.06359735417018007,7.440243079000674,-0.8466105880435849,-0.8503207035757948,1.0764499259858311,-1.4769533445756042,7.653673163418291,8.390572390572391,1.2301412989348943,-0.5153965818886782,-0.4018865520779723,Oil & Gas Midstream,Energy,STNG
2013Q3,2013,Q3,2013-10-15,2013-09-30,667000.0,57756000.0,594000.0,0.035544,7116000.0,0.12320797839185539,1554834000.0,1370105000.0,528698000.0,26877000.0,184729000.0,3498000.0,-85841000.0,1831526659.1999998,1555455659.1999998,73.01135767164267,19.671019831082337,0.11017060342132987,0.12502472438243784,0.00038536345482878575,73.01135767164267,0.00048682400253995134,31.71145264907542,686.4792575712144,1.336778319325891,9.847076461769115,14.476843910806174,0.0035860793873832356,0.03714608762092931,19.396844885961976,0.00042898470190386883,-6.984801305793696,0.12320797839185539,-0.88152,1.0063298138133003,-0.6873810479341723,-0.3155556232889068,-0.22483660130718955,-0.8319052419354839,-0.8473007712082262,1.039681947493703,-0.5759153181218263,-0.3717297187764685,Oil & Gas Midstream,Energy,STNG
2013Q2,2013,Q2,2013-07-02,2013-06-30,3968000.0,51533000.0,3890000.0,0.3,9180000.0,0.1781382803252285,1362411000.0,1162222000.0,590297000.0,39363000.0,200189000.0,2525000.0,-86508000.0,1214208030.6,867180030.5999999,87.86960464038295,14.99624012397429,0.1275833797583842,0.14955920641667428,0.002911582935579169,87.86960464038295,0.0034141497923804573,23.56175713814449,76.50000192792339,1.044729862797297,0.0,16.773465346534653,0.0,0.03782485608234226,14.828544572314103,0.0029124838246314807,-6.985071711854753,0.1781382803252285,-0.625,-0.9194001546032671,-0.6753487260181196,0.0,-0.12488083889418494,-0.3996974281391831,-0.4968309403699392,0.3164295418589784,-0.058364756364496714,-0.2916890917721604,Oil & Gas Midstream,Energy,STNG
2013Q1,2013,Q1,2013-04-01,2013-03-31,6610000.0,44924000.0,7731000.0,0.8,10490000.0,0.23350547591487847,1058886000.0,871186000.0,464338000.0,22180000.0,187700000.0,2888000.0,-90476000.0,314096313.3,77122313.30000001,241.02818210314854,20.934986474301173,0.16516603298183186,0.2007516190572392,0.00739046227910347,241.02818210314854,0.007587357923566265,6.991726322233105,11.879588248865357,0.360538752114933,0.0,11.923130193905816,0.0,0.04242571910479504,20.717538322813347,0.006242409475618716,-2.0037275338743017,0.23350547591487847,1.7272727272727273,-0.6307825388392784,-0.27198513108873845,0.0,2.1558253044426223,2.3542440081361176,5.190895819566513,-0.12227911257707491,0.12855113515431726,1.1556637018682037,Oil & Gas Midstream,Energy,STNG
2012Q4,2012,Q4,2013-01-24,2012-12-31,-4880952.0,31363713.0,-1844713.0,-1.1,-9075766.0,-0.2893715422022896,573280000.0,414790000.0,126728000.0,22763000.0,158490000.0,2169000.0,-97086000.0,327705516.9,382999516.9,89.99411813075888,5.567280235469841,0.2484981161038236,0.34344849200800404,-0.003310392661090464,89.99411813075888,-0.011767284650063888,10.448556167441016,-16.784918029310674,0.7900516331155524,0.0,18.64429644997695,0.0,0.054709239813005864,5.42999604621535,-0.008514080379570193,-13.523716861467637,-0.2893715422022896,0.6333333333333333,-1.5413638747910525,-0.6328596738216692,1.4778836993073985,-3.6682670017472367,0.6098724267892153,0.7875153628984419,-1.346572656243371,-0.3517449327254257,-0.17984398616658834,Oil & Gas Midstream,Energy,STNG
2012Q3,2012,Q3,2012-10-23,2012-09-30,-12511169.0,28139316.0,-8681630.0,-3.0,3401371.0,0.12087610800489962,497295236.0,290327343.0,67726466.0,19049601.0,206967893.0,2773571.0,-92204426.0,246803633.9,404489337.9,70.46333788077989,3.555269530317197,0.39278550619374925,0.672793540496804,,70.46333788077989,-0.043093319667104175,8.770775874580604,-4.931666135674452,0.850087461104206,0.0,8.919167744398827,0.0,0.05658472867413514,3.338941114829649,-0.025158433249097122,-1.9306805450931848,0.12087610800489962,-2.0,0.4592435706090902,-0.30630201798698026,-0.33944201402619284,0.14992026488893037,-2.093607882894021,-1.9055151920208382,0.4592435706090902,-0.30630201798698026,-0.33944201402619284,Oil & Gas Midstream,Energy,STNG
2012Q2,2012,Q2,2012-07-23,2012-06-30,-4044200.0,26983291.0,-2987983.0,-1.0,2957919.0,0.10962039433959335,426274093.0,302542781.0,64627782.0,13261909.0,123731312.0,3257555.0,-79693258.0,260374735.79999998,337492563.79999995,74.24869254884136,4.873188467814098,0.26610870297482514,0.3749395230157549,,74.24869254884136,-0.01336736572141181,9.649480332106265,-16.09556499431284,0.8606212150869335,0.0,7.375277470372718,0.0,0.06330033056923307,4.54768811941026,-0.009487322983993775,-13.558213353980197,0.10962039433959335,0.28571428571428564,-1.2666536947945835,-0.44820337689369394,0.0,-0.604634246589075,0.20712532446654172,0.1844706275381381,-1.2666536947945835,-0.44820337689369394,0.0,Oil & Gas Midstream,Energy,STNG
2012Q1,2012,Q1,2012-03-31,2012-03-31,-5100680.0,28894680.0,-3663857.0,-1.4,7481475.0,0.2589222306666833,443400723.0,282191511.0,99540794.0,27798349.0,161209212.0,4627909.0,-75642416.0,265199157.2,377849773.2,75.1236198747618,3.5808167600169347,0.332331932169628,0.5221851588583045,,75.1236198747618,-0.018075242525633594,9.178130963900621,-12.998225589529238,0.9397843197345508,0.0,4.626971921876597,0.0,0.06516606424207387,2.2226159906115286,-0.01150354461645747,-11.973184189965012,0.2589222306666833,0.9366515837104074,-1.2741476164373233,-0.5494371876653616,0.0,0.6070116764614909,0.92884648990241,0.947663161071037,-1.2741476164373233,-0.5494371876653616,0.0,Oil & Gas Midstream,Energy,STNG
2011Q4,2011,Q4,2012-01-05,2011-12-31,-71685571.0,22641686.0,-70005317.0,-22.1,4655520.0,0.20561719652856242,448229772.0,286853227.0,61450369.0,18234170.0,161376545.0,2696296.0,-70548378.0,158501428.2,267235849.2,88.49840004343885,3.370066693466168,0.324760915256651,0.5074633899795731,,88.49840004343885,-0.2499033103085851,7.000425153851174,-0.5527661494110161,0.5525523622573715,0.0,6.670694167109249,0.0,0.050513570080302474,3.1379896096175477,-0.15993040953111878,-4.535313354137024,0.20561719652856242,-9.045454545454545,-12.305930602716012,-0.6231198944709953,1.4367008359791027,0.4564124574895505,-9.412440475913806,-13.348371470799284,-12.305930602716012,-0.6231198944709953,1.4367008359791027,Oil & Gas Midstream,Energy,STNG
2011Q3,2011,Q3,2011-10-24,2011-09-30,-6884608.0,21460983.0,-4878973.0,-2.2,3196567.0,0.14894783710513168,464141957.0,322458710.0,49632213.0,9920495.0,141683247.0,2917339.0,1137193.0,163128451.2,271995800.2,104.37063407857575,5.002997632678611,0.289484531561106,0.41667944711432975,,104.37063407857575,-0.021350355212920127,7.601163991416422,-5.9236651963336175,0.50588942441654,0.0,6.260642318222188,0.0,0.046237972405498345,4.597453352882089,-0.014832979212866118,-22.670044836057176,0.14894783710513168,-1.2000000000000002,0.6031631848148362,-0.294437578146421,-0.02157834250769195,-0.5215052427496054,-1.5091681879858487,-6.818691567817389,0.6031631848148362,-0.294437578146421,-0.02157834250769195,Oil & Gas Midstream,Energy,STNG
2011Q2,2011,Q2,2011-07-05,2011-06-30,-2743781.0,20991073.0,-624014.0,-1.0,6680464.0,0.3182526210070348,532031954.0,330521911.0,114843580.0,26391998.0,201510043.0,2430375.0,8021801.0,273051475.2,373020314.2,120.92642562987332,4.3514545583096815,0.3657222701326695,0.5886929959085224,,120.92642562987332,-0.008301358877233407,13.007980830708368,-24.87912439075859,0.8261221604760721,0.0,5.888230828575837,0.0,0.03945453434174745,4.2298154539114465,-0.005157173322713621,-3.0351205422651226,0.3182526210070348,-0.6666666666666667,-1.2697015052857594,-0.36006228621131214,0.0,-0.30954316636807516,-0.9423183107844081,-5.910377515199167,-1.2697015052857594,-0.36006228621131214,0.0,Oil & Gas Midstream,Energy,STNG
2011Q1,2011,Q1,2011-04-06,2011-03-31,-1412632.0,17015949.0,-90301.0,-0.6,9675426.0,0.568609250062985,434266992.0,264123729.0,101964390.0,21284359.0,170143263.0,1338622.0,-2526914.0,248365764.0,326400462.0,109.74768983377274,4.790578377295741,0.3825687608327367,0.6290119620414718,,109.74768983377274,-0.005348372163865671,14.596057146151532,-43.95443470061559,0.940338700124895,0.0,5.483641386440683,0.0,0.039183150719408116,4.665870322897673,-0.003252911287349235,-85.1565357907329,0.568609250062985,0.5333317777725926,-1.118506137047523,-0.5858582297746743,0.0,1.0975419191826126,0.4840497705742638,0.9344411661357162,-1.118506137047523,-0.5858582297746743,0.0,Oil & Gas Midstream,Energy,STNG
2010Q4,2010,Q4,2010-12-31,2010-12-31,-2737923.0,12021974.0,-1377404.0,-1.28571,4612745.0,0.3836928111805931,412268440.0,264783182.0,77288341.0,20123170.0,147485258.0,1286507.0,-1114282.0,212310000.0,287311500.0,126.08722952380953,3.8407637067122127,0.3473183685852839,0.5407760452096991,,126.08722952380953,-0.010340245099101497,17.66016130129711,-19.386045553508993,0.8018258501025189,0.0,5.759182810509387,0.0,0.029160548888971467,3.7539390662604353,-0.0066411171323228135,-4.156752342766843,0.3836928111805931,-0.42856666666666654,-1.6665010263968665,-0.6911303329069352,2.4716656734602043,-0.11110475187313282,-0.6606748061025753,-2.459362528788172,-1.6665010263968665,-0.6911303329069352,2.4716656734602043,Oil & Gas Midstream,Energy,STNG
2010Q3,2010,Q3,2010-11-17,2010-09-30,-1648681.0,13358211.0,-398167.0,-0.9,5189301.0,0.3884727528259585,340975470.0,213900161.0,50864015.0,18456189.0,127075309.0,1098332.0,1623641.0,207807465.70000002,287007850.70000005,116.21010869630176,2.755932711785732,0.35720593038554943,0.5694173367171986,,116.21010869630176,-0.007707712758570575,15.556534157156225,-31.511169489428216,0.9715161724445828,0.0,7.43755986350211,0.0,0.0391764574736124,2.6691461601308917,-0.0048351894639224345,-2.71428756697326,0.3884727528259585,-5.5,0.8404863114567422,-0.26283837774731705,0.08941071568460135,0.3078037001969026,-5.1218467646367625,-1.4127485819014132,0.8404863114567422,-0.26283837774731705,0.08941071568460135,Oil & Gas Midstream,Energy,STNG
2010Q2,2010,Q2,2010-07-01,2010-06-30,399986.0,7262288.0,964672.0,0.2,3967951.0,0.5463775328105963,239650732.0,217738842.0,19222450.0,6634443.0,21911890.0,1300903.0,3272322.0,200967881.0,205809373.0,124.0551340092002,2.8973720928795377,0.07075759317939409,0.07787819960942018,,124.0551340092002,0.00183699883918736,27.672805182058326,125.60932195126829,0.922976714462365,0.0,2.5323463778621464,0.0,0.030303633706405705,2.3319018642559746,0.0016690372554338786,-1.7020050435505143,0.5463775328105963,-0.9047619047619048,-0.9387739010453117,-0.6552260801874262,0.0,0.05262025565617942,-0.6565228592037922,-0.5106883734519307,-0.9387739010453117,-0.6552260801874262,0.0,Oil & Gas Midstream,Energy,STNG
2010Q1,2010,Q1,2010-03-31,2010-03-31,1164520.0,6155440.0,1971488.0,2.1,3769594.0,0.6124004132929571,105699219.0,62493062.0,7757006.0,6871837.0,43206157.0,498242.0,2872336.0,70199598.39999999,105756208.39999999,111.81158818709139,1.1288111170273685,0.36802542505068087,0.6224690990497473,,111.81158818709139,0.01863438856620596,11.404480979426328,15.070500807199531,1.1233182717147066,0.0,4.788528466086761,0.0,0.05823543502246691,0.7202934237235254,0.011017299948072464,13.62024717591678,0.6124004132929571,-0.3127366179963181,-0.5793452492115342,-0.35491193421934464,0.0,-0.006127606394688933,-0.31812326386449125,-0.014878596726868618,-0.5793452492115342,-0.35491193421934464,0.0,Oil & Gas Midstream,Energy,STNG
2009Q4,2009,Q4,2009-12-31,2009-12-31,1707816.0,5866950.0,2001264.0,3.0555971043845744,3792835.0,0.6464747441174716,104423386.0,61328542.0,4829119.0,6023740.0,43094844.0,433428.0,1707816.0,70199598.39999999,109555102.39999999,109.72804760660853,0.801681181458695,0.38114067666796403,0.6489637402434906,,109.72804760660853,0.027847001482604952,11.965262768559471,10.276223902340767,1.1446480889762551,0.0,4.785373810644444,0.0,0.05618425359238974,0.6327874377048146,0.016354727283024513,65.50070856869868,0.6464747441174716,1.545642340068674,0.562050164773803,-0.4336483512240327,2.021234566976791,0.02852944263102389,1.5441574989509184,1.7859297469137378,0.562050164773803,-0.4336483512240327,2.021234566976791,Oil & Gas Midstream,Energy,STNG
2009Q3,2009,Q3,2009-09-30,2009-09-30,-3138459.0,5502542.0,-2546365.0,-5.6,3687629.0,0.6701682604149137,104020190.0,59620725.0,2808073.0,6171836.0,44399465.0,460325.0,0.0,70199598.39999999,110418850.39999999,106.67244871303993,0.4549817914798773,0.39127019475738317,0.6826485253240379,,106.67244871303993,-0.052640403148401835,12.757666983732245,-5.591884297357397,1.1774361750884446,-1.3779055262471167,3.942677456145115,0.06160291652038853,0.05289878820640493,0.369148175680624,-0.03017163302624231,14.49264079309469,0.6701682604149137,-2.5135135135135136,0.0,0.0,0.0,-0.19680060115329953,-2.508635893649514,-2.4156145588374276,0.0,0.0,0.0,Oil & Gas Midstream,Energy,STNG
2009Q2,2009,Q2,2009-06-30,2009-06-30,2080329.0,6707534.0,1798770.0,3.7,4591175.0,0.6844803172074864,,,,,,,,70199598.39999999,,,0.0,0.0,0.0,0.0,,0.0,10.465783460806906,8.436117364128462,0.0,0.9935918789768349,0.0,0.029444584400927287,0.0,0.0,0.0,31.433237749474763,0.6844803172074864,-0.25999999999999995,0.0,0.0,0.0,-0.3527822535739409,-0.24853134591675693,-0.39370253110157677,0.0,0.0,0.0,Oil & Gas Midstream,Energy,STNG
2009Q1,2009,Q1,2009-03-31,2009-03-31,2768351.0,9542015.0,2966811.0,5.0,7093710.0,0.743418449876677,,,,,,,,70199598.39999999,,,0.0,0.0,0.0,0.0,,0.0,7.356894576250403,6.339477761309891,0.0,0.8198028356953291,0.0,0.03232927326832115,0.0,0.0,0.0,60.673233357331945,0.743418449876677,1.5560473311948868,0.0,0.0,0.0,0.25485360209360736,1.532066180256961,-0.13832193553296454,0.0,0.0,0.0,Oil & Gas Midstream,Energy,STNG
2008Q4,2008,Q4,2008-12-31,2008-12-31,1093317.0,10359200.0,3443062.0,1.9561453103697528,5653018.0,0.54570024712333,117111827.0,20299166.0,7851725.0,55077309.0,96812661.0,502514.0,0.0,70199598.39999999,109991963.39999999,36.318943522617076,0.14255825389000032,0.37058596993794657,2.1380188723024385,,36.318943522617076,0.053860193073942055,6.776546297011351,16.051977239903888,3.4582503734389873,8.558359560859293,9.36527539531237,0.1332913608235115,0.08845562626223909,0.13271554352809795,0.009335666840890459,5.837486473709747,0.54570024712333,0.0,0.0,0.0,0.0,0.0,0.0,0.0,0.0,0.0,0.0,Oil & Gas Midstream,Energy,STNG
