Quarters,Year,Quarter,FillingDate,Date,NetIncome,Revenue,OperatingIncome,EPSDiluted,GrossProfit,GrossProfitRatio,TotalAssets,CommonStockEquity,CurrentAssets,CurrentLiability,TotalLiability,Inventory,RetainedEarnings,MarketCap,EnterpriseValue,bookValuePerShare,currentRatio,debtToAssets,debtToEquity,roic,shareholdersEquityPerShare,roe,priceToSalesRatio,peRatio,pbRatio,payoutRatio,inventoryTurnover,dividendYield,assetTurnover,quickRatio,returnOnAssets,priceToFreeCashFlowsRatio,grossProfitMargin,epsdilutedGrowth,fiveYNetIncomeGrowthPerShare,fiveYRevenueGrowthPerShare,fiveYShareholdersEquityGrowthPerShare,grossProfitGrowth,netIncomeGrowth,operatingIncomeGrowth,threeYNetIncomeGrowthPerShare,threeYRevenueGrowthPerShare,threeYShareholdersEquityGrowthPerShare,Industry,Sector,Symbol
2023Q1,2023,Q1,2023-04-27,2023-03-31,-110346000.0,161696000.0,-24229000.0,-0.96,62496000.0,0.3865030675,8902208000.0,1278777000.0,828115000.0,527950000.0,6955444000.0,182949000.0,-366972000.0,1797455489.5,7417343489.5,11.112651666026137,1.5685481579695046,0.6549804273276922,4.559647225434928,-0.003422213375343438,11.112651666026137,-0.08629026014699982,11.116264406664358,-4.072316825032171,1.4056051129321216,0.0,0.5422276153463533,0.0,0.01816358368620459,0.8052656501562648,-0.012395351804855605,-3.919244105725182,0.38650306748466257,-0.7777777777777776,-4.6087752805965545,4.903243483957092,0.0,0.019377568995889608,-0.7799751584856355,-5.5818835098335855,-0.13330772250504,2.9570241802773256,0.5767635056387674,Solar,Technology,NOVA
2022Q4,2022,Q4,2023-02-23,2022-12-31,-61993000.0,195592000.0,5288000.0,-0.54,61308000.0,0.3134484028,8336892000.0,1273076000.0,948389000.0,541946000.0,6449442000.0,152113000.0,-364782000.0,2069695458.3700001,7118624458.37,11.078006026092917,1.7499695541622229,0.6488252456670903,4.248910512805206,0.0008438614903595455,11.078006026092917,-0.04869544316285909,10.581697913871734,-8.346488548586132,1.625743834908521,0.0,0.8827910829449159,0.0,0.0234610212055044,1.1017499898513874,-0.00743598453716325,-6.938697339003564,0.31344840279766045,0.03571428571428574,-0.09818233097651057,4.612250665950019,0.8373985362088383,-0.10127973965433835,0.03404593474399327,1.190757909166336,-1.5874324700958602,3.2522481895562145,0.4403008818327172,Solar,Technology,NOVA
2022Q3,2022,Q3,2022-10-27,2022-09-30,-64178000.0,149364000.0,-27721000.0,-0.56,68217000.0,0.4567164779,7649725000.0,1246445000.0,937313000.0,458066000.0,5896310000.0,186572000.0,-387073000.0,2535156688.3199997,7120813688.32,10.855938698699518,2.0462400614758574,0.6533879322459304,4.009994825283105,-0.009538992645260903,10.855938698699518,-0.05148883424459162,16.973010151843816,-9.875489608276979,2.0339097900990417,0.0,0.4349366464421242,0.0,0.019525407776096525,1.3126187056013763,-0.0083895826320554,-7.030911045252972,0.4567164778661525,-0.7500000000000001,-6.0030562160264775,2.553326839344117,0.0,0.051222782118256205,-0.7343999135205254,-3.581098696461825,0.09456972948866432,1.1633563053386724,0.054997937595610585,Solar,Technology,NOVA
2022Q2,2022,Q2,2022-07-28,2022-06-30,-37003000.0,147012000.0,10740000.0,-0.32,64893000.0,0.4414129459,6687812000.0,1300441000.0,670714000.0,387742000.0,4910112000.0,150720000.0,-377217000.0,2111137517.1,6057248517.1,11.35270792919395,1.7297945541107231,0.6211635434728129,3.194474028425742,0.007509816672695842,11.35270792919395,-0.028454193615858006,14.360307438168313,-14.263286200443208,1.6234012285832267,0.0,0.5448447452229299,0.0,0.02198207724738674,1.1426438198595974,-0.00553290074541569,-6.756331903106878,0.44141294588196883,-0.06666666666666674,-1.1352804786089674,2.6829912882896205,0.0,0.7928719436386241,-0.10183723907929607,1.3139800035081564,0.4476373523014536,2.216968452558656,1.230473418145678,Solar,Technology,NOVA
2022Q1,2022,Q1,2022-04-28,2022-03-31,-33583000.0,65722000.0,-34206000.0,-0.3,36195000.0,0.5507288275,5928453000.0,1233569000.0,562551000.0,345616000.0,4275844000.0,150517000.0,-423529000.0,2617296763.56,6025528763.559999,10.868504304153927,1.6276763807231147,0.6100625238995738,2.931921116694729,-0.01147564424914025,10.868504304153927,-0.027224257418920223,39.8237540482639,-19.483792123693533,2.1217270890886524,0.0,0.19617053223223954,0.0,0.011085860004287797,0.8084463682236933,-0.005664715567450733,-11.36423413468803,0.5507288274854691,-0.07142857142857129,-0.7306704750188063,1.4326836761209383,0.0,0.00810494652406417,-0.07448408254679251,-2.9559698078682524,0.36145745832639464,0.8015427231284536,0.9085438914368098,Solar,Technology,NOVA
2021Q4,2021,Q4,2022-02-24,2021-12-31,-31255000.0,65019000.0,17488000.0,-0.28,35904000.0,0.5522078162,5504234000.0,1189495000.0,615742000.0,310897000.0,3882621000.0,127955000.0,-459715000.0,3153503022.7200003,6177726022.72,10.531367866378222,1.980533745902984,0.5936019435220232,2.7468160858179314,0.003946998364701815,10.531367866378222,-0.026275856560977556,48.50125382918839,-25.22398834362502,2.6511275984514437,0.0,0.22754093235903247,0.0,0.01181254285337433,1.2451069003560664,-0.005678355971057917,-11.556372847845207,0.5522078161768098,-0.1200000000000001,0.43666569644883174,0.8981964398302776,0.7467331085019073,-0.1429799016565618,-0.1348534911586362,3.1389432485322897,0.43666569644883174,0.8981964398302776,0.7467331085019073,Solar,Technology,NOVA
2021Q3,2021,Q3,2021-10-28,2021-09-30,-27541000.0,68901000.0,-8176000.0,-0.25,41894000.0,0.6080318137617742,5060415000.0,1095158000.0,717687000.0,263194000.0,3568241000.0,134889000.0,-505793000.0,3694540452.12,6339051452.12,9.764273794674446,2.7268364780352137,0.6032443979396946,2.7874215410013896,-0.0019751019105826756,9.764273794674446,-0.025147969516727268,53.620999000304785,-33.536731165535016,3.3735227721662078,0.0,0.200216474286265,0.0,0.013615681717803777,1.9412714575560233,-0.00544243900944883,-25.68149904156819,0.6080318137617742,0.5614035087719298,-2.0764513039397787,0.6779679141537631,0.0,-0.0259927462103599,0.565571960376049,0.4299658369936554,-2.0764513039397787,0.6779679141537631,0.0,Solar,Technology,NOVA
2021Q2,2021,Q2,2021-07-29,2021-06-30,-63396000.0,66556000.0,-14343000.0,-0.57,43012000.0,0.6462527796141595,4566108000.0,1066734000.0,639678000.0,239055000.0,3153545000.0,128004000.0,-529936000.0,4216915909.0799994,6571471909.08,9.52667857414414,2.675861203488737,0.5963901861278796,2.5528219781126316,-0.003782455661038386,9.52667857414414,-0.059429998481345864,63.358914434160695,-16.629266472174898,3.953109124749,0.0,0.18393175213274585,0.0,0.014576089746453655,1.8910543598753424,-0.013884034280398099,-23.471123369623292,0.6462527796141595,-0.8387096774193546,-2.742453510033049,0.7057354765961313,0.0,0.9003269417690201,-0.9220810720674287,0.384579078348923,-2.742453510033049,0.7057354765961313,0.0,Solar,Technology,NOVA
2021Q1,2021,Q1,2021-04-29,2021-03-31,-32983000.0,41276000.0,-23306000.0,-0.31,22634000.0,0.5483573989727687,3756608000.0,1022875000.0,376810000.0,217349000.0,2532823000.0,107684000.0,-524511000.0,4341583360.4,6302847360.4,9.617172822440782,1.7336633708919755,0.5622508390548069,2.0649209336429184,-0.007431172534825052,9.617172822440782,-0.032245386777465475,105.18420778176178,-32.907735503137985,4.244490637076867,0.0,0.173117640503696,0.0,0.010987571766870539,0.9947227730516358,-0.00877999514455594,-25.94049818900978,0.5483573989727687,0.6770833333333333,-0.8138591975062807,0.6303880935989441,0.0,0.11601992012228193,0.640590606952163,-0.29636222049171207,-0.8138591975062807,0.6303880935989441,0.0,Solar,Technology,NOVA
2020Q4,2020,Q4,2021-02-25,2020-12-31,-91770000.0,38024000.0,-17978000.0,-0.96,20281000.0,0.5333736587418473,3587582000.0,951731000.0,456655000.0,210853000.0,2443025000.0,102589000.0,-530995000.0,4314378221.610001,6141261221.610001,9.955460050966906,2.16575054658933,0.5677199852156689,2.1400395700045496,-0.00601358807403539,9.955460050966906,-0.0964243047667881,113.46460713260048,-11.7532369554593,4.533190808757937,0.0,0.17295226583746795,0.0,0.010598782132366591,1.2759884848686052,-0.02557990312137813,-25.652726903926656,0.5333736587418473,-0.3150684931506849,-0.9542151800274074,0.3115462989685166,0.6512130144944132,-0.39749264727726447,-0.42986242034246896,-11.902365069739236,-0.9542151800274074,0.3115462989685166,0.6512130144944132,Solar,Technology,NOVA
2020Q3,2020,Q3,2020-10-29,2020-09-30,-64181000.0,50177000.0,1649000.0,-0.73,33661000.0,0.6708452079638081,3154286000.0,722594000.0,309425000.0,185533000.0,2278814000.0,111011000.0,-476095000.0,2669046531.92,4490254531.92,8.232933850048978,1.6677626082691488,0.6042074180971542,2.637501833671467,0.0006286220618793767,8.232933850048978,-0.08882027805378954,53.192628732686295,-10.396560243374207,3.693701486477884,0.0,0.14877804902216898,0.0,0.015907561964894748,0.7297084615674839,-0.02034723547579389,-14.475006952220836,0.6708452079638081,-1.4333333333333333,-8.161654831919972,0.5615644916498299,0.0,0.29965250965250967,-1.5410167075777972,1.3206299825004861,-8.161654831919972,0.5615644916498299,0.0,Solar,Technology,NOVA
2020Q2,2020,Q2,2020-07-30,2020-06-30,-25258000.0,42790000.0,-5143000.0,-0.3,25900000.0,0.6052816078523019,2867595000.0,661688000.0,286805000.0,189761000.0,2205907000.0,120804000.0,-426543000.0,1434448055.46,3076027055.46,7.874118631906755,1.5114011835941,0.6081256244344128,2.6354686801030094,-0.002137047799148256,7.874118631906755,-0.038172069011376965,33.522973953260106,-14.197957631839417,2.167861674172722,0.0,0.13981325121684712,0.0,0.014921911915734266,0.7501646808353666,-0.008808077849208134,-9.083499382337669,0.6052816078523019,0.6470588235294118,-0.9868122832225497,0.4612686788340516,0.0,0.6392405063291139,0.6446289131199437,0.6405004893051867,-0.9868122832225497,0.4612686788340516,0.0,Solar,Technology,NOVA
2020Q1,2020,Q1,2020-06-18,2020-03-31,-71075000.0,29829000.0,-14306000.0,-0.85,15800000.0,0.5296858761607831,2682180000.0,592020000.0,279956000.0,190855000.0,2090160000.0,115107000.0,-418643000.0,845891590.57,2384726590.57,7.047760571756927,1.4668517984857614,0.6011046984169593,2.72333873855613,-0.0064873493060767316,7.047760571756927,-0.12005506570723962,28.358027106842336,-2.9753485422792827,1.4288226589811155,0.0,0.1218779049058702,0.0,0.011121177549605172,0.5767624636504153,-0.02649896725797672,-4.243397513682447,0.5296858761607831,-3.047619047619048,-3.949031202398439,0.4918391232937494,0.0,-0.2074241284173564,-3.0593409103889426,-0.5626433642818132,-3.949031202398439,0.4918391232937494,0.0,Solar,Technology,NOVA
2019Q4,2019,Q4,2020-02-25,2019-12-31,-17509000.0,33614000.0,-9155000.0,-0.21,19935000.0,0.5930564645683346,2487067000.0,645935000.0,274320000.0,195002000.0,1841132000.0,43749000.0,-361824000.0,937226676.6,2297624676.6,7.691452644253511,1.406754802514846,0.5805565350672097,2.235337920998243,-0.004379588581783495,7.691452644253511,-0.027106442598713493,27.88203357529601,-13.382070315266434,1.4509612834108696,0.0,0.3126700038858031,0.0,0.01351551848020178,0.5899631798648219,-0.007040019428507556,-4.122450160327605,0.5930564645683346,0.6612903225806452,0.5755706308594695,0.31983139642085223,0.27570465267703814,-0.18589455629517704,0.5342112263899973,-0.5522210918955578,0.5755706308594695,0.31983139642085223,0.27570465267703814,Solar,Technology,NOVA
2019Q3,2019,Q3,2019-10-31,2019-09-30,-37590000.0,36615000.0,-5898000.0,-0.62,24487000.0,0.6687696299330875,2149786000.0,626560000.0,126389000.0,131151000.0,1523226000.0,17125000.0,-365384000.0,654568886.75,1779315886.75,10.290009403658843,0.9636907076575856,0.5469256009667939,1.8765529239019407,-0.003270091965099059,10.290009403658843,-0.059994254341164455,17.877069145159087,-4.35334455140995,1.044702641008044,0.0,0.7082043795620439,0.0,0.017031927829095548,0.6099000388864744,-0.0174854613435942,-4.271332468172297,0.6687696299330875,0.14969601632583648,-6.7345063933764315,0.6425065212675843,0.0,0.05044828621680752,0.2591351649651149,-1.1763837638376384,-6.7345063933764315,0.6425065212675843,0.0,Solar,Technology,NOVA
2019Q2,2019,Q2,2019-08-19,2019-06-30,-50738000.0,34612000.0,-2710000.0,-0.729151,23311000.0,0.6734947417080781,1952664000.0,441585000.0,109003000.0,158604000.0,1511079000.0,16526000.0,-347152000.0,976032821.25,2146048821.25,5.0898198726941635,0.6872651383319462,0.6292900365859154,2.7826851002638224,-0.0016214699372892015,5.0898198726941635,-0.11489973617763284,28.199260986074194,-4.809180600585361,2.2102943289513908,0.0,0.6838315381822583,0.0,0.017725527791775747,0.5399800761645356,-0.025983989052904135,-7.675748448780258,0.6734947417080781,-0.5735534086388846,-2.8657220713705884,0.14486397445405705,0.0,0.4205362583790372,-0.3173910785688321,0.39871311293543377,-2.8657220713705884,0.14486397445405705,0.0,Solar,Technology,NOVA
2019Q1,2019,Q1,2019-03-31,2019-03-31,-38514000.0,26715000.0,-4507000.0,-0.4633786155569462,16410000.0,0.6142616507580011,1769463000.0,473315000.0,85954000.0,110075000.0,1296148000.0,15787000.0,-314711000.0,935050702.5,1960106702.5,5.694657771780028,0.780867590279355,0.5744183404795692,2.1474324709759887,-0.0030232921619121533,5.694657771780028,-0.08137075731806513,35.000962099943855,-6.069550699096433,1.9755357478634736,0.0,0.6527522645214416,0.0,0.01509780085822648,0.5877901430842607,-0.021765925594375242,-10.018543505978657,0.6142616507580011,0.056676790437934846,-1.7103448275862072,0.3503336029114437,0.0,0.06344371719266412,0.05667679043793475,0.6370298783925263,-1.7103448275862072,0.3503336029114437,0.0,Solar,Technology,NOVA
2018Q4,2018,Q4,2018-12-31,2018-12-31,-40828000.0,25206000.0,-12417000.0,-0.49121935181905285,15431000.0,0.6121955090057922,1665085000.0,501119000.0,89533000.0,95403000.0,1163966000.0,0.0,-286312000.0,935050702.5,1842239702.5,6.029179738517977,0.9384715365344906,0.5503803109150583,1.8287672189639586,-0.008759485562756561,6.029179738517977,-0.08147366194456805,37.09635414187098,-5.7255480460713235,1.8659254638119886,0.0,0.0,0.0,0.015137965929667254,0.6576208295336624,-0.024520069545999154,-17.098538977069087,0.6121955090057922,-5.15435634609587,0.0,0.0,0.0,-0.246017785595622,-5.15435634609587,-4.647767332549941,0.0,0.0,0.0,Solar,Technology,NOVA
2018Q3,2018,Q3,2018-09-30,2018-09-30,-6634000.0,30429000.0,3404000.0,-0.07981652738237476,20466000.0,0.6725820763087844,,,,,,,,935050702.5,,,0.0,0.0,0.0,0.0,,0.0,30.728933007985802,-35.23706295221586,0.0,0.0,0.0,0.0,0.0,0.0,0.0,-14.413335118845762,0.6725820763087844,0.4724033720375378,0.0,0.0,0.0,0.011116051578479324,0.4724033720375378,0.3979466119096509,0.0,0.0,0.0,Solar,Technology,NOVA
2018Q2,2018,Q2,2018-06-30,2018-06-30,-12574000.0,28963000.0,2435000.0,-0.15128324017274347,20241000.0,0.6988571625867486,,,,,,,,935050702.5,,,0.0,0.0,0.0,0.0,,0.0,32.28431800918413,-18.59095559289009,0.0,0.0,0.0,0.0,0.0,0.0,0.0,-14.512435046794245,0.6988571625867486,0.11513019000703721,0.0,0.0,0.0,0.7559642578294439,0.1151301900070373,1.3404166084160491,0.0,0.0,0.0,Solar,Technology,NOVA
2018Q1,2018,Q1,2018-03-31,2018-03-31,-14210000.0,19784000.0,-7153000.0,-0.17096666477291908,11527000.0,0.5826425394257986,,,,,,,,935050702.5,,,0.0,0.0,0.0,0.0,,0.0,47.26297525778407,-16.450575343068262,0.0,0.0,0.0,0.0,0.0,0.0,0.0,-11.659422453458358,0.5826425394257986,0.0,0.0,0.0,0.0,0.0,0.0,0.0,0.0,0.0,0.0,Solar,Technology,NOVA
