Quarters,Year,Quarter,FillingDate,Date,NetIncome,Revenue,OperatingIncome,EPSDiluted,GrossProfit,GrossProfitRatio,TotalAssets,CommonStockEquity,CurrentAssets,CurrentLiability,TotalLiability,Inventory,RetainedEarnings,MarketCap,EnterpriseValue,bookValuePerShare,currentRatio,debtToAssets,debtToEquity,roic,shareholdersEquityPerShare,roe,priceToSalesRatio,peRatio,pbRatio,payoutRatio,inventoryTurnover,dividendYield,assetTurnover,quickRatio,returnOnAssets,priceToFreeCashFlowsRatio,grossProfitMargin,epsdilutedGrowth,fiveYNetIncomeGrowthPerShare,fiveYRevenueGrowthPerShare,fiveYShareholdersEquityGrowthPerShare,grossProfitGrowth,netIncomeGrowth,operatingIncomeGrowth,threeYNetIncomeGrowthPerShare,threeYRevenueGrowthPerShare,threeYShareholdersEquityGrowthPerShare,Industry,Sector,Symbol
2023Q1,2023,Q1,2023-02-14,2023-03-31,58595000.0,209159000.0,100379000.0,1.22,113232000.0,0.5413680501,7420337000.0,1968376000.0,509782000.0,436959000.0,5451961000.0,6115000.0,1484498000.0,1384422650.0,6586046650.0,45.65408790444161,1.1666586567618473,0.7202128420852045,2.7150412319597477,0.013389577162458286,45.65408790444161,0.029768194694509587,6.618996313809112,5.90674396279546,0.7033324171804574,0.3043604403106067,15.687162714636141,0.01288190423639775,0.02818726427115103,1.0258880123764471,0.007896541626074395,9.583034416402475,0.5413680501436706,-0.11594202898550719,3.1457320358114105,1.07425451749773,1.2225371966422498,-0.08016246953696182,-0.12313125720186163,1.6611611876988335,16.020475847633367,0.6828817385312935,1.0940540669629337,Rental & Leasing Services,Industrials,TGH
2022Q4,2022,Q4,2022-12-31,2022-12-31,66823000.0,223832000.0,37720000.0,1.38,123100000.0,0.549966046,7613234000.0,1996289000.0,521545000.0,429898000.0,5616945000.0,4848000.0,1443737000.0,1369060490.0,6709161490.0,45.21708305963895,1.2131831271603961,0.7230723500683153,2.757576182606827,0.00488189771244784,45.21708305963895,0.033473610283881745,6.116464535901926,5.121965827634198,0.6858027520063478,0.23833111353875164,20.778052805280527,0.011632794983368484,0.029400383595197522,1.0894607558071914,0.008777216095026108,6.977277656879883,0.5499660459630437,-0.15853658536585366,4.009294890451174,1.2296603996038642,1.2347213968428865,-0.09618208516886931,-0.17875577622652639,-0.6940596307951854,1.993449320996723,0.6224788898223302,1.0437787346015996,Rental & Leasing Services,Industrials,TGH
2022Q3,2022,Q3,2022-09-30,2022-09-30,81368000.0,234441000.0,123292000.0,1.64,136200000.0,0.5809564027,7797035000.0,1990369000.0,541520000.0,453113000.0,5806666000.0,7565000.0,1392840000.0,1232766560.0,6782561560.0,43.36693829527628,1.195110270506474,0.7302066747167353,2.8604982292228227,0.015689719662727388,43.36693829527628,0.0408808617899495,5.258323245507398,3.787627076983581,0.6193658361841448,0.20140595811621276,12.986252478519498,0.013293676622766277,0.030067968144301006,1.10074308174782,0.010435761799196745,-30.667360565202248,0.5809564026770061,0.0061349693251533804,4.451016494645623,1.3074554106570915,1.1741550688466842,-0.002395130633501066,-0.026220993549468042,0.0036223920812067044,8.63753003864846,0.6796988995529658,1.0184309509050917,Rental & Leasing Services,Industrials,TGH
2022Q2,2022,Q2,2022-06-30,2022-06-30,83559000.0,232510000.0,122847000.0,1.63,136527000.0,0.5871876478,7895527000.0,1926802000.0,584606000.0,618522000.0,5968725000.0,4973000.0,1327860000.0,1301591260.0,6788241260.0,40.576211936149605,0.9451660571491394,0.722822301791888,2.9619353727056543,0.01570757379788848,40.576211936149605,0.04336667701196075,5.59800120424928,3.8942282100073,0.6755189479770106,0.2007324166158044,19.30082445204102,0.012886533979953122,0.02944831928255074,0.889235952803619,0.010583080774722194,-69.62615063656789,0.5871876478431035,0.03164556962025305,11.530310796773264,1.330643480837125,1.071256347045645,0.07595615065135669,0.07576537837629065,0.07087938910003835,290.9145843860238,0.5754152236483872,0.9023428445048012,Rental & Leasing Services,Industrials,TGH
2022Q1,2022,Q1,2022-03-31,2022-03-31,77674000.0,222781000.0,114716000.0,1.58,126889000.0,0.5695683205,7779718000.0,1873177000.0,531861000.0,561655000.0,5906541000.0,7292000.0,1261074000.0,1842702210.0,7320653210.0,38.69960539635973,0.9469532008083253,0.7295859567146264,3.0301316960436733,0.014881860660979828,38.69960539635973,0.04146644978023967,8.271361606241106,5.930884884259855,0.9837309608221754,0.21915956433298142,13.150301700493692,0.009238063485038096,0.02863612794191255,0.8868860777523568,0.009984166521202953,-5.715382570693928,0.5695683204582078,0.019354838709677438,12.285809843810695,1.2375828489630767,0.9612581591166637,0.002979954470722145,-0.0023120199347496594,0.0064042952643307074,4.4095107408031895,0.4817289933343994,0.8156837652064327,Rental & Leasing Services,Industrials,TGH
2021Q4,2021,Q4,2021-12-31,2021-12-31,77854000.0,224280000.0,113986000.0,1.55,126512000.0,0.5640806135,7367444000.0,1781254000.0,511628000.0,566166000.0,5586190000.0,12740000.0,1200423000.0,1753111030.0,6887421030.0,36.28325830566476,0.9036713614028394,0.7248809763603226,2.9981799339117274,0.015825789801460047,36.28325830566476,0.043707410621955094,7.816617754592474,5.62948284609654,0.9842004733743756,0.22897988542656766,7.674097331240189,0.010168779783445889,0.030442036614055024,0.8437401751429793,0.01056730122414232,-9.48807181901824,0.5640806135188158,0.2109375,389.8768769832589,1.1546133760874049,0.8239001419184757,-0.02167575300622511,0.13916567900150711,-0.0004472232696405553,6.43149717494499,0.03153420244574894,0.7246388182658353,Rental & Leasing Services,Industrials,TGH
2021Q3,2021,Q3,2021-09-30,2021-09-30,68343000.0,222783000.0,114037000.0,1.28,129315000.0,0.5804527275,7268145000.0,1731854000.0,552646000.0,674358000.0,5536291000.0,18850000.0,1140396000.0,1725042739.9999998,6687225740.0,35.047840692921035,0.8195142639369593,0.7080598969888465,2.9715449454746183,0.016593962717542154,35.047840692921035,0.039462333429954255,7.743152484704846,6.310239307610142,0.9960670703188604,0.038409200649664195,4.958514588859416,0.0015217014275252104,0.03065197516009931,0.7597477897496582,0.00940308703252343,-2.7946957826250367,0.5804527275420477,-0.11724137931034478,2.516640966202605,1.1031414489704192,0.7592202002019593,0.05724657231855976,-0.1012348601412396,0.03663403237975765,40.36339600060435,0.7209327213152769,0.6751758894849786,Rental & Leasing Services,Industrials,TGH
2021Q2,2021,Q2,2021-06-30,2021-06-30,76041000.0,216138000.0,110007000.0,1.45,122313000.0,0.5659023402,6812187000.0,1527184000.0,608265000.0,688833000.0,5285003000.0,1803000.0,1074678000.0,1683603350.0000002,6185665350.0,30.63251429144519,0.8830369625148621,0.7088143646086051,3.161751301742292,0.017334909185366176,30.63251429144519,0.04979164265733533,7.78948333934801,5.535182829000145,1.1024233818583749,0.0,52.03826955074875,0.0,0.03172813664686539,0.8499766997225743,0.011162494511674444,-3.2932211926851362,0.565902340171557,0.1885245901639344,68.36788489899396,0.9230832195605086,0.47621293885321747,0.2387004648430775,0.22547945205479453,0.19441699872965548,3.976774656099398,0.7549822522393447,0.46813364437563937,Rental & Leasing Services,Industrials,TGH
2021Q1,2021,Q1,2021-03-31,2021-03-31,62050000.0,190286000.0,92101000.0,1.22,98743000.0,0.5189188905,6223712000.0,1326704000.0,399994000.0,831146000.0,4897008000.0,5390000.0,1000445000.0,1436797500.0,5588878500.0,26.45471585244267,0.48125600075077063,0.6900103989387684,3.2369134335918184,0.01610805243394052,26.45471585244267,0.04677004064207239,7.550726275185773,5.788869863013698,1.0829827150592748,0.0,16.98385899814471,0.0,0.03057435819652323,0.44671212999882093,0.009969934341434823,-8.09545475034088,0.5189188905121764,0.4022988505747126,19.83061335230252,0.664048712842788,0.26041679365024506,0.20020176973940101,0.4019430637144148,0.2824579480895622,2.7743303373350403,0.6223695175024123,0.2878713102695673,Rental & Leasing Services,Industrials,TGH
2020Q4,2020,Q4,2020-12-31,2020-12-31,44260000.0,178184000.0,71816000.0,0.87,82272000.0,0.4617249585,5741376000.0,1259608000.0,385357000.0,685382000.0,4454658000.0,9375000.0,938395000.0,968916060.0,4953242060.0,24.934338935407883,0.5622514159986693,0.7167870559252695,3.2671624822960794,0.013500018594800132,24.934338935407883,0.03513791592304907,5.437727629865757,5.472865228197017,0.7692203129862624,0.0,10.230613333333332,0.0,0.031035068945144857,0.505761750381539,0.007708953393750905,-2.0131438307067393,0.4617249584698963,1.71875,1.3235104317668884,0.549927495501944,0.178263745714429,0.29305629773991765,1.6109013685700801,0.3272468535733427,1.8996485215108654,0.5512027595579245,0.23230639759745703,Rental & Leasing Services,Industrials,TGH
2020Q3,2020,Q3,2020-09-30,2020-09-30,16952000.0,166480000.0,54109000.0,0.32,63626000.0,0.3821840461,5413351000.0,1222402000.0,399325000.0,614507000.0,4164617000.0,14290000.0,894135000.0,743598240.0,4309721240.0,23.277640248314736,0.6498298636142469,0.6874279905367304,3.0442432194973503,0.011041259151046706,23.277640248314736,0.013867778357692477,4.466592023065834,10.966231713072204,0.6083090832639344,0.0,7.197620713785864,0.0,0.03075359421548686,0.5548057223107304,0.003131516873744193,-6.729456737165042,0.38218404613166745,0.06666666666666674,0.8605830709395934,0.3326996064645991,0.10295070423762502,0.10085298544907174,0.0602289073738195,0.098325383132041,-0.00746795889227184,0.43206112851289086,0.16699959752924617,Rental & Leasing Services,Industrials,TGH
2020Q2,2020,Q2,2020-08-13,2020-06-30,15989000.0,158441000.0,49265000.0,0.3,57797000.0,0.36478563,5163212000.0,1230474000.0,430033000.0,425705000.0,3906900000.0,9140000.0,877183000.0,439388700.0,3897533700.0,22.907456017872104,1.0101666647091296,0.7065355828891008,2.96470547122491,0.009474099920704054,22.907456017872104,0.012994179478802478,2.7732007498059215,6.8701716805303645,0.35708897546799034,0.0,11.011378555798688,0.0,0.030686518392039685,0.8419046053017935,0.0030967157653026835,6.955874810030395,0.3647856299821385,4.314917127071823,-0.5786530818088413,0.21645816453340094,0.0713809642857105,-0.029339647991401315,4.130187940485513,0.012287587071321429,2.781309016123907,0.4040151407211623,0.1693357119276955,Rental & Leasing Services,Industrials,TGH
2020Q1,2020,Q1,2020-04-27,2020-03-31,-5108000.0,162741000.0,48667000.0,-0.0905,59544000.0,0.3658819843,5053806000.0,1230819000.0,384669000.0,287743000.0,3797457000.0,12894000.0,861194000.0,464060100.00000006,4000541100.0,21.80177132229209,1.3368492022394984,0.7252247118310438,2.9778098973122775,0.008546488175690623,21.80177132229209,-0.004150082181051804,2.851525429977695,-22.712416797180893,0.3770335849544085,0.0,8.003489995346673,0.0,0.032201671374010005,1.0791087880504477,-0.001010723403312276,7.428170569686105,0.3658819842571939,-1.181,-1.1460275187624134,0.1800732846897784,0.03272073018584447,0.01444732179364863,-1.1774720311305678,-0.2463958872079159,0.36367671668138646,0.40141842785438153,0.10489245177324633,Rental & Leasing Services,Industrials,TGH
2019Q4,2019,Q4,2020-02-11,2019-12-31,28782000.0,177873000.0,64579000.0,0.5,58696000.0,0.32998825,5202617000.0,1259379000.0,421333000.0,299845000.0,3916972000.0,11330000.0,866458000.0,609645330.0,4226822330.0,22.124255573318344,1.405169337491037,0.7299651310100282,3.015556873665513,0.012564195113825852,22.124255573318344,0.02285412095961581,3.4274191698571452,5.29536976235147,0.4840840842986901,0.0,10.518711385701677,0.0,0.03418913981175243,1.314822658373493,0.005532215806006861,6.892853605589852,0.3299882500435704,1.777777777777778,-0.3225270314604753,0.23599677503127559,0.05402098549112065,-0.06281334823566981,1.7209302325581395,0.20737749359657487,123.62690484246836,0.473739166568538,0.11215019720860875,Rental & Leasing Services,Industrials,TGH
2019Q3,2019,Q3,2019-10-31,2019-09-30,10578000.0,174871000.0,53487000.0,0.18,62630000.0,0.3581497218,5132293000.0,1235479000.0,414137000.0,339725000.0,3870955000.0,26549000.0,837676000.0,569854730.0,4154825730.0,21.48547032328748,1.2190359849878578,0.7303476243464666,3.033930969283978,0.009541344351518545,21.48547032328748,0.008561861431881885,3.2587148812553255,13.467922338816411,0.46124193936117086,0.0,4.227692191796301,0.0,0.03407268447066448,1.1233909779969093,0.0020610670513160493,-2.065993524903381,0.3581497217949231,30.50819672131147,-0.8078387609969268,0.19321782785681726,0.037775098244827,-0.10973702914001421,31.30945558739255,0.1648373186985496,1.201721326076451,0.418612349610068,0.07845940452478242,Rental & Leasing Services,Industrials,TGH
2019Q2,2019,Q2,2019-08-06,2019-06-30,-349000.0,178710000.0,45918000.0,-0.0061,70350000.0,0.3936545241,5173648000.0,1226452000.0,401134000.0,571495000.0,3921320000.0,27149000.0,827098000.0,599725000.0,3938385000.0,21.3296,0.7019029037874347,0.6740820017132978,2.8435381082993874,0.0059641943614082765,21.3296,-0.00028456066768206177,3.355855855855856,-429.6024355300859,0.48899182356912463,0.0,3.9913072304688937,0.0,0.03454235773288016,0.6496119826070219,-6.745723713712259e-05,-5.411801331913588,0.3936545240893067,-1.0203333333333333,-1.0104221198763597,0.26235568579965185,0.05715920037491158,-0.0053584809625471875,-1.0204692082111437,-0.21775127768313457,0.7319156908665105,0.37865842950326145,0.027895758114672247,Rental & Leasing Services,Industrials,TGH
2019Q1,2019,Q1,2019-04-22,2019-03-31,17050000.0,178532000.0,58700000.0,0.3,70729000.0,0.3961698743,4823718000.0,1225026000.0,376437000.0,322352000.0,3569409000.0,33801000.0,826784000.0,563255000.0,3816639000.0,21.314066985645933,1.1677824241822603,0.7018206702796473,2.7635209375147958,0.01246111248399804,21.314066985645933,0.013918071942962844,3.1549246073533035,8.258870967741936,0.4597902411867177,0.0,3.189343510547025,0.0,0.03701128465635844,1.0469145530351913,0.003534617902622002,-46.070260101423194,0.39616987430824724,0.42857142857142855,-0.7182740723824484,0.29908105604296586,0.0643749474184624,0.02191816448014795,0.39286006045257743,0.041999502964461956,5.514805246294987,0.3622826523098233,0.015494103944944573,Rental & Leasing Services,Industrials,TGH
2018Q4,2018,Q4,2019-02-22,2018-12-31,12241000.0,254050000.0,56334000.0,0.21,69212000.0,0.2724345601,4744296000.0,1206813000.0,373877000.0,268114000.0,3508305000.0,40852000.0,809734000.0,571335480.0,3843864480.0,21.038177919564877,1.39447026264947,0.7187213866925672,2.8254808325730663,0.011515316037122546,21.038177919564877,0.010143245059507977,2.2489095847274156,11.66848051629769,0.4734250293956065,0.0,4.524576520121414,0.0,0.05354851383640481,1.25903906547215,0.0025801509855202963,-2.2636381573473536,0.27243456012595946,6.0,-0.73574486254598,0.8166053562010297,0.08082380735643087,0.02404308520869398,5.398849973863042,0.5161481321993756,-0.43407899926940696,0.946110847094357,-0.005848024175516132,Rental & Leasing Services,Industrials,TGH
2018Q3,2018,Q3,2018-11-02,2018-09-30,1913000.0,149884000.0,37156000.0,0.03,67587000.0,0.4509287182,4757581000.0,1196983000.0,356292000.0,479680000.0,3501529000.0,12197000.0,801738000.0,718582720.0,3763242720.0,20.921887016709782,0.74277018012008,0.6724492972373985,2.6727463965653646,0.009273520264338505,20.921887016709782,0.001598184769541422,4.794259026980865,93.90783063251439,0.6003282586302395,0.0,6.74731491350332,0.0,0.03150424553990778,0.7339372081387592,0.00040209509832833115,-34.88773704908482,0.4509287182087481,-0.9000000000000001,-0.9530581117251964,0.1120101219678879,0.09518180046404418,0.012569665008689399,-0.8907231806237861,-0.2892884468247896,-0.807278103261508,0.10131979907002563,-0.00867056226926913,Rental & Leasing Services,Industrials,TGH
2018Q2,2018,Q2,2018-08-07,2018-06-30,17506000.0,141106000.0,52280000.0,0.3,66748000.0,0.4730344564,4599872000.0,1191826000.0,358497000.0,624172000.0,3349592000.0,13070000.0,799825000.0,908223900.0,3991158900.0,20.86493583795802,0.5743561069705145,0.7035139238657075,2.7152235309516657,0.01125001403379421,20.86493583795802,0.014688385720734403,6.436465494025768,12.970180223923228,0.7620440399857027,0.0,5.689211935730681,0.0,0.0306760709863231,0.5878379677396615,0.0038057580732681257,-6.459813223704799,0.4730344563661361,-0.09090909090909098,-0.6465477136472487,0.06884635277078341,0.10795002646220361,0.08699475621274794,-0.06475050753285608,0.07448207826372903,-0.5661843436963078,0.018766983728432027,-0.024147637328631927,Rental & Leasing Services,Industrials,TGH
2018Q1,2018,Q1,2018-04-23,2018-03-31,18718000.0,133541000.0,48656000.0,0.33,61406000.0,0.4598288166,4602971000.0,1172895000.0,388183000.0,426820000.0,3370825000.0,9445000.0,782319000.0,939278550.0,3928736550.0,20.541428046025324,0.9094770629305093,0.6887167005831668,2.7028361447529403,0.010901432967079187,20.541428046025324,0.015958802791383713,7.033634239671711,12.545124345549738,0.8008206616960597,0.0,7.637374272101641,0.0,0.02901191426146287,0.9300313949674336,0.004066504003609843,-4.982355016152047,0.4598288166181173,0.10000000000000009,-0.6186437757673265,0.020985379479268842,0.1159809116347786,0.04288310320816562,0.08756028121550172,0.0738468329287133,-0.4709250863987976,-0.042584328885164544,-0.026980044091160244,Rental & Leasing Services,Industrials,TGH
2017Q4,2017,Q4,2018-01-02,2017-12-31,17211000.0,129521000.0,45310000.0,0.3,58881000.0,0.4546058168,4380342000.0,1152542000.0,335292000.0,396366000.0,3170060000.0,10752000.0,763601000.0,1267382250.0,4119796250.0,20.23387932093889,0.8459151390381617,0.6826654174491398,2.5945327805841347,0.010271950055308851,20.23387932093889,0.014933078360701823,9.785148740358707,18.409480128987276,1.0996408373838003,0.0,6.569940476190476,0.0,0.02956869577763563,0.8758748227648184,0.00392914525852091,-6.745449392453975,0.4546058168173501,-0.06250000000000006,-0.7218893262571147,-0.0051464779165382585,0.1196983768587349,0.005309885606966024,-0.06871922515015422,0.006777024775024997,-0.5951563958564197,-0.10059008280677502,-0.03603837193579935,Rental & Leasing Services,Industrials,TGH
2017Q3,2017,Q3,2017-11-09,2017-09-30,18481000.0,125791000.0,45005000.0,0.32,58570000.0,0.4656135972,4196733000.0,1133424000.0,313998000.0,370643000.0,3004198000.0,2367000.0,746390000.0,974514449.9999999,3670336450.0,19.946570930785068,0.8471709974287926,0.672234330847352,2.489084402659552,0.01496381789457935,19.946570930785068,0.016305460269060826,7.747092001812529,13.182653130241869,0.8597969074238767,0.0,28.399239543726235,0.0,0.029973553237720864,0.90850764752066,0.004403663516359035,21.0956694447451,0.4656135971571893,2.88235294117647,-0.6767522637748842,-0.08869569390461314,0.035508126886965655,0.32850953795903554,2.94700800674252,0.6538659414963987,-0.6602542452448728,-0.13140394257615187,-0.03655566781301995,Rental & Leasing Services,Industrials,TGH
2017Q2,2017,Q2,2017-08-01,2017-06-30,-9492000.0,119336000.0,27212000.0,-0.17,44087000.0,0.3694358785,4163311000.0,1112779000.0,343376000.0,306804000.0,2992913000.0,3165000.0,727909000.0,823643500.0,3615100500.0,19.59014488671373,1.1192031394636315,0.7038109812118287,2.633212884139618,0.013521242822267838,19.59014488671373,-0.00852999562356946,6.901886270697862,-21.693096818373366,0.7401680836895735,0.0,23.775355450236965,0.0,0.028663724617257753,1.1440789559458155,-0.0022799161532732,15.045090875879076,0.36943587852785414,-0.21428571428571425,-1.1807248804365955,-0.13256398170262818,0.2904457180650364,0.25037579057829207,-0.1754798761609907,0.3579519936124557,-1.2869359329168129,-0.14670159489449056,-0.029053432616319534,Rental & Leasing Services,Industrials,TGH
2017Q1,2017,Q1,2017-04-17,2017-03-31,-8075000.0,116815000.0,20039000.0,-0.14,35259000.0,0.3018362368,4219542000.0,1120582000.0,340094000.0,223918000.0,3041202000.0,3673000.0,737263000.0,868887000.0,3751471000.0,19.73203028702236,1.5188327870023848,0.7054324853266065,2.6563000298059403,0.005177527613691358,19.73203028702236,-0.007206076842212351,7.438145786071995,-26.900526315789477,0.7753890389101379,0.0,22.20419275796352,0.0,0.027684284218524192,1.56859653980475,-0.0019137148060144916,22.988253035955236,0.3018362367846595,-35.146341463414636,-1.1408087912706686,-0.13487249910819393,0.3466326395313016,0.03870967741935484,-36.108695652173914,-0.16549369091741972,-1.135036780922343,-0.13974757791768552,-0.014628286879598119,Rental & Leasing Services,Industrials,TGH
2016Q4,2016,Q4,2017-02-16,2016-12-31,230000.0,120201000.0,24013000.0,0.0041,33945000.0,0.2824019767,4295979000.0,1127747000.0,313818000.0,257249000.0,3109241000.0,4363000.0,746057000.0,422340500.0,3376592500.0,19.893226318574705,1.2198997858106349,0.7072420512297662,2.694129977734368,-0.0015343931886069944,19.893226318574705,0.000203946452528803,3.5136188550844003,459.0657608695652,0.37449933362713445,0.004347826086956522,19.769883107953245,2.3677577689092095e-06,0.02797988537653466,1.3034414127946075,5.353843675679048e-05,-7.019004171444716,0.2824019766890459,1.0045054945054945,-0.9963487174946284,-0.0997528746631646,0.43782166099597375,0.03629869336915374,1.0044567597418954,0.02650365493951182,-0.9949758826293059,-0.1302891840993157,0.022002603668909555,Rental & Leasing Services,Industrials,TGH
2016Q3,2016,Q3,2016-11-08,2016-09-30,-51607000.0,121314000.0,23393000.0,-0.91,32756000.0,0.2700100565,4369782000.0,1127427000.0,319521000.0,266775000.0,3183940000.0,4002000.0,746403000.0,423866590.0,3339456590.0,19.922372815465355,1.1977171773966826,0.6881759776574666,2.667293758265502,0.005330428968926011,19.922372815465355,-0.045774138813422065,3.4939626918574938,-2.0533386459201273,0.375959232837248,-0.032883136008680994,22.128435782108944,0.004003618213929057,0.02776202565711516,1.252703589166901,-0.011809971298339368,-5.25608657912032,0.27001005654747184,-39.26548672566372,-1.9739725197403974,-0.042198009852468604,0.5124802522986266,-0.431635202665186,-39.286494925839186,-0.5152312665782494,-2.2802475714396877,-0.0900780324285043,0.042861005421322484,Rental & Leasing Services,Industrials,TGH
2016Q2,2016,Q2,2016-08-11,2016-06-30,-1281000.0,127552000.0,48256000.0,-0.0226,57632000.0,0.4518314099,4364960000.0,1174077000.0,373628000.0,213079000.0,3126778000.0,5012000.0,794606000.0,630301200.0,3520573200.0,20.750742311770942,1.7534717170626857,0.6861519922290239,2.5509621600627557,0.030634617574345813,20.750742311770942,-0.0010910698361351087,4.94152345709985,-123.0096018735363,0.5368482646368169,-10.598750975800156,13.950518754988028,0.021540495242591953,0.02922180271984165,1.9816453052623675,-0.0002934734797111543,-139.75636363636363,0.4518314099347717,0.6560121765601218,-1.0214151353127863,0.04256089310303451,0.6352130023823171,-0.025959978366684695,0.655367231638418,0.00018654009575724915,-1.0261111415847202,-0.024583876348229193,0.10188623018008833,Rental & Leasing Services,Industrials,TGH
2016Q1,2016,Q1,2016-04-15,2016-03-31,-3717000.0,128990000.0,48247000.0,-0.0657,59168000.0,0.458702225,4372808000.0,1187340000.0,373870000.0,135611000.0,3121538000.0,5282000.0,809640000.0,839498800.0,3763773800.0,20.98886335513523,2.7569297475868475,0.6951873944614079,2.5602784375157914,0.011475044058377393,20.98886335513523,-0.0031305270604881498,6.5082471509419335,-56.46346516007532,0.7070416224501828,-3.6268496099004572,13.218856493752366,0.016058391030457697,0.029498208016450755,3.063534669016525,-0.0008500258872559691,-11.32697564595561,0.4587022249786805,-1.1728947368421052,-1.08597106536182,0.2165714107328969,0.6555328650778074,-0.2763828928540854,-1.173448436770882,0.27644319805280704,-1.0764374659244398,-0.004587098503233794,0.1402893123476823,Rental & Leasing Services,Industrials,TGH
2015Q4,2015,Q4,2016-02-11,2015-12-31,21430000.0,129334000.0,37798000.0,0.38,81767000.0,0.6322158133,4386254000.0,1202675000.0,368430000.0,162336000.0,3119327000.0,4831000.0,826515000.0,801899520.0,3709853520.0,21.161933417792792,2.2695520402128917,0.6893235093088544,2.5140191656099944,0.008100135668317101,21.161933417792792,0.01781861267590995,6.200222060711027,9.354870741950537,0.6667632735360758,0.6401773215118992,9.846201614572552,0.01710812845978509,0.029486208505025018,2.4105866844076482,0.004885717972556993,118.2917126419826,0.6322158133205499,1.2352941176470587,-0.5418250426525859,0.3038440117287578,0.7636092225994245,0.45770416986076695,1.1666161156607016,-0.18249848602820312,-0.6529289505613657,-0.004327922892925444,0.17105484930784484,Rental & Leasing Services,Industrials,TGH
2015Q3,2015,Q3,2015-11-03,2015-09-30,9891000.0,135612000.0,46236000.0,0.17,56093000.0,0.4136285874,4409293000.0,1203168000.0,348127000.0,155566000.0,3143825000.0,5834000.0,818804000.0,940078409.9999999,3893647410.0,21.104878177129926,2.237809032822082,0.6912180705614256,2.533131698981356,0.009375222057854612,21.104878177129926,0.008220797095667438,6.932118175382708,23.76095465574765,0.7813359480970238,2.709129511677282,13.630270826191293,0.028504005320151966,0.030755951124137135,2.3978954270213286,0.0022432167696725984,40.63973759294483,0.41362858744063946,-0.7571428571428571,-0.7274808747152915,0.5227279282200136,0.8342085176674925,-0.2515943962641761,-0.7543280097364695,-0.26421489839112655,-0.8275627998394365,-0.0207519634018269,0.09564059633167511,Rental & Leasing Services,Industrials,TGH
2015Q2,2015,Q2,2015-08-04,2015-06-30,40261000.0,138189000.0,62839000.0,0.7,74950000.0,0.5423731267,4470396000.0,1218517000.0,341230000.0,152479000.0,3186841000.0,6834000.0,835709000.0,1482309900.0,4493171900.0,21.3812423232146,2.2378819378406205,0.6942463262762404,2.5469944202666026,0.014156226638956222,21.3812423232146,0.03304098342493375,10.726685192019625,9.204378306549764,1.2164868442541221,0.6652591838255384,9.253585016095991,0.01806909607768254,0.03091202658556423,2.4672315531974895,0.009006137263902347,-15.97678246154841,0.5423731266598644,0.12903225806451607,0.3541205786650883,0.5639601297985556,0.9315732417726168,-0.043089690392594956,0.14037671717886985,-0.04908978103294342,-0.23595772257774197,0.001179768285363728,0.4084292261470706,Rental & Leasing Services,Industrials,TGH
2015Q1,2015,Q1,2015-04-15,2015-03-31,35305000.0,139190000.0,66083000.0,0.62,78325000.0,0.562720023,4453422000.0,1202905000.0,336064000.0,200845000.0,3187774000.0,5693000.0,822231000.0,1708830200.0,4663037200.0,21.111003861003862,1.6732505165675022,0.6859976440588833,2.5397159376675633,0.014911603279513441,21.111003861003862,0.02934978240176905,12.276960988576766,12.10048293442855,1.420586164327191,0.7585327857244016,10.6911997189531,0.01567153951281994,0.031254617235914314,1.8688043018247902,0.00792761162090635,-16.99347839058056,0.5627200229901573,-0.16216216216216217,0.22611886737882023,0.69324294422923,0.9619974176087966,-0.02080286039330408,-0.1673938164752494,-0.029874629319709915,-0.3864176208646255,0.027398584412582597,0.4407421050431166,Rental & Leasing Services,Industrials,TGH
2014Q4,2014,Q4,2014-12-31,2014-12-31,42403000.0,143635000.0,68118000.0,0.74,79989000.0,0.55689073,4358977000.0,1192545000.0,339515000.0,183789000.0,3106612000.0,6673000.0,813707000.0,1949856480.0,4838766480.0,20.990336888795014,1.8473085984471322,0.6873119541580514,2.512254883463517,0.016032728184487983,20.990336888795014,0.035556729515448054,13.575079054547986,11.495981888073958,1.6350380740349422,0.630238426526425,9.537839052899745,0.01370562411855051,0.03295153885877351,2.0509334073312333,0.009727741164956824,-8.78214831663101,0.5568907299752845,-0.22105263157894733,0.4125361140468828,0.8026731378102835,1.0123852452523554,0.0010763050198365517,-0.2190544597307402,-0.07479796264855687,-0.328315580869739,0.07340850316220161,0.5171174633514473,Rental & Leasing Services,Industrials,TGH
2014Q3,2014,Q3,2014-10-31,2014-09-30,54297000.0,144556000.0,73625000.0,0.95,79903000.0,0.5527477241,4213064000.0,1174276000.0,319270000.0,366081000.0,2982050000.0,6556000.0,798028000.0,1765095280.0,4446384280.0,20.70339745058975,0.8721293921290644,0.6570541059903197,2.357376800683996,0.01840678761095914,20.70339745058975,0.046238703677840644,12.210460167685879,8.127038694587178,1.5031349359094455,0.49085584838941376,9.861653447223917,0.015099468171485905,0.034311370536977366,0.9643221035781698,0.012887770040996291,-16.745840140410795,0.5527477240654141,0.6379310344827587,2.38602697091994,1.1715726296331384,1.039045996695709,0.049546176984408455,0.644715718050465,0.12450933972782674,0.022427984245630993,0.13872731364137378,0.5717746118674516,Rental & Leasing Services,Industrials,TGH
2014Q2,2014,Q2,2014-07-02,2014-06-30,33013000.0,139567000.0,65473000.0,0.58,76131000.0,0.5454799487,4024250000.0,1143736000.0,330553000.0,185718000.0,2828178000.0,8453000.0,770383000.0,2189251940.0,4780148940.0,20.17633672623353,1.7798651719273306,0.669273777722557,2.354848496506187,0.016677006589213558,20.17633672623353,0.02886417844677443,15.686028502439688,16.578710962348165,1.9141234865388514,0.807136582558386,7.5045545960014195,0.012171280752639188,0.03468149344598372,1.873733294564878,0.008203516183139716,-86.26913898411948,0.5454799486984746,-0.4476190476190477,-0.10327115941138935,1.16008340121067,1.001250245849891,0.005959302325581396,-0.4465456252409931,0.017609574137395088,-0.4491464478017689,0.1386136092352234,0.5899483333888134,Rental & Leasing Services,Industrials,TGH
2014Q1,2014,Q1,2014-04-16,2014-03-31,59649000.0,135452000.0,64340000.0,1.05,75680000.0,0.5587219089,3996265000.0,1134374000.0,314582000.0,244859000.0,2810646000.0,12709000.0,764016000.0,2167918960.0,4786620960.0,20.024961163677446,1.2847475485891882,0.6779372739295317,2.388292573701442,0.025097394520122825,20.024961163677446,0.05258318685019227,16.005071612083984,9.086149642072794,1.911114817511685,0.4463779778370132,4.7031237705562985,0.012281824409155958,0.033894649128623854,1.317709375599835,0.014926187327416976,-21.081118274550988,0.5587219088680861,0.3125,1.4050117090615122,0.9167543774795575,1.0767370414873074,-0.0533965402944377,0.3096717532111099,-0.06219481977057734,0.3777312589135383,0.2757588300038301,0.5795034141409869,Rental & Leasing Services,Industrials,TGH
2013Q4,2013,Q4,2013-12-31,2013-12-31,45545000.0,137501000.0,68607000.0,0.8,79949000.0,0.5814430441,3908983000.0,1097823000.0,342532000.0,215170000.0,2763489000.0,13009000.0,730993000.0,2268408000.0,4815469000.0,19.46494680851064,1.5919133708230702,0.6823473010754971,2.4296120595032167,0.018589632648115084,19.46494680851064,0.04148665130899972,16.497392746234574,12.451465583488856,2.066278443792852,0.582039740915578,4.424014144054117,0.011686169331090351,0.03517564543002617,1.5885671794395129,0.01165136814358108,-20.935736633718193,0.5814430440505888,0.1267605633802818,1.9835770985133652,0.7759663074594212,1.067719561933317,0.049915953143877714,0.13536083759192322,0.06670087224217547,-0.018786038107351435,0.39679483245097313,0.6221844682694921,Rental & Leasing Services,Industrials,TGH
2013Q3,2013,Q3,2013-11-05,2013-09-30,40115000.0,132678000.0,64317000.0,0.71,76148000.0,0.5739308702,3897174000.0,1075856000.0,353103000.0,304954000.0,2775506000.0,15982000.0,711957000.0,2132724789.9999998,4582455790.0,19.103574409148216,1.1578893865960111,0.663731462849747,2.4042966716735323,0.017150649708434083,19.103574409148216,0.03728658853973022,16.07444180647884,13.29131739997507,1.9823515321753093,0.660127134488346,3.5371042422725565,0.012416510617856138,0.0340446692911325,1.1582763302006205,0.010293356160130392,-21.01455137553208,0.5739308702271665,-0.17441860465116282,0.3807313157082031,0.6096631300140851,1.0334129915358852,-0.09780458040590974,-0.17822390658609033,-0.10746450923523126,0.11883873130375286,0.5080891646721987,0.6602767665877856,Rental & Leasing Services,Industrials,TGH
2013Q2,2013,Q2,2013-08-06,2013-06-30,48815000.0,130115000.0,72061000.0,0.86,84403000.0,0.6486800138,3642430000.0,1060205000.0,307962000.0,185901000.0,2538250000.0,19059000.0,698323000.0,2138761020.0,4485209020.0,18.832018899428043,1.6565914115577647,0.669663658601538,2.3006899609037874,0.01972333412331014,18.832018899428043,0.04604298225343212,16.437467009952734,10.953400696507222,2.017308935536052,0.5304926764314247,2.3984469279605434,0.012107944626744693,0.03572203172058214,1.6445688834379588,0.013401767501365847,-28.642074941075638,0.6486800138339162,0.011764705882352951,0.35830246016435896,0.5806439463738707,1.0713149691953903,-0.002906118205767345,0.009951586874663798,-0.052701459182332065,0.6620028508222952,0.49068286566730773,0.7012773741026702,Rental & Leasing Services,Industrials,TGH
2013Q1,2013,Q1,2013-04-04,2013-03-31,48334000.0,128801000.0,76070000.0,0.85,84649000.0,0.6572076304,3596423000.0,1034967000.0,278663000.0,226533000.0,2520369000.0,5370000.0,675404000.0,2221568280.0,4523922280.0,18.40661236394679,1.2301209978237166,0.6615809653091419,2.2989380337730574,0.02041860786976985,18.40661236394679,0.0467010059257928,17.248067018113215,11.49071192121488,2.1465112220969362,0.5237100177928581,8.2219739292365,0.011394203017698832,0.03581364038657299,1.283976286015724,0.013439464712576914,-13.523224534021598,0.6572076303755405,-0.2056074766355141,1.356420945484857,0.5096333834066672,1.1265596605881507,8.16610720086627,-0.20205372030442606,0.0660481802766372,0.7010571549697922,0.5878164001099738,0.7106588660001544,Rental & Leasing Services,Industrials,TGH
2012Q4,2012,Q4,2013-01-02,2012-12-31,60573000.0,127430000.0,71357000.0,1.07,9235000.0,0.0724711606,3476080000.0,1007503000.0,281210000.0,252887000.0,2429947000.0,7296000.0,652383000.0,1753989380.0,3915564380.0,18.07083026922318,1.1119986397086445,0.6506472808450898,2.2448588242417142,0.021692790029909426,18.07083026922318,0.06012190534420245,13.764336341520835,7.239155151635217,1.7409272031944323,0.40496590890330675,16.199972587719298,0.01398526141589295,0.03665911026213436,1.1274284561879417,0.017425663390946124,-7.038395926212766,0.07247116063721258,0.08080808080808088,2.437954202203815,0.4693097289294331,1.1287498514445593,-0.9136665762978059,0.19572426862489636,0.021355471266013025,1.0562181368212828,0.629729464302362,0.7324863529301838,Rental & Leasing Services,Industrials,TGH
2012Q3,2012,Q3,2012-10-02,2012-09-30,50658000.0,122305000.0,69865000.0,0.99,106969000.0,0.8746085606,3126754000.0,969833000.0,277904000.0,326179000.0,2152666000.0,12054000.0,616340000.0,1539641840.0,3121722840.0,19.26259235719393,0.8519984425729431,0.5423090527748585,1.7484113244238957,0.026918564383389132,19.26259235719393,0.05223373508634992,12.588543722660562,7.598216668640688,1.5875329463938634,0.4113664179399108,1.2722747635639622,0.013534966028203027,0.0391156451706786,0.7370707494964421,0.01620146644091604,-4.226731345209368,0.8746085605657986,0.08791208791208786,1.0115327100696605,0.4358615375180803,1.8655691118874773,0.04100003892716727,0.10585256172367875,0.008953715069680122,2.5588440689195124,1.0698019441943145,0.8971433034436,Rental & Leasing Services,Industrials,TGH
2012Q2,2012,Q2,2012-08-02,2012-06-30,45809000.0,119990000.0,69245000.0,0.91,102756000.0,0.8563713643,2774054000.0,752108000.0,246044000.0,519123000.0,2017393000.0,15081000.0,586521000.0,1828136700.0,3451109700.0,15.180913549845588,0.4739608917347141,0.6146690006755456,2.267127859296803,0.025821240278039313,15.180913549845588,0.060907476053970976,15.235742145178765,9.97695158156694,2.4306837581836653,0.4325787509004781,1.1427624162853922,0.0108394519950286,0.04325438509848763,0.3878213833715709,0.016513377172902906,-11.801511229318237,0.8563713642803567,-0.08080808080808077,1.1368043862065154,0.636303419261599,1.3515492027868785,0.012843385607128424,-0.0821679022240032,0.0186084142394822,0.42373161806006,1.1248780109060101,0.5057642715861753,Rental & Leasing Services,Industrials,TGH
2012Q1,2012,Q1,2012-04-18,2012-03-31,49910000.0,117515000.0,67980000.0,0.99,101453000.0,0.8633195762,2446863000.0,724218000.0,218863000.0,260625000.0,1720502000.0,8716000.0,560528000.0,1675507500.0,3167147500.0,14.652867981790592,0.8397621103117506,0.6408474851268747,2.1651850685843215,0.028325711243760137,14.652867981790592,0.06891571322447108,14.257818150874357,8.392644259667401,2.313540259976968,0.36641955519935887,1.8428178063331804,0.0109149019028563,0.048026800029261955,0.7131817745803357,0.02039754575552452,-31.860417577820456,0.8633195762243118,-0.09174311926605512,1.3336576671221965,0.6063778702196858,0.0,5.562714276473252,-0.09120705038329176,0.017086088751907598,1.3064258725716356,0.9059532774809812,0.5196111219932873,Rental & Leasing Services,Industrials,TGH
2011Q4,2011,Q4,2012-02-14,2011-12-31,54919000.0,116409000.0,66838000.0,1.09,15459000.0,0.1327990104,2310204000.0,683828000.0,219807000.0,201209000.0,1625278000.0,12970000.0,528906000.0,1439256000.0,2873631000.0,13.835670207384927,1.0924312530751608,0.6532717456986482,2.206974560854484,0.032272198114417436,13.835670207384927,0.08031113086916593,12.36378630518259,6.551721626395237,2.10470469182309,0.3118774923068519,7.783346183500385,0.011900593084204616,0.050389056550850055,1.0506190080960593,0.02377235949725652,-176.465914664051,0.13279901038579492,0.18478260869565222,2.0400091255551134,0.3647989196244544,1.2072255794303854,-0.8405532520576768,0.19910480349344978,0.0034982358681780647,3.105363390916324,0.7157256744304977,0.46973357912077285,Rental & Leasing Services,Industrials,TGH
2011Q3,2011,Q3,2011-10-04,2011-09-30,45800000.0,109481000.0,66605000.0,0.92,96954000.0,0.8855783195,2271612000.0,644321000.0,204864000.0,179027000.0,1626837000.0,0.0,491115000.0,992016480.0,2428629480.0,13.17198871534876,1.1443190133331844,0.6647094662292681,2.343493382956632,0.030167679352937224,13.17198871534876,0.07108258150828546,9.061083475671579,5.41493711790393,1.5396308361825861,0.3525764192139738,0.0,0.01627795538235413,0.0481952903929016,0.98286850586783,0.020161893844547397,-5.797807623522811,0.8855783195257625,-0.10679611650485435,1.5411167123856435,0.5795979422880017,0.0,0.005778188117887486,-0.11406851461400082,-0.1805991265301101,0.8149155935295888,0.5291969086054039,0.4020461513908111,Rental & Leasing Services,Industrials,TGH
2011Q2,2011,Q2,2011-08-09,2011-06-30,51697000.0,105736000.0,81285000.0,1.03,96397000.0,0.9116762503,2203022000.0,620525000.0,198230000.0,283246000.0,1582497000.0,0.0,461463000.0,1503155260.0,2768769260.0,12.68993230945418,0.6998510129004469,0.6095154746525454,2.1639353773014784,0.03900258040700653,12.68993230945418,0.08331171185689537,14.216116176136794,7.269064259047914,2.4223927480762257,0.2932085033947811,0.0,0.010084121316915726,0.047995889282993996,0.6351369480945892,0.02346640206044243,-4.355557789934862,0.9116762502837255,0.37333333333333335,1.8692965395085783,0.5260952453286023,0.0,0.16031921808421,0.39007797795106214,0.5214787084698175,0.6561570746204517,0.47884464230835716,0.3957529934003509,Rental & Leasing Services,Industrials,TGH
2011Q1,2011,Q1,2011-04-19,2011-03-31,37190000.0,91202000.0,53425000.0,0.75,83078000.0,0.9109230061,1919713000.0,616912000.0,191763000.0,214996000.0,1210493000.0,0.0,424924000.0,1808205599.9999998,2721125600.0,12.678010686395396,0.8919375244190589,0.5224166320694812,1.6256613585081827,0.031084522749017133,12.678010686395396,0.06028412480224084,19.826381000416657,12.155186878193062,2.931059211038203,0.37953751008335573,0.0,0.007806081343847183,0.04750814314431376,0.8303038196059461,0.01937268747984725,-21.03078193512369,0.9109230060744282,-0.06250000000000006,1.0742645471485854,0.3227902880933559,0.0,3.0900945254037024,-0.07134117412040852,0.04719995295685752,1.095110081119529,0.23519962175334755,0.4647206976011418,Rental & Leasing Services,Industrials,TGH
2010Q4,2010,Q4,2010-12-31,2010-12-31,40047000.0,84931000.0,51017000.0,0.8,20312000.0,0.2391588466,1747207000.0,583882000.0,153494000.0,192915000.0,1076640000.0,404000.0,401849000.0,1386323400.0,2218439400.0,11.999219071105632,0.795656117979421,0.5089248154340041,1.5229053130598307,0.033677086896441895,11.999219071105632,0.06858748856789557,16.322937443336354,8.654352385946513,2.3743211813345844,0.3252428396633955,159.9480198019802,0.009395354648129,0.0486095808911022,0.8232952336521265,0.02292058124767128,-7.166350821146659,0.23915884659311676,0.29032258064516137,0.9959947122743446,0.20970153370083014,1.165918286603418,-0.7079511143062545,0.3058236598408765,0.1276718021263898,1.6042767151415447,0.12202890572552856,0.41351202100382967,Rental & Leasing Services,Industrials,TGH
2010Q3,2010,Q3,2010-11-04,2010-09-30,30668000.0,75252000.0,45241000.0,0.62,69550000.0,0.9242279275,1573729000.0,554268000.0,144725000.0,230814000.0,937617000.0,0.0,374827000.0,1288092540.0,1934623540.0,11.506258952481783,0.627020024781859,0.45084191750930436,1.280072095087575,0.035850980284401486,11.506258952481783,0.0553306342780027,17.117053898899698,10.500297867484022,2.3239525644634003,0.392526411895135,0.0,0.009345601830750453,0.047817635692041005,0.5768757527706292,0.019487472112415798,-22.459809593555473,0.9242279274969436,0.2156862745098039,0.5422706338741272,0.08121812179044739,0.0,0.09279743573628307,0.2229533038242214,0.10142422398052343,0.2728026636421401,-0.07661469565017598,0.7117104300500151,Rental & Leasing Services,Industrials,TGH
2010Q2,2010,Q2,2010-08-12,2010-06-30,25077000.0,74524000.0,41075000.0,0.51,63644000.0,0.8540067629,1416316000.0,532070000.0,144321000.0,146229000.0,805154000.0,0.0,356197000.0,1160337380.0,1758495380.0,11.06934071192294,0.9869519725909361,0.46409417107481665,1.2353712857330803,0.03158185917047461,11.06934071192294,0.04713101659556074,15.569982555955129,11.567745144953543,2.1807983536000903,0.45990349722853613,0.0,0.009939350570607318,0.05261820102293556,0.9045606548632624,0.01770579446959577,-70.21283916253176,0.8540067629220117,0.020000000000000018,0.26383203481131196,0.07307498548779787,0.0,0.11970443349753694,0.03457238334914807,0.190062291757207,0.20565990604215292,0.04749081957216335,0.7146596112961525,Rental & Leasing Services,Industrials,TGH
2010Q1,2010,Q1,2010-04-20,2010-03-31,24239000.0,69199000.0,34515000.0,0.5,56840000.0,0.8213991532,1355536000.0,516112000.0,143559000.0,125503000.0,763638000.0,0.0,342653000.0,1033667300.0,1646215300.0,10.759954968102406,1.143869070858864,0.4932395746036992,1.2954630002790093,0.028487484801688192,10.759954968102406,0.046964612332206966,14.937604589661701,10.66119992573951,2.0027964860340393,0.45525805520029705,0.0,0.010675581978843676,0.05104917907012429,1.0474809367106763,0.01788148747063892,89.42532225971105,0.8213991531669533,-0.03846153846153849,0.2241707331938721,-0.001501890988070438,0.0,18.157398045163465,-0.04360006313131313,0.18759247152737157,0.16782414949818217,-0.025308001122858418,0.0,Rental & Leasing Services,Industrials,TGH
2009Q4,2009,Q4,2010-02-10,2009-12-31,25344000.0,67270000.0,29063000.0,0.52,2967000.0,0.0441058421,1360023000.0,500313000.0,147585000.0,122047000.0,786758000.0,0.0,329449000.0,810625399.9999999,1440702400.0,10.430575824542384,1.209247257204192,0.5050620467447977,1.3729325442273137,0.025747154249118717,10.430575824542384,0.050656289162983974,12.050325553738663,7.996225931186868,1.620236531931011,0.4334359217171717,0.0,0.013551265479714799,0.049462398797667395,1.3133546912255114,0.018634978967267464,-12.195724258289701,0.044105842128734946,0.857142857142857,0.2814544101161313,-0.027987113119021665,0.882770435667879,-0.9333318353406436,0.8769162408353699,0.28956826551892445,0.44557490838170977,-0.18732534772720774,0.6640056768503756,Rental & Leasing Services,Industrials,TGH
2009Q3,2009,Q3,2009-11-04,2009-09-30,13503000.0,56054000.0,22537000.0,0.28,44504000.0,0.7939486923,1280178000.0,484940000.0,123386000.0,99712000.0,725025000.0,0.0,315090000.0,764653610.0000001,1351388610.0,10.153472498482024,1.2374237804878048,0.4953912659020855,1.307767971295418,0.01866860316414882,10.153472498482024,0.02784468181630717,13.641374567381456,14.157106013478488,1.5768004495401495,0.8135229208324076,0.0,0.014365982003275966,0.043786098495677946,1.1687259306803595,0.010547751953244002,-25.752849589114916,0.7939486923323937,-0.5692307692307692,-0.31511500222916466,-0.18770434673547515,0.0,0.019004442002106516,-0.5646721258624025,0.0018670815736830408,-0.23269694533134053,-0.17169184354707384,0.0,Rental & Leasing Services,Industrials,TGH
2009Q2,2009,Q2,2009-08-11,2009-06-30,31018000.0,54438000.0,22495000.0,0.65,43674000.0,0.8022704728,1247896000.0,481520000.0,121817000.0,82110000.0,697868000.0,0.0,312572000.0,548773890.0,1126783890.0,10.081865957580453,1.4835829984167581,0.5028271586734792,1.3031151354045523,0.019503974654693994,10.081865957580453,0.06441684665226782,10.080713655902127,4.423027677477593,1.1396699825552417,0.35414920368818104,0.0,0.02001735177305903,0.0436238276266612,1.4171111923030082,0.024856238019834987,59.883663247490176,0.802270472831478,0.4772727272727273,0.5732624498893412,-0.2111222968492132,0.0,-0.12223651418924351,0.48333413036201045,-0.2391598457687885,0.7625865474126108,-0.19557142360965507,0.0,Rental & Leasing Services,Industrials,TGH
2009Q1,2009,Q1,2009-04-16,2009-03-31,20911000.0,59581000.0,29566000.0,0.44,49756000.0,0.8350984374,1275387000.0,460536000.0,139946000.0,84475000.0,752826000.0,0.0,292539000.0,322386750.0,935118750.0,9.64251167270367,1.6566558153299793,0.5328523812772124,1.4756566261920891,0.023837685527272275,9.64251167270367,0.04540578803828582,5.410898608616841,3.8542722729663814,0.7000250794726146,0.5253216010712065,0.0,0.03407398101814048,0.046716016393455476,1.5846936963598697,0.01639580770385773,11.263993221760247,0.8350984374213256,0.6296296296296295,0.060625800813592444,-0.1365935113077809,0.0,-0.10657018189653625,0.6176220314071323,-0.15458080750314537,0.18825995528225875,-0.11957347790306157,0.0,Rental & Leasing Services,Industrials,TGH
2008Q4,2008,Q4,2009-02-11,2008-12-31,12927000.0,65564000.0,34972000.0,0.27,55691000.0,0.8494143127,1303767000.0,449609000.0,144771000.0,86079000.0,795760000.0,0.0,282613000.0,506266600.0,1170296600.0,9.41372668076464,1.6818387760080855,0.5641498826093926,1.6359103131832324,0.04291758763620154,9.41372668076464,0.02875164865471999,7.721716185711671,9.790875686547537,1.1260152710466205,0.8469869265877621,0.0,0.021626945170785512,0.0502881266361244,1.6020632209946677,0.009915115200798916,-7.819876121777544,0.8494143127325972,-0.47058823529411764,-0.34357389975832947,-0.048571561304833984,0.6992241446822683,-0.04615832562600623,-0.47363491998859886,-0.043958447238928375,-0.34357389975832947,-0.048571561304833984,0.6992241446822683,Rental & Leasing Services,Industrials,TGH
2008Q3,2008,Q3,2008-11-06,2008-09-30,24559000.0,69675000.0,36580000.0,0.51,58386000.0,0.8379763186,1311738000.0,447241000.0,138107000.0,178070000.0,805815000.0,0.0,280635000.0,723119950.0,1281709950.0,9.394832475580296,0.7755770202729264,0.4739795599426105,1.390161009388674,0.031870979768558794,9.394832475580296,0.05491222853003191,10.378470757086474,7.361048393664237,1.6168462864540594,0.4458243413819781,0.0,0.015141333052697551,0.053116552238328084,0.7453136407030942,0.018722488789682086,-11.748496344435418,0.8379763186221744,-0.203125,0.24973780177187846,0.012990422477485273,0.0,0.07283819043769064,-0.19184573365362467,0.17153471688444785,0.24973780177187846,0.012990422477485273,0.0,Rental & Leasing Services,Industrials,TGH
2008Q2,2008,Q2,2008-07-03,2008-06-30,30389000.0,69607000.0,31224000.0,0.64,54422000.0,0.7818466534,1211652000.0,432816000.0,132250000.0,134199000.0,722993000.0,0.0,267025000.0,929725650.0,1479603650.0,9.091818086335469,0.9854767919284049,0.506851802332683,1.4189124246793094,0.030070123793742548,9.091818086335469,0.07021228420391112,13.356783800479837,7.648537711013853,2.1480852140401465,0.3446312810556451,0.0,0.011264613383528785,0.05744801312588103,0.938240970499035,0.025080633713310423,-20.88707876527678,0.7818466533538293,0.7777777777777779,0.5464099539087754,0.01200178453376834,0.0,-0.024992385832273322,0.7499136243233905,-0.07076959704779477,0.5464099539087754,0.01200178453376834,0.0,Rental & Leasing Services,Industrials,TGH
2008Q1,2008,Q1,2008-04-23,2008-03-31,17366000.0,72235000.0,33602000.0,0.36,55817000.0,0.7727140583,1181158000.0,412049000.0,136202000.0,165529000.0,717689000.0,0.0,247109000.0,717883400.0,1229637400.0,8.655582396807057,0.8228286282162038,0.49486690180314574,1.4185594431730206,0.031496283099744574,8.655582396807057,0.042145472989862855,9.938165709143767,10.334610733617414,1.742228230137678,0.5756650927098929,0.0,0.013925659793777094,0.061156085807317906,0.7784013677361671,0.014702520746589363,-98.92288824583161,0.7727140582819962,0.12499999999999993,-0.11629355162789846,0.05020973329976525,0.0,5.527540638521811,0.1543472480723212,-0.08573449786411994,-0.11629355162789846,0.05020973329976525,0.0,Rental & Leasing Services,Industrials,TGH
2007Q4,2007,Q4,2008-02-21,2007-12-31,15044000.0,74053000.0,36753000.0,0.32,8551000.0,0.1154713516,1128346000.0,404116000.0,129937000.0,126728000.0,674513000.0,0.0,239740000.0,691700650.0,1203667650.0,8.488940237370024,1.025321949371883,0.5152798875522224,1.4387304635302736,0.03328292308607046,8.488940237370024,0.037226934840491346,9.340616180303297,11.494626595320392,1.7116388611190847,0.6328104227599043,0.0,0.013763179201870058,0.06562969160168955,1.0445678934410707,0.013332789764841636,36.522553989122976,0.11547135159953006,-0.36,-0.233570418738755,0.07813758409246196,0.5322956256610072,-0.8374798061389338,-0.22092180217503884,0.0909495681082846,-0.233570418738755,0.07813758409246196,0.5322956256610072,Rental & Leasing Services,Industrials,TGH
2007Q3,2007,Q3,2007-11-19,2007-09-30,19310000.0,65312000.0,33689000.0,0.5,52615000.0,0.805594684,1090749000.0,259506000.0,114964000.0,135775000.0,731354000.0,0.0,234216000.0,656285000.0,1267650000.0,6.722082631783448,0.8467243601546677,0.5905740000678433,2.482285573358612,0.03455446496211215,6.722082631783448,0.07441061092999776,10.048459701126898,8.496698601760745,2.5289781353802994,0.4498705334023822,0.0,0.013236627379873073,0.059878120447509,0.8012815319462345,0.01770343131187835,-6.2815015457651775,0.8055946839784419,0.16279069767441862,0.2117122928238548,0.17092844850044148,0.0,0.17253136630044794,0.15927237797922794,0.130465420623469,0.2117122928238548,0.17092844850044148,0.0,Rental & Leasing Services,Industrials,TGH
2007Q2,2007,Q2,2007-06-30,2007-06-30,16657000.0,56976000.0,29801000.0,0.43,44873000.0,0.7875772255,1000601000.0,248506000.0,95995000.0,136648000.0,657024000.0,0.0,223593000.0,654398000.0,1185665000.0,6.455707382968774,0.7024983900240033,0.5668263373712399,2.282307067032587,0.034293598240205135,6.455707382968774,0.06702856269063925,11.485502667789946,9.821666566608632,2.6333287727459296,,0.0,,0.056941777991427155,0.6584655465136702,0.0166469951559113,0.0,0.7875772254984554,0.0,0.04824920234771841,0.024424238797705267,0.0,-0.2124227745015445,0.0,-0.4769552092108958,0.04824920234771841,0.024424238797705267,0.0,Rental & Leasing Services,Industrials,TGH
2007Q1,2007,Q1,2007-03-31,2007-03-31,16657000.0,56976000.0,56976000.0,0.43,56976000.0,1.0,,,,,,,,654398000.0,,,0.0,0.0,0.0,0.0,,0.0,11.485502667789946,9.821666566608632,0.0,,0.0,,0.0,0.0,0.0,0.0,1.0,0.19444444444444448,0.04824920234771841,0.024424238797705267,0.0,-0.1423152190275478,0.18386638237384506,2.116979356584132,0.04824920234771841,0.024424238797705267,0.0,Rental & Leasing Services,Industrials,TGH
