Quarters,Year,Quarter,FillingDate,Date,NetIncome,Revenue,OperatingIncome,EPSDiluted,GrossProfit,GrossProfitRatio,TotalAssets,CommonStockEquity,CurrentAssets,CurrentLiability,TotalLiability,Inventory,RetainedEarnings,MarketCap,EnterpriseValue,bookValuePerShare,currentRatio,debtToAssets,debtToEquity,roic,shareholdersEquityPerShare,roe,priceToSalesRatio,peRatio,pbRatio,payoutRatio,inventoryTurnover,dividendYield,assetTurnover,quickRatio,returnOnAssets,priceToFreeCashFlowsRatio,grossProfitMargin,epsdilutedGrowth,fiveYNetIncomeGrowthPerShare,fiveYRevenueGrowthPerShare,fiveYShareholdersEquityGrowthPerShare,grossProfitGrowth,netIncomeGrowth,operatingIncomeGrowth,threeYNetIncomeGrowthPerShare,threeYRevenueGrowthPerShare,threeYShareholdersEquityGrowthPerShare,Industry,Sector,Symbol
2019Q1,2019,Q1,2019-04-30,2019-04-30,0.0,0.0,0.0,0.0,0.0,0.0,311782483.0,258803555.0,0.0,0.0,52978928.0,0.0,-156112840.0,0.0,41743412.0,0.0,0.0,0.15234980343651955,0.18353689152376598,,0.0,0.0,0.0,0.0,0.0,0.0,0.0,,0.0,0.0,0.0,0.0,0.0,0.0,0.0,0.0,0.0,0.0,0.0,0.0,0.0,0.0,0.0,Asset Management,Financial Services,EOD
2018Q1,2018,Q1,2018-04-30,2018-04-30,0.0,0.0,0.0,0.0,0.0,0.0,334554177.0,286210639.0,0.0,0.0,48343538.0,0.0,-9888230.0,0.0,47499891.0,0.0,0.0,0.1419799938710674,0.16596168530269065,,0.0,0.0,0.0,0.0,0.0,0.0,0.0,,0.0,0.0,0.0,0.0,0.0,0.0,0.0,0.0,0.0,0.0,0.0,0.0,0.0,0.0,0.0,Asset Management,Financial Services,EOD
2022Q3,2022,Q3,2022-10-31,2022-10-31,,,,,,,247972577.0,197586525.0,1802965.0,215028.0,50386052.0,0.0,-152442542.0,0.0,47500000.0,0.0,8.384791748051416,0.19155343939503439,0.24040100912752022,,0.0,,0.0,0.0,0.0,0.0,0.0,,,8.384791748051416,,0.0,0.0,0.0,0.0,0.0,0.0,0.0,0.0,0.0,0.0,0.0,0.0,Asset Management,Financial Services,EOD
2022Q1,2022,Q1,2022-04-30,2022-04-30,,,,,,,279105746.0,228612897.0,3629708.0,1661033.0,50492849.0,0.0,-136539620.0,0.0,47500000.0,0.0,2.1852112510708697,0.1701863923647061,0.20777480458593725,,0.0,,0.0,0.0,0.0,0.0,0.0,,,2.1852112510708697,,0.0,0.0,0.0,0.0,0.0,0.0,0.0,0.0,0.0,0.0,0.0,0.0,Asset Management,Financial Services,EOD
2021Q1,2021,Q1,2021-04-30,2021-04-30,,,,,,,316839661.0,257633780.0,0.0,0.0,59205881.0,0.0,-119005725.0,0.0,47497619.0,0.0,0.0,0.1499181000575556,0.18437023281651962,,0.0,,0.0,0.0,0.0,0.0,0.0,,,0.0,,0.0,0.0,0.0,0.0,0.0,0.0,0.0,0.0,0.0,0.0,0.0,0.0,Asset Management,Financial Services,EOD
2020Q3,2020,Q3,2020-10-31,2020-10-31,,,,,,,260564262.0,211165577.0,0.0,0.0,49398685.0,0.0,-167181232.0,0.0,47499264.0,0.0,0.0,0.1822966804250385,0.22494196580155676,,0.0,,0.0,0.0,0.0,0.0,0.0,,,0.0,,0.0,0.0,0.0,0.0,0.0,0.0,0.0,0.0,0.0,0.0,0.0,0.0,Asset Management,Financial Services,EOD
2020Q1,2020,Q1,2020-04-30,2020-04-30,,,,,,,254085059.0,200392726.0,0.0,0.0,53692333.0,0.0,-195709949.0,0.0,47481337.0,0.0,0.0,0.18694855646746233,0.23703871866087595,,0.0,,0.0,0.0,0.0,0.0,0.0,,,0.0,,0.0,0.0,0.0,0.0,0.0,0.0,0.0,0.0,0.0,0.0,0.0,0.0,Asset Management,Financial Services,EOD
2019Q3,2019,Q3,2019-10-31,2019-10-31,,,,,,,308985790.0,257990038.0,0.0,0.0,50995752.0,0.0,-138692980.0,0.0,47500000.0,0.0,0.0,0.15372875238048972,0.1841156362789481,,0.0,,0.0,0.0,0.0,0.0,0.0,,,0.0,,0.0,0.0,0.0,0.0,0.0,0.0,0.0,0.0,0.0,0.0,0.0,0.0,Asset Management,Financial Services,EOD
2018Q3,2018,Q3,2018-10-31,2018-10-31,,,,,,,301911937.0,253388944.0,0.0,0.0,48522993.0,0.0,-167307404.0,0.0,47420103.0,0.0,0.0,0.15733064572402117,0.18745884982258737,,0.0,,0.0,0.0,0.0,0.0,0.0,,,0.0,,0.0,0.0,0.0,0.0,0.0,0.0,0.0,0.0,0.0,0.0,0.0,0.0,Asset Management,Financial Services,EOD
