Year,Date,FillingDate,NetIncome,Revenue,OperatingIncome,EPSDiluted,GrossProfit,GrossProfitRatio,TotalAssets,CommonStockEquity,CurrentAssets,CurrentLiability,TotalLiability,Inventory,RetainedEarnings,EnterpriseValue,bookValuePerShare,currentRatio,debtToAssets,debtToEquity,roic,shareholdersEquityPerShare,roe,priceToSalesRatio,peRatio,pbRatio,payoutRatio,inventoryTurnover,dividendYield,assetTurnover,quickRatio,returnOnAssets,priceToFreeCashFlowsRatio,grossProfitMargin,epsdilutedGrowth,fiveYNetIncomeGrowthPerShare,fiveYRevenueGrowthPerShare,fiveYShareholdersEquityGrowthPerShare,grossProfitGrowth,netIncomeGrowth,operatingIncomeGrowth,threeYNetIncomeGrowthPerShare,threeYRevenueGrowthPerShare,threeYShareholdersEquityGrowthPerShare,Industry,Sector,Price,MarketCap,AvgVolume,Symbol
2022,2022-06-30,2022-09-28,-6396136.0,17080911.0,-7237254.0,-0.27,955673.0,0.0559497676,3755677.0,2453905.0,1256801.0,2124575.0,2156045.0,211353.0,-18583566.0,39456072.589999996,0.10243215662725186,0.5915540755209866,0.1521347549323331,0.23284071714267668,-1.8519607546237422,0.10243215662725186,-2.6065132920793594,2.286114633464222,-6.105079784107154,15.912971606480282,0.0,76.29528797793266,0.0,4.548024497314333,0.19939376110516221,-1.7030580638324329,-6.255671405889272,0.05594976755045442,-0.22727272727272735,-3.17163468726068,93.42700770055785,2.4185192493316445,9.166409582672893,-0.3691804379186417,-0.4887529760643583,-2.9759345402157376,0.0,-0.6425432937018237,Software—Infrastructure,Technology,0.91,25283531,37096,DTSS
2021,2021-06-30,2021-09-28,-4671507.0,175138.0,-4861286.0,-0.22,94003.0,0.5367367447,3895117.0,319654.0,885985.0,3258667.0,3817406.0,194264.0,-12061858.0,55923577.0,0.015022037685598443,0.27188571277764806,0.7126212126619046,8.683586002365058,-1.060479014662488,0.015022037685598443,-14.614261044754642,303.7462458175838,-11.387654990134875,166.4221627134339,0.0,0.41765329654490796,0.0,0.04496347606503219,0.10321950662648255,-1.1993239227473784,-12.921319085535849,0.5367367447384348,-1.4719101123595506,-1.838426230220967,0.0,389.82609712960357,-0.9258885209713025,-1.5071780375504562,-1.5517851734308705,-1.6180646308617013,13.894646889272083,-0.7577202890049233,Software—Infrastructure,Technology,0.91,25283531,37096,DTSS
2020,2020-06-30,2020-09-28,-1863253.0,1414780.0,-1905053.0,-0.089,1268400.0,0.8965351503,4913200.0,3882436.0,3898523.0,689491.0,1030764.0,105210.0,-7413381.0,43189354.449200004,0.18537359375159654,5.654204333341552,0.14001099080029308,0.1771830881436294,-0.3633043287479239,0.18537359375159654,-0.47991853568223664,30.794461647181897,-23.38243300786313,11.221663009821668,0.0,1.391312612869499,0.0,0.28795489701213056,2.3056007982700284,-0.37923410404624275,-8.927441684697136,0.8965351503413959,-0.3244047619047619,-7.044759086161395,0.0,494.9653924835875,0.0,-0.37911067951392025,-0.2706215133915113,-0.39003393471023,7.94621029332562,5.1865650341000595,Software—Infrastructure,Technology,0.91,25283531,37096,DTSS
2019,2019-06-30,2019-10-15,-1351054.0,0.0,-1499308.0,-0.0672,0.0,0.0,7448790.0,5765388.0,6251863.0,1683402.0,1683402.0,73294.0,-5550128.0,20169355.0,0.28655821760358025,3.713826525096204,0.011643904580475487,0.015043740334562045,-0.24287356348355557,0.28655821760358025,-0.2343387817090541,0.0,-19.35915144768455,4.536599965171468,0.0,0.0,0.0,0.0,3.683424398925509,-0.18137898907070812,-53.330952444064735,0.0,0.16000000000000006,-5.072320483821272,0.0,764.5922655609124,-1.0,0.15777104381722057,0.09757816623902224,0.13178169351750255,0.0,7454.34208676573,Software—Infrastructure,Technology,0.91,25283531,37096,DTSS
2018,2018-06-30,2018-09-13,-1604141.0,10571.0,-1661427.0,-0.08,5752.0,0.5441301674392205,1376965.0,1186121.0,1235276.0,190844.0,190844.0,75910.0,-4124947.0,342572112.949902,0.06200287107781675,6.47270021588313,0.019650463156289377,0.022812175149078382,-1.3694821621541422,0.06200287107781675,-1.352426101552877,32501.80124396008,-214.18101086494391,289.6639895507305,0.0,0.06348307205901725,0.0,0.007677028827893229,5.693875626165874,-1.1649831331951066,-227.20551265580247,0.5441301674392205,-0.3333333333333334,-6.58268463230654,0.0,166.2191767296913,-0.8961301623417665,-0.3443844199206179,-0.32533523719876517,-6.58268463230654,0.0,166.2191767296913,Software—Infrastructure,Technology,0.91,25283531,37096,DTSS
2017,2017-06-30,2017-10-13,-1193216.0,140774.0,-1253590.0,-0.06,55377.0,0.393375197124469,1443979.0,558634.0,1370910.0,885345.0,885345.0,101300.0,-2520806.0,343488093.6,0.029963896399670235,1.5484472154922657,0.0,0.0,-2.2440273953966283,0.029963896399670235,-2.1359530569209895,2447.420500944777,-288.7433403507831,616.7422204878328,0.0,0.8430108588351432,0.0,0.09749033746335646,1.327359390971881,-0.8263388871998831,-296.8296763188049,0.393375197124469,0.3333333333333333,-4.787455173055488,0.0,80.84485570924627,0.0,-0.060777881495310486,-0.11697601458424478,-4.787455173055488,0.0,80.84485570924627,Software—Infrastructure,Technology,0.91,25283531,37096,DTSS
2016,2016-06-30,2016-09-28,-1124850.0,0.0,-1122307.0,-0.09,0.0,0.0,450934.0,559.0,336054.0,450375.0,450375.0,0.0,-1327590.0,268927201.12,3.843662896599486e-05,0.7461648626144879,0.0,0.0,-2007.7048300536674,3.843662896599486e-05,-2012.2540250447228,0.0,-238.93175367382318,480791.3830411449,0.0,0.0,0.0,0.0,0.02620482930890924,-2.4944892157167122,-224.72823403102487,0.0,-7.137432188065099,-5.9940018984657115,0.0,1.102422163419757,0.0,-4.548239124001184,-4.535695965275723,-5.9940018984657115,0.0,1.102422163419757,Software—Infrastructure,Technology,0.91,25283531,37096,DTSS
2015,2015-06-30,2015-09-28,-202740.0,0.0,-202740.0,-0.01106,0.0,0.0,82570.0,-6880.0,31330.0,89440.0,89440.0,0.0,-202740.0,338849632.0,-0.00037527648003752765,0.3502906976744186,0.7135763594525857,-8.563953488372093,-3.8958493466564184,-0.00037527648003752765,29.468023255813954,0.0,-1671.0891387984611,-49243.69360465116,0.0,0.0,0.0,0.0,0.0659660107334526,-2.455371200193775,-1361.9416787264834,0.0,0.0,0.0,0.0,0.0,0.0,0.0,0.0,0.0,0.0,0.0,Software—Infrastructure,Technology,0.91,25283531,37096,DTSS
TTM,,,,,,,,,,,,,,,,27264398.0,-0.0901094787329371,0.3491991990807308,0.5981638578785214,-0.9234182528240598,-87.86195602657773,-0.0901094787329371,-46.48009924223175,6.071268612274928,-3.558927076406405,-10.098826591784222,0.0,15.137999061339103,0.0,1.2307312207700094,0.18538600911221373,-1.8381186414380601,-6.446170520231214,0.08606886469685356,,,,,,,,,,,Software—Infrastructure,Technology,0.91,25283531,37096,DTSS
