Quarters,Year,Quarter,FillingDate,Date,NetIncome,Revenue,OperatingIncome,EPSDiluted,GrossProfit,GrossProfitRatio,TotalAssets,CommonStockEquity,CurrentAssets,CurrentLiability,TotalLiability,Inventory,RetainedEarnings,MarketCap,EnterpriseValue,bookValuePerShare,currentRatio,debtToAssets,debtToEquity,roic,shareholdersEquityPerShare,roe,priceToSalesRatio,peRatio,pbRatio,payoutRatio,inventoryTurnover,dividendYield,assetTurnover,quickRatio,returnOnAssets,priceToFreeCashFlowsRatio,grossProfitMargin,epsdilutedGrowth,fiveYNetIncomeGrowthPerShare,fiveYRevenueGrowthPerShare,fiveYShareholdersEquityGrowthPerShare,grossProfitGrowth,netIncomeGrowth,operatingIncomeGrowth,threeYNetIncomeGrowthPerShare,threeYRevenueGrowthPerShare,threeYShareholdersEquityGrowthPerShare,Industry,Sector,Symbol
2023Q1,2023,Q1,2023-04-27,2023-03-31,2373000.0,128356000.0,6481000.0,0.05,22784000.0,0.1775063106,593617000.0,200151000.0,227927000.0,95624000.0,393466000.0,67342000.0,2839000.0,1028280295.35,1247301295.35,4.2919518831174495,2.3835752530745418,0.3963936342793417,1.1756423899955533,0.010575986462439667,4.2919518831174495,0.011856048683244151,8.011158772087008,108.33125741150444,5.1375226471514015,0.19637589549093973,1.5676992070327582,0.00045318382751016896,0.21622696115508822,1.3279511419727266,0.003997527025000969,-191.23680404500652,0.17750631057371685,-0.6428571428571429,-0.9044241283402374,-0.28461743206266826,0.2846259559906234,-0.03791909467105819,-0.6484965190342171,-0.5850300934818798,1.020859134205588,-0.19731867986177165,1.9026762001454018,Oil & Gas Equipment & Services,Energy,CLB
2022Q4,2022,Q4,2023-02-10,2022-12-31,6751000.0,127571000.0,15618000.0,0.14,23682000.0,0.1856378017,578354000.0,188954000.0,211702000.0,103135000.0,389400000.0,60445000.0,85949000.0,945229302.18,1152191302.1799998,4.052030095942407,2.0526688321132496,0.3845222822008666,1.1769531208653958,0.018064638210766253,4.052030095942407,0.03572827248960064,7.409437114861528,35.003306998222484,5.002430761878553,0.06873055843578729,1.7187360410290347,0.0004908861785493405,0.22057597941745022,1.186221942114704,0.011672781721921176,84.47089384986594,0.18563780169474253,-0.12499999999999993,-0.7051017799754339,-0.29663462268886165,0.23605899053663926,0.03573146730811284,-0.10273790536948432,0.06643905769887333,-0.37682769447066816,-0.22409741624385787,0.012991850319023064,Oil & Gas Equipment & Services,Energy,CLB
2022Q3,2022,Q3,2022-10-28,2022-09-30,7524000.0,125966000.0,14645000.0,0.16,22865000.0,0.1815172348,570190000.0,183293000.0,195215000.0,87359000.0,386897000.0,54795000.0,79662000.0,624636240.0,847028240.0,3.9555656264836636,2.2346295172792727,0.41411459338115364,1.288232502059544,0.020592506571391864,3.9555656264836636,0.04104903078677309,4.958768556594636,20.754792663476874,3.4078564920646177,0.061536416799574695,1.8815767862031207,0.0007412314085394725,0.2209193426752486,1.3041243603978983,0.013195601466177941,198.42320203303686,0.18151723480939302,0.06666666666666674,-0.6600451121357472,-0.27811797679468975,0.1690855593991619,0.23055809698078683,0.06481743560713275,0.25686577411603156,-0.6963530082361491,-0.30352571941364265,-0.07736488939846381,Oil & Gas Equipment & Services,Energy,CLB
2022Q2,2022,Q2,2022-07-28,2022-06-30,7066000.0,120898000.0,11652000.0,0.15,18581000.0,0.1536915416,577540000.0,173767000.0,199621000.0,95909000.0,403773000.0,52551000.0,72601000.0,917579390.0,1145649390.0,3.75152745093806,2.081358370955802,0.42285902275167087,1.4054337129604586,0.019615170950962074,3.75152745093806,0.040663647297818344,7.58969867160747,32.46459772148316,5.280515805647792,0.0655250495329748,1.9470038629141215,0.0005045884912476075,0.20933268691346055,1.2024731776996944,0.01223465041382415,-354.14102277113085,0.1536915416301345,4.778337531486145,-0.7033143644542701,-0.2972682167413165,0.12241452112266805,0.347327967515046,4.842305600870038,30.800511508951406,-0.7531786940099546,-0.3151173064423382,-0.11613006131761171,Oil & Gas Equipment & Services,Energy,CLB
2022Q1,2022,Q1,2022-04-28,2022-03-31,-1839000.0,115300000.0,-391000.0,-0.0397,13791000.0,0.1196097138,584918000.0,166386000.0,202192000.0,99762000.0,418532000.0,48224000.0,65998000.0,1464405740.0,1691727740.0,3.593805347963195,2.0267436498867304,0.42631445775305254,1.4986777733703556,-0.0004984650558161883,3.593805347963195,-0.011052612599617756,12.700830355594102,-199.07636487221313,8.8012557546909,-0.2517672648178358,2.1049477438619775,0.00031616920594698027,0.19712164782072017,1.2122551672981696,-0.0031440304452931864,489.27689274974944,0.11960971379011275,-1.6683501683501682,-1.0993714737829758,-0.3028526871497257,0.06259397697553323,-0.4194240969941905,-1.659849300322928,-1.027728529891497,-1.0434702320490423,-0.3474454505150986,-0.1301452018857771,Oil & Gas Equipment & Services,Energy,CLB
2021Q4,2021,Q4,2022-02-10,2021-12-31,2787000.0,125139000.0,14101000.0,0.0594,23754000.0,0.1898209191,580853000.0,156449000.0,189055000.0,90782000.0,419852000.0,45443000.0,68349000.0,1034055047.0699999,1266616047.07,3.375426869091738,2.0825163578683,0.4308559997107702,1.599652282852559,0.007227572930514579,3.375426869091738,0.01781411194702427,8.263251640735502,92.75700099300322,6.609534398238403,0.16576964477933262,2.2310366833175626,0.0004467847251546997,0.21544005109726558,1.3708003789297438,0.004798115874412287,442.85012722483935,0.18982091913791863,2.1440215952998467,-0.8282666684714616,-0.2028711657002562,-0.015359008128743457,0.15473239025813038,2.188787185354691,1.123644578313253,-0.6983834548438931,-0.30920054431884375,-0.04574366150349353,Oil & Gas Equipment & Services,Energy,CLB
2021Q3,2021,Q3,2021-10-29,2021-09-30,874000.0,117985000.0,6640000.0,0.018893,20571000.0,0.17435267194982412,586279000.0,156561000.0,187245000.0,92953000.0,425265000.0,44056000.0,66123000.0,1283714778.0,1519149778.0,3.3843715321005674,2.014405129474035,0.43406808021436893,1.625468667164875,0.003536544050278139,3.3843715321005674,0.005582488614661378,10.880321888375642,367.19530263157895,8.199454385191714,0.5297482837528604,2.2111403668058833,0.0003606720183757206,0.20124377642726415,1.3643454218798747,0.0014907578132595572,147.26566226912928,0.17435267194982412,-0.888864705882353,-0.9501976690269015,-0.21610024832931674,-0.0529086601683319,0.020741328834416713,-0.8915632754342432,-0.48125,-0.9627221219715782,-0.38080488326187084,-0.04940749294911618,Oil & Gas Equipment & Services,Energy,CLB
2021Q2,2021,Q2,2021-07-30,2021-06-30,8060000.0,118745000.0,12800000.0,0.17,20153000.0,0.16971661964714305,598425000.0,150025000.0,201149000.0,90854000.0,444081000.0,38946000.0,65712000.0,1804379393.5000002,2046338393.5000002,3.2384950587721284,2.213980672287406,0.4605021514809709,1.8368671888018664,0.020778714044596,3.2384950587721284,0.05372437927012164,15.195413646890398,55.967102776054595,12.02719142476254,0.05744416873449131,2.531505160992143,0.000256597920408472,0.19842921000960856,1.5825940519955093,0.013468688641016,276.1946109750498,0.16971661964714305,-0.030117698069934095,-0.5384942052431377,-0.23664099105641145,-0.11768046408305229,0.040853217642805494,-0.005552128315854411,0.10135949062123559,-0.6892856148342271,-0.3542912143073915,-0.06912381136890366,Oil & Gas Equipment & Services,Energy,CLB
2021Q1,2021,Q1,2021-04-23,2021-03-31,8105000.0,108383000.0,11622000.0,0.175279,19362000.0,0.1786442523273945,584446000.0,141884000.0,185817000.0,85533000.0,438400000.0,39117000.0,58115000.0,1331263447.99,1582615447.99,3.0683936873407522,2.172459752376276,0.47764549676103524,1.967508669053593,0.018895794656892364,3.0683936873407522,0.05712412957063517,12.282954411577462,41.06303047470697,9.382759493600407,0.05502776064157927,2.2757624562210803,0.00033502008988032416,0.18544570413690914,1.4935405048343915,0.01386783381184917,259.1519268035819,0.1786442523273945,-0.4157366666666667,-0.5073340679034625,-0.35331091321753366,4.896543418670787,-0.07773649614175479,-0.40127059171160523,-0.5034182191078448,-0.6707815807838696,-0.39079434866035717,-0.08159777152659146,Oil & Gas Equipment & Services,Energy,CLB
2020Q4,2020,Q4,2021-02-08,2020-12-31,13537000.0,113749000.0,23404000.0,0.3,20994000.0,0.1845642599055816,568579000.0,71513000.0,165848000.0,89750000.0,493006000.0,38151000.0,50456000.0,1181624954.51,1494796954.51,1.6044089309083358,1.8478885793871866,0.5750792765824978,4.572287556108679,0.034185601859541406,1.6044089309083358,0.18929425419154558,10.388003011103395,21.822134788173155,16.52321891837848,0.03287286695722834,2.4312599931849754,0.0003766000356555892,0.20005839118222798,1.188557103064067,0.02380847692229224,-77.38718675158819,0.1845642599055816,3.505045651129265,-0.16527494881640004,-0.40816120436786557,3.3392609564176716,0.094577685088634,3.568680391495106,1.0654840702497572,-0.38135718503100424,-0.34386966762509813,-0.5105801199422499,Oil & Gas Equipment & Services,Energy,CLB
2020Q3,2020,Q3,2020-10-22,2020-09-30,2963000.0,105382000.0,11331000.0,0.066592,19180000.0,0.18200451690041944,590814000.0,67632000.0,169889000.0,172136000.0,519105000.0,42908000.0,37364000.0,678989060.96,996865060.96,1.5200013952224778,0.9869463679881024,0.563666399239016,4.924030044949136,0.010867417271500649,1.5200013952224778,0.043810622190678966,6.443121794613881,57.28898590617617,10.039464468890465,0.1501856226797165,2.008995991423511,0.000655386110890843,0.1783674726732948,0.6309139285216341,0.005015114740002775,36.86951894874023,0.18200451690041944,1.5122461538461538,-0.9154593932305429,-0.4908466754569272,6.264548047010101,-0.022973867862054912,1.518369489153254,5.414102064666927,-0.8605773940893505,-0.37106123136298236,-0.5507566175811706,Oil & Gas Equipment & Services,Energy,CLB
2020Q2,2020,Q2,2020-07-24,2020-06-30,-5716000.0,115736000.0,-2567000.0,-0.13,19631000.0,0.1696187875855395,614441000.0,62103000.0,191393000.0,99284000.0,548294000.0,41528000.0,34846000.0,903778065.44,1238907065.44,1.3962863320716177,1.9277325651665929,0.5795300118318927,5.733813181327794,-0.005032392124299701,1.3962863320716177,-0.09204064215899393,7.808962340499067,-39.52843183344997,14.55288899795501,-0.077851644506648,2.3142217299171643,0.0004923775172429681,0.18835982624857392,1.3190040691350067,-0.009302764626709481,38.07786245797346,0.1696187875855395,0.9467213114754098,-1.1583213277167153,-0.45559237351643367,52.13204054200475,-0.3832160361945457,0.9472795860580515,0.9764437062391602,-1.2499402433178999,-0.2994162982715157,-0.5822469446757176,Oil & Gas Equipment & Services,Energy,CLB
2020Q1,2020,Q1,2020-04-24,2020-03-31,-108421000.0,152400000.0,-108973000.0,-2.44,31828000.0,0.2088451443569554,646609000.0,65716000.0,219707000.0,108447000.0,576535000.0,52263000.0,41007000.0,459552790.18,820827790.1800001,1.4786188975892163,2.025938937914373,0.5802038016792219,5.70888368129527,-0.20452586384222765,1.4786188975892163,-1.6498417432588715,3.0154382557742783,-1.0596489383514263,6.993012206768519,-0.10248014683502274,2.30702408970017,0.024177853420600463,0.23569112090923572,1.3523748928047803,-0.16767629278281002,24.696517099097164,0.2088451443569554,-11.608695652173912,-4.338967179105602,-0.31021958763236773,1.399578146409612,-0.04974025198543023,-11.495740561471443,-6.175635241035383,-7.102963496691658,-0.04009649047982739,-0.5628111757051694,Oil & Gas Equipment & Services,Energy,CLB
2019Q4,2019,Q4,2020-02-10,2019-12-31,10330000.0,156778000.0,21055000.0,0.23,33494000.0,0.21363966883108598,774673000.0,177865000.0,221237000.0,111594000.0,592533000.0,50163000.0,160539000.0,1675017720.54,2045709720.54,4.0000618905929946,1.982516981199706,0.49283245963135414,2.1464818823264835,0.019498121340330014,4.0000618905929946,0.05807775560115818,10.684010004847618,40.537698948209105,9.41735428858966,2.3626331074540174,2.4576680023124613,0.014570592120142993,0.20237958467637313,1.336971521766403,0.013334658623703163,101.63942479004854,0.21363966883108598,-0.5660377358490567,-0.8468422840401578,-0.447794592449405,0.9932015200897111,-0.1930517743994989,-0.5646677061823085,-0.3253116288012305,-0.33650408929408676,0.04097730532752068,0.16685238941636657,Oil & Gas Equipment & Services,Energy,CLB
2019Q3,2019,Q3,2019-10-24,2019-09-30,23729000.0,173200000.0,31207000.0,0.53,41507000.0,0.23964780600461894,787696000.0,190246000.0,230686000.0,119997000.0,593135000.0,53528000.0,174615000.0,2068755600.2399998,2428398600.24,4.287248101695077,1.9224313941181863,0.4732422152708659,1.9594157038781368,0.04294849178847036,4.287248101695077,0.1247279837683841,11.944316398614317,21.795646679590373,10.87410826109353,1.0282354924354167,2.4602637871768045,0.01179404662260222,0.2198817818041478,1.3194996541580206,0.030124565822347706,100.46404430069929,0.23964780600461894,-0.13114754098360648,-0.6466987887946131,-0.37899632037577385,0.9723727811066177,0.06974047060642767,-0.13442036915444663,0.1142173664667238,0.40956890156063824,0.19963810854889277,0.1997546694600048,Oil & Gas Equipment & Services,Energy,CLB
2019Q2,2019,Q2,2019-07-26,2019-06-30,27414000.0,169038000.0,28008000.0,0.61,38801000.0,0.229540103408701,781518000.0,188261000.0,225233000.0,124826000.0,589026000.0,49311000.0,175285000.0,2345481665.36,2698662665.36,4.24443380949303,1.804375690961819,0.4679700275617452,1.942659393076633,0.03567606145293827,4.24443380949303,0.1456169891799151,13.87546980773554,21.38945124170132,12.458669960108573,0.8898737871160721,2.6411348380685853,0.01040084872983038,0.21629444235449471,1.2479211061798023,0.03507788688168411,233.7767034147314,0.229540103408701,-0.3296703296703297,-0.5686541733030221,-0.3664450620136447,0.4504870733300477,0.07114068021201414,-0.323278202912861,0.7063482393079079,0.6394354656055609,0.1349524062305759,0.15638492604092,Oil & Gas Equipment & Services,Energy,CLB
2019Q1,2019,Q1,2019-04-26,2019-03-31,40510000.0,169194000.0,16414000.0,0.91,36224000.0,0.2140974266226935,791760000.0,183165000.0,236423000.0,128615000.0,604407000.0,50147000.0,172266000.0,3055927041.82,3414710041.82,4.131500286891885,1.838222602340318,0.4698254521572194,2.03089564054268,0.08245518574375706,4.131500286891885,0.22116670761335408,18.0616750110524,18.859090606146633,16.68401191177354,0.6016785978770673,2.651604283406784,0.007975975756765358,0.21369354349802971,1.2329977063328539,0.051164494291199354,153.00290601411908,0.2140974266226935,3.5646067415730336,-0.32853981897863616,-0.3486226013719028,0.15307202718009272,-0.1332312404287902,3.585172608941709,-0.08699521637557014,1.5683215497871477,0.0529480921212722,6.24657912005972,Oil & Gas Equipment & Services,Energy,CLB
2018Q4,2018,Q4,2019-02-11,2018-12-31,8835000.0,173207000.0,17978000.0,0.19936,41792000.0,0.24128355089574902,648827000.0,156759000.0,230977000.0,102547000.0,487927000.0,45664000.0,156130000.0,2643942972.7,2920596972.7,3.5372328513006734,2.2524013379230987,0.4466059519717891,1.8485063058580369,0.024122192523438304,3.5372328513006734,0.056360400359787954,15.26464272633323,74.81445876344085,16.866291394433492,2.7529145444255803,2.8778687806587246,0.009199139410772663,0.2669540570907191,1.5238476015875648,0.013616880925115631,82.61547269630971,0.24128355089574902,-0.60128,-0.8610807956593984,-0.3619736033943878,-0.023198723939121722,-0.1345082527388324,-0.6057915402462967,-0.4845609105765647,-0.45206547710587497,-0.09359482923585732,6.1573576682354965,Oil & Gas Equipment & Services,Energy,CLB
2018Q3,2018,Q3,2018-10-25,2018-09-30,22412000.0,182146000.0,34879000.0,0.5,48287000.0,0.2651005237556685,666597000.0,157438000.0,239125000.0,103509000.0,505185000.0,47215000.0,171617000.0,5176478770.86,5458123770.86,3.5602758353316233,2.310185587726671,0.4436638628736703,1.8784854990535957,0.054060974633332155,3.5602758353316233,0.1423544506408872,28.419393074017545,57.7422672101999,32.87947490986928,1.0839728716758879,2.835094779201525,0.004693151672283182,0.2732475543694316,1.6084205238191849,0.03362151344815533,264.0656415273172,0.2651005237556685,-0.10707110392799418,-0.628521833332242,-0.31592138881717813,-0.09370688154567075,0.053519221538595806,-0.09453781512605042,0.04275165176836378,-0.3565768992678147,-0.11450908030704623,13.3310697310044,Oil & Gas Equipment & Services,Energy,CLB
2018Q2,2018,Q2,2018-07-27,2018-06-30,24752000.0,175475000.0,33449000.0,0.559955,45834000.0,0.26119960108277535,604744000.0,153783000.0,225662000.0,100591000.0,446970000.0,39855000.0,173499000.0,5578928278.559999,5807594278.559999,3.478975075659106,2.243361732162917,0.3996517534692366,1.5716106461702528,0.07049907165451376,3.478975075659106,0.16095407164641085,31.79329407927055,56.348257499999995,36.27792589922163,0.9822640594699418,3.2528164596662905,0.004358005478119452,0.2901641024962629,1.6012168086608145,0.040929715714418,298.14708628473704,0.26119960108277535,0.051736443718186975,-0.571098382107312,-0.31043196015643704,-0.12294570738972901,0.021211175972550244,0.05206783695328771,0.035060032182200766,-0.3101755533097466,-0.169476233481422,131.38333751380063,Oil & Gas Equipment & Services,Energy,CLB
2018Q1,2018,Q1,2018-04-27,2018-03-31,23527000.0,170018000.0,32316000.0,0.53241,44882000.0,0.26398381347857286,597140000.0,147638000.0,220185000.0,104327000.0,445564000.0,36438000.0,173060000.0,4782197754.46,5004067754.46,3.341012894144556,2.1105274761087736,0.39373346283953514,1.5925032850621115,0.06918188897964143,3.341012894144556,0.15935599235969058,28.12759681010246,50.816059787265694,32.39137454083637,1.0337909635737663,3.434217026181459,0.0050859460960845215,0.284720501055029,1.530648825328055,0.039399470810865124,257.41187180859083,0.26398381347857286,0.08655102040816338,-0.5665232752601441,-0.3215051910447072,-0.15534701121890143,0.0183790161553821,0.08464340048868194,-0.001914880474396195,-0.2712808861952649,-0.22604508857246153,4.421966093313966,Oil & Gas Equipment & Services,Energy,CLB
2017Q4,2017,Q4,2018-02-12,2017-12-31,21691000.0,171852000.0,32378000.0,0.49,44072000.0,0.2564532271954938,584812000.0,144844000.0,207427000.0,105018000.0,436080000.0,33317000.0,173855000.0,4840379657.75,5052968657.75,3.2781850437277305,1.9751566398141271,0.38814012024377065,1.5671273922288806,0.06356445353441917,3.2781850437277305,0.14975421833144625,28.165978037788328,55.78788043140012,33.41788170549004,1.1194504633258033,3.835279286850557,0.005016548642237546,0.2938585391544633,1.475985069226228,0.0370905521774519,117.1777780998838,0.2564532271954938,0.0259030040114901,-0.5847895596088486,-0.291531123676361,-0.1662078366581268,0.12239596597565323,0.02869202314331784,0.17841024894453342,-0.6763505491611628,-0.390846327806822,0.6334955785708641,Oil & Gas Equipment & Services,Energy,CLB
2017Q3,2017,Q3,2017-10-25,2017-09-30,21086000.0,166247000.0,27476000.0,0.477628,39266000.0,0.23619072825374293,582744000.0,149371000.0,203129000.0,93138000.0,429447000.0,34499000.0,176446000.0,4357336930.8,4577420930.8,3.3834697509364338,2.1809465524275806,0.40131515725601635,1.565658661989275,0.060938794634115445,3.3834697509364338,0.14116528643444845,26.2100184111593,51.66149258749882,29.171237594981623,1.1510480887792849,3.680715383054581,0.005570145340021682,0.2852830745576102,1.6345315553265047,0.03618398473429156,175.00750786408548,0.23619072825374293,-0.0634745098039216,-0.5827302495694809,-0.2707519815542395,-0.3097532328821808,-0.03006200133389324,-0.07069193477302776,-0.06566463767130275,-0.6844321002618496,-0.4008534953020257,0.5565844299531157,Oil & Gas Equipment & Services,Energy,CLB
2017Q2,2017,Q2,2017-07-26,2017-06-30,22690000.0,163903000.0,29407000.0,0.51,40483000.0,0.24699364868245244,583758000.0,147493000.0,206222000.0,100806000.0,432306000.0,35598000.0,179631000.0,4468866358.45,4688287358.45,3.3423725195444596,2.045731404876694,0.4004039345071074,1.5847463947441573,0.06556985237125675,3.3423725195444596,0.1538378092519645,27.265311546768515,49.23828072333627,30.298836951245143,1.0712208021154694,3.4670487106017194,0.005438963273994704,0.2807721692893288,1.511497331508045,0.038868846337009516,284.6230404719445,0.24699364868245244,0.27588674128519314,-0.5356162130415013,-0.28136401438836917,-0.2752053202704821,0.09984242555966094,0.2849699852757957,0.26869148798481385,-0.6411510112956117,-0.38253708913984763,0.14221786731830113,Oil & Gas Equipment & Services,Energy,CLB
2017Q1,2017,Q1,2017-04-21,2017-03-31,17658000.0,157807000.0,23179000.0,0.399722,36808000.0,0.23324694088348424,580416000.0,149407000.0,200981000.0,108797000.0,427069000.0,37537000.0,181247000.0,5103180445.12,5307451445.12,3.3821058897701093,1.84730277489269,0.37664881739993383,1.4632045352627387,0.05416396236323794,3.3821058897701093,0.11818723352988816,32.338112030011345,72.2502611439574,34.15623394566519,1.3752406841091855,3.2234595199403255,0.004758601084392768,0.2718860265740434,1.3317462797687436,0.030423006946741646,219.86990284877209,0.23324694088348424,0.14206285714285727,-0.6447765795259508,-0.2686662079917237,-0.2297878865307202,0.21422445074882893,0.14224723462060934,0.07689091246980115,-0.7062685218452374,-0.39028770953938313,-0.056078561381689464,Oil & Gas Equipment & Services,Energy,CLB
2016Q4,2016,Q4,2017-02-10,2016-12-31,15459000.0,149542000.0,21524000.0,0.35,30314000.0,0.20271228149951184,573052000.0,151354000.0,186461000.0,104023000.0,417755000.0,33720000.0,187957000.0,5299917370.440001,5501641370.440001,3.4280787586112207,1.792497812983667,0.37778072496038756,1.4303421118701851,0.04739173485136907,3.4280787586112207,0.1021380340129762,35.44099564296319,85.70925303124395,35.01669840532791,1.569441749142894,3.5358244365361804,0.0045778072192823194,0.2609571208197511,1.3027791930630725,0.02697660945254532,272.57340930055545,0.20271228149951184,-0.07740323277907235,-0.6853277258051953,-0.33728059057879556,-0.0808510436262726,0.023914071471998918,-0.07597130902570233,0.0016753536857781086,-0.756015153866129,-0.447080235314092,-0.05334145457307447,Oil & Gas Equipment & Services,Energy,CLB
2016Q3,2016,Q3,2016-10-21,2016-09-30,16730000.0,143483000.0,21488000.0,0.379364,29606000.0,0.20633803307708928,562138000.0,157589000.0,185354000.0,93542000.0,399341000.0,37339000.0,196760000.0,4953766030.28,5142910030.28,3.5734373125004932,1.9815056338329307,0.367103807250177,1.3095012976794065,0.052546550701871746,3.5734373125004932,0.1061622321354917,34.52510771506032,74.02519471428572,31.43471962053189,1.4499103407053198,3.049813867537963,0.004896678577819092,0.25524515332534004,1.4123388424451049,0.0297613753206508,153.24401504299942,0.20633803307708928,0.006278564550911419,-0.6059321465223046,-0.3445428472259692,0.23932981639206136,-0.054695232925700055,0.006376323387872955,0.062342413605576706,-0.721942376658182,-0.45965267292577217,-0.09035653546617112,Oil & Gas Equipment & Services,Energy,CLB
2016Q2,2016,Q2,2016-07-22,2016-06-30,16624000.0,148069000.0,20227000.0,0.376997,31319000.0,0.21151625255792908,572106000.0,161851000.0,194985000.0,96215000.0,405155000.0,39818000.0,204287000.0,5463038944.87,5656497944.87,3.6704333599578898,2.026555110949436,0.36398324785966235,1.286596931745865,0.05252314846647756,3.6704333599578898,0.10271175340282111,36.89522415137537,82.15590328546078,33.75350751536907,1.40279114533205,2.93209101411422,0.004268686391463191,0.2588139260906196,1.4282908070467182,0.029057552271781802,216.70126715073383,0.21151625255792908,0.07713428571428586,-0.5667768917295133,-0.30868751019705853,-0.31496696044970307,-0.07847348908374037,0.10224108208460417,-0.11826503923278117,-0.7112367731583066,-0.41670939041380517,-0.0746788165818858,Oil & Gas Equipment & Services,Energy,CLB
2016Q1,2016,Q1,2016-04-22,2016-03-31,15082000.0,153647000.0,22940000.0,0.35,33986000.0,0.22119533736421798,587250000.0,-33382000.0,207410000.0,108416000.0,615232000.0,41702000.0,210983000.0,4765250547.36,5155697547.36,-0.7874655451388404,1.9130940082644627,0.6932515964240102,-12.195554490443952,0.04756996653397023,-0.7874655451388404,-0.4518003714576718,31.014276538819498,78.9890357273571,-142.749102730813,1.545285771117889,2.8694307227471105,0.0048908236342183045,0.26163814389101747,1.3547077922077921,0.025682418050234142,110.29906597597389,0.22119533736421798,-0.027777777777777804,-0.6524081867146481,-0.2071116049084434,-1.127067218321276,-0.33312403115986106,-0.02179270981969127,-0.029692919380763048,-0.7103340970248428,-0.3608321518510235,-1.1990818794591818,Oil & Gas Equipment & Services,Energy,CLB
2015Q4,2015,Q4,2016-02-12,2015-12-31,15418000.0,182723000.0,23642000.0,0.36,50963000.0,0.27890851179107173,625258000.0,-29064000.0,238547000.0,120758000.0,648957000.0,40906000.0,219207000.0,4607955909.7,5016448909.7,-0.6858614582980588,1.9754136371917388,0.6892946591646968,-14.828894852738783,0.04529298722482914,-0.6858614582980588,-0.5304844481145059,25.21825883824149,74.71714732293422,-158.54513864918798,1.511350369697756,3.2210433677211165,0.005056906024414862,0.2922361649111247,1.4524255121813876,0.024658620921283694,102.73920112595036,0.27890851179107173,-0.5384615384615385,-0.5518283814114919,0.018997715049814307,-1.1165645348154676,-0.16869749612592774,-0.5384385103580409,-0.4950232816438122,-0.6922735752522663,-0.21457004385289555,-1.1744458904665318,Oil & Gas Equipment & Services,Energy,CLB
2015Q3,2015,Q3,2015-10-23,2015-09-30,33404000.0,197265000.0,46818000.0,0.78,61305000.0,0.3107748460193141,635105000.0,-12244000.0,242223000.0,124063000.0,641020000.0,44462000.0,236041000.0,4232246643.7999997,4641785643.799999,-0.2887240047292822,1.9524193353376913,0.6739043150345219,-34.95589676576282,0.08727241700806707,-0.2887240047292822,-2.7281934008493955,21.454625218868017,31.674699465632855,-345.65882422410976,0.7012633217578733,3.05789213260762,0.0055348853626752325,0.3106021838908527,1.4247680613881657,0.05259602742853544,115.88211608893269,0.3107748460193141,-0.03703703703703707,-0.08600093021263146,0.04455579511278113,-1.052679186568603,-0.01660250240615977,-0.03529139952636747,-0.02244586891612553,-0.31184742816717603,-0.09918618097236614,-1.058901313008204,Oil & Gas Equipment & Services,Energy,CLB
2015Q2,2015,Q2,2015-07-27,2015-06-30,34626000.0,203889000.0,47893000.0,0.81,62340000.0,0.3057546017686094,658985000.0,1121000.0,266648000.0,136880000.0,651725000.0,47585000.0,432812000.0,4864574173.440001,5263502173.440001,0.02627955406620891,1.948042080654588,0.6396321615818266,376.0107047279215,0.08782380722068964,0.02627955406620891,30.88849241748439,23.85893389756191,35.122264869173456,4339.49524838537,0.6806446023219546,2.9746558789534516,0.004844822827181563,0.30939854473167067,1.3992402104032728,0.05254444334848289,118.80172353139426,0.3057546017686094,0.1250000000000001,0.05929435049192755,0.07299627527644274,-0.994941267697848,-0.007372259286976737,0.10277397369342972,0.1211695577872978,-0.2668821163944753,-0.07520645467979718,-0.9943012692746025,Oil & Gas Equipment & Services,Energy,CLB
2015Q1,2015,Q1,2015-04-29,2015-03-31,31399000.0,213643000.0,42717000.0,0.72,62803000.0,0.29396235776505664,630008000.0,26482000.0,256728000.0,131526000.0,597463000.0,49169000.0,423365000.0,4490597766.599999,4844460766.599999,0.616199518153477,1.9519182519045664,0.5920559738923951,14.085038894343327,0.0823374347619131,0.616199518153477,1.1856732875160487,21.01916639721404,35.754305603681644,169.5717002718828,0.7624446638427975,3.0677866135166467,0.005331138802513117,0.3391115668372465,1.372321822301294,0.04983904966286142,61.91963606855755,0.29396235776505664,-0.5231788079470199,0.062171136837619004,0.23581938131197494,-0.8713422934153915,-0.39147328133326875,-0.5256232059223448,-0.5277280265339966,-0.35072270794114635,0.017729499116727884,-0.8596719474007949,Oil & Gas Equipment & Services,Energy,CLB
2014Q4,2014,Q4,2015-02-17,2014-12-31,66190000.0,278622000.0,90450000.0,1.51,103205000.0,0.37041224311073784,675653000.0,87573000.0,301820000.0,131866000.0,581660000.0,43371000.0,415906000.0,5251274654.56,5583924654.56,2.0068527192438412,2.288838669558491,0.5268976826862309,4.065179907048976,0.15538161713117823,2.0068527192438412,0.7558265675493588,18.847308017888036,19.834093724731833,59.96453992166536,0.33140957848617614,4.0445689516036065,0.004177271508918628,0.41237439928484,1.7555169641909212,0.09796448768820681,59.18462987095248,0.37041224311073784,0.006666666666666672,1.9504279157962185,0.6151739801866914,-0.6700022901097349,0.00822562840088704,-0.004616749627802758,0.014923698384201076,0.36319457255111903,0.24931023053105913,-0.46191534314805693,Oil & Gas Equipment & Services,Energy,CLB
2014Q3,2014,Q3,2014-11-04,2014-09-30,66497000.0,276135000.0,89120000.0,1.5,102363000.0,0.3706991145635287,685132000.0,95498000.0,311268000.0,127037000.0,583357000.0,49451000.0,384335000.0,6429798854.599999,6774491854.599999,2.173650003063659,2.450215291607957,0.5400419189294909,3.8744266895641792,0.1474162236522928,2.173650003063659,0.6963182475025655,23.284983267604613,24.17326666842113,67.32914673186872,0.3340902597109644,3.5140239833370406,0.0034551625178921817,0.4030391223880946,1.8586474806552422,0.09705720941366043,97.21498117024493,0.3706991145635287,0.056338028169014134,1.2437575565903591,0.7206468636641327,-0.5970674458439392,0.09966052897320757,0.0433520569868516,0.059262604892195786,0.5722159272304359,0.2661943959244875,-0.2461406137519542,Oil & Gas Equipment & Services,Energy,CLB
2014Q2,2014,Q2,2014-07-25,2014-06-30,63734000.0,267562000.0,84134000.0,1.42,93086000.0,0.347904410940268,689128000.0,130158000.0,322242000.0,133924000.0,552847000.0,51392000.0,495792000.0,7430831974.14,7734283974.14,2.92621277882098,2.406155730115588,0.4832193728886361,2.5584289863089476,0.14314267430978517,2.92621277882098,0.48966640544568907,27.772374156793568,29.147833080224057,57.09085860369705,0.3521825085511658,3.395003113325031,0.003020657724210991,0.38826168723372145,1.8249230907081628,0.09248499553058358,139.71405960478322,0.347904410940268,0.05185185185185173,1.206963939626926,0.6510851708319713,-0.4278675155416243,-0.016014629866491898,0.043724616795493255,0.01577987854202132,0.6465705340357006,0.23841947511739978,-0.45386491521272176,Oil & Gas Equipment & Services,Energy,CLB
2014Q1,2014,Q1,2014-04-25,2014-03-31,61064000.0,262903000.0,82827000.0,1.35,94601000.0,0.35983233359832334,680363000.0,160779000.0,318508000.0,148461000.0,513429000.0,50906000.0,454503000.0,8904451869.72,9160198869.72,3.5830374768484488,2.1453984548130487,0.41007520985121176,1.7353012520291828,0.14313755448118567,3.5830374768484488,0.37980084463767033,33.869723318942725,36.45540690799816,55.38317734107066,0.3683184855233853,3.3061328723529644,0.002525815213453136,0.38641578098750223,1.626252012312998,0.08975208822349245,153.6415879239423,0.35983233359832334,-0.04929577464788722,1.1415805674111743,0.5047227447203643,-0.20375404309850842,-0.0648101466037941,-0.0565478029788023,-0.05789551508809445,0.3295316235021181,0.2816998634510802,-0.4218329828719766,Oil & Gas Equipment & Services,Energy,CLB
2013Q4,2013,Q4,2014-02-13,2013-12-31,64724000.0,276279000.0,87917000.0,1.42,101157000.0,0.3661407490254417,661010000.0,163323000.0,303868000.0,135775000.0,491621000.0,46821000.0,415930000.0,8612110229.55,8854024229.55,3.6212410220891424,2.2380261461977535,0.4039303490113614,1.63480954917556,0.1547594610790461,3.6212410220891424,0.3962944594453935,31.171787322054875,33.264748121060194,52.730541500890865,0.224290834929856,3.7402447619657844,0.0016856495810038585,0.41796493245185395,1.7065291843122814,0.09791682425379344,109.54931983552547,0.3661407490254417,0.05185185185185173,0.6258433761748119,0.4158225912128515,0.06471396386502389,0.021963367446935333,0.045706438322966315,0.03925717528015509,0.767708814426388,0.44762787689006045,-0.3845575223865826,Oil & Gas Equipment & Services,Energy,CLB
2013Q3,2013,Q3,2013-10-18,2013-09-30,61895000.0,273163000.0,84596000.0,1.35,98983000.0,0.36235873818928627,657476000.0,178217000.0,307828000.0,137830000.0,473185000.0,53646000.0,370905000.0,7676445836.64,7910248836.64,3.928393323126657,2.2333889574113037,0.3893784716096101,1.4364903460388179,0.14631350578339877,3.928393323126657,0.34730132366721467,28.102070326654783,31.005920658534617,43.07358914491884,0.2361580095322724,3.2468403981657534,0.0019041364077933619,0.41547219974569416,1.680940288761518,0.09414031842987425,119.4963548667497,0.36235873818928627,0.046511627906976785,0.590591929849575,0.36965981914409796,0.4453922193631253,0.05669783926893842,0.0371841276224948,0.03330931121669985,0.5831027724299472,0.3521028966038337,-0.28324433925096915,Oil & Gas Equipment & Services,Energy,CLB
2013Q2,2013,Q2,2013-07-19,2013-06-30,59676000.0,263139000.0,81869000.0,1.29,93672000.0,0.355979159303638,655116000.0,181313000.0,308684000.0,140956000.0,467638000.0,54831000.0,447612000.0,6917180953.830001,7143973953.830001,3.966658740481221,2.189931609864071,0.381631649967334,1.378902781378059,0.1429220625061967,3.966658740481221,0.3291324946363471,26.287175043722144,28.978068879574703,38.15049640031327,0.24612909712447215,3.0907151064179024,0.0021234083795172868,0.4016677962376129,1.5981582905303782,0.09109226457604455,120.57349707734144,0.355979159303638,0.05737704918032792,0.7810961888378828,0.3392579000443322,0.6693200662024061,0.02646372333081298,0.055913369665227544,0.035831319508584585,0.7037173764940998,0.2923291923523085,-0.23643054781176245,Oil & Gas Equipment & Services,Energy,CLB
2013Q1,2013,Q1,2013-04-19,2013-03-31,56516000.0,260927000.0,79037000.0,1.22,91257000.0,0.34974149858006265,655443000.0,182008000.0,312867000.0,150750000.0,467536000.0,50767000.0,402951000.0,6171407068.400001,6389502068.400001,3.9554857894552686,2.0754029850746267,0.36772381427523065,1.3242384950112083,0.13807248715540404,3.9554857894552686,0.3105138235681948,23.65185307921373,27.299380124212615,33.90733961364336,0.2622266260881874,3.3421316997262003,0.002401397256046219,0.3980925877612546,1.5633565505804312,0.08622565196363376,104.65688285849953,0.34974149858006265,0.04273504273504278,0.9246071787018433,0.45256036089161183,1.437751556381947,0.29295834514026636,0.03129504936041313,0.04176991617019033,0.7856193086486846,0.4096916692354065,-0.17412507620206885,Oil & Gas Equipment & Services,Energy,CLB
2012Q4,2012,Q4,2013-02-19,2012-12-31,54801000.0,254455000.0,75868000.0,1.17,70580000.0,0.2773771393763141,636516000.0,182230000.0,296907000.0,140510000.0,448603000.0,49265000.0,361255000.0,5066454116.41,5281301116.41,3.931657297651528,2.11306668564515,0.36774095230913284,1.2844921253361137,0.13668169578408035,3.931657297651528,0.30072435932612634,19.911002402821715,23.112963798151494,27.802524921308237,0.23857228882684622,3.732365776920735,0.0025805029907709906,0.39976214266412785,1.5795530567219416,0.08609524348170353,65.3710710089932,0.2773771393763141,0.026315789473684237,0.6341030649826526,0.5284478805576642,2.1064540385029695,-0.21653512715486142,0.007315773027222763,0.006473865746882462,1.29980819795246,0.38875424756434807,-0.353496202358481,Oil & Gas Equipment & Services,Energy,CLB
2012Q3,2012,Q3,2012-10-19,2012-09-30,54403000.0,245428000.0,75380000.0,1.14,90087000.0,0.3670608080577603,638532000.0,232974000.0,301130000.0,118882000.0,401700000.0,53807000.0,326058000.0,5733302640.0,5921733640.0,4.901826291870056,2.5330159317642704,0.3337170259282229,0.9146471280057002,0.1258974695278776,4.901826291870056,0.23351532789066592,23.360426031259678,26.346445232799663,24.609195189162737,0.2435895079315479,2.8870035497240134,0.002311407722931577,0.3843628823614165,1.724870039198533,0.08520011526438769,137.8728030011543,0.3670608080577603,0.029588941130994383,0.7112021623816526,0.43051088523817727,2.3732813360003226,-0.005947520579083265,0.028101141431703076,0.04511549233286194,0.6968827932633112,0.41367481036299053,-0.0913415752173926,Oil & Gas Equipment & Services,Energy,CLB
2012Q2,2012,Q2,2012-07-20,2012-06-30,52916000.0,247006000.0,72126000.0,1.107238,90626000.0,0.3668979700897954,622673000.0,220387000.0,291437000.0,126177000.0,398520000.0,58181000.0,363903000.0,5538976900.0,5722244900.0,4.611474963905338,2.3097474183092004,0.331917394844485,0.9377867115573968,0.1278494211252662,4.611474963905338,0.24010490636925044,22.424462968510888,26.168724487867568,25.132956571848613,0.25115277042860384,2.687819047455355,0.0023993600695464174,0.3966865433381566,1.538434104472289,0.0849820050010198,142.1307356752457,0.3668979700897954,-0.020143362831858365,0.8405910551343435,0.4695741104358967,1.8709291786522546,0.06554890595054731,-0.019184074437915886,-0.024084648066462804,0.7054143578723862,0.41863735753819586,-0.09836542058304977,Oil & Gas Equipment & Services,Energy,CLB
2012Q1,2012,Q1,2012-04-23,2012-03-31,53951000.0,234191000.0,73906000.0,1.13,85051000.0,0.3631693788403483,610678000.0,210533000.0,284326000.0,131673000.0,396414000.0,58119000.0,324277000.0,6308123650.0,6484139650.0,4.391135676295756,2.1593341079796162,0.3267728655690888,0.9478466558686762,0.13552490650245252,4.391135676295756,0.2562591137731377,26.93580731112639,29.230800402216822,29.96263602380624,0.24715019184074438,2.5661143515889813,0.002113782281360322,0.3834934286154078,1.482407175351059,0.08834606781315194,136.11228072068184,0.3631693788403483,0.015082509140233973,1.087328146524476,0.469861452429771,2.685892197026817,-0.052377662893306,0.01648579395583691,0.013966633739435847,0.7708562819808632,0.2544859286103613,-0.02417319074994423,Oil & Gas Equipment & Services,Energy,CLB
2011Q4,2011,Q4,2012-02-15,2011-12-31,53076000.0,243786000.0,72888000.0,1.11321,89752000.0,0.3681589590870682,605139000.0,177903000.0,280814000.0,137461000.0,423484000.0,53214000.0,283660000.0,5435415000.0,5631502000.0,3.729622641509434,2.0428630666152583,0.3725078039921407,1.267089368925763,0.1362093875864982,3.729622641509434,0.2983423551036239,22.2958455366592,25.602037644132942,30.552688824809024,0.21989223000979727,2.8946141992708685,0.002147214150161487,0.4028595083113136,1.4559547799012083,0.08770877434771185,119.38095761036679,0.3681589590870682,0.19699999999999998,1.2675777956165974,0.7157465326202069,1.66342281738173,0.10761180768091617,0.18296297947266366,0.14668680385123656,0.2606167702217409,0.181248478378057,0.09658022819793921,Oil & Gas Equipment & Services,Energy,CLB
2011Q3,2011,Q3,2011-10-25,2011-09-30,44867000.0,231344000.0,63564000.0,0.93,81032000.0,0.3502662701431634,562901000.0,134382000.0,254423000.0,210119000.0,424851000.0,52536000.0,296172000.0,4186616980.0,4409690980.0,2.883362657168605,1.2108519458021407,0.426531485998426,1.786660415829501,0.12823800274810332,2.883362657168605,0.3338765608489232,18.096933484335015,23.32793021597165,31.154596448929173,0.25958945327300686,2.8611238008222935,0.00278195976743017,0.4109852354143979,0.831029083519339,0.07970673351086603,98.25202365586351,0.3502662701431634,0.12048192771084348,1.1765401271014104,0.7262154202683219,-0.23374790687642108,0.102296223745783,0.1091691181923809,0.0996661072954691,0.12233517100547253,0.12912342041468375,0.06088917465032538,Oil & Gas Equipment & Services,Energy,CLB
2011Q2,2011,Q2,2011-07-29,2011-06-30,40451000.0,225785000.0,57803000.0,0.83,73512000.0,0.32558407334411055,552233000.0,249063000.0,254691000.0,236098000.0,300031000.0,42508000.0,459634000.0,5184824133.06,5252193133.06,5.3580384420106455,1.0787511965370313,0.16646958801810105,0.36910339954148147,0.1242538756476228,5.3580384420106455,0.1624127228853744,22.963545554664837,32.043856351264495,20.81731984702666,0.27601295394427827,3.582219817446128,0.002153399944427931,0.40885821745531326,0.7825945158366441,0.07324987822169265,160.89446495143522,0.32558407334411055,-0.11702127659574467,1.3462721456111464,0.7733798660233089,0.4258722254904303,0.050426532157809754,-0.1261395549794772,0.02308005451423919,0.18718293873454236,0.12999051576901205,1.25486528383512,Oil & Gas Equipment & Services,Energy,CLB
2011Q1,2011,Q1,2011-04-22,2011-03-31,46290000.0,206733000.0,56499000.0,0.94,69983000.0,0.3385187657509928,597274000.0,280270000.0,304719000.0,252511000.0,314258000.0,38493000.0,546372000.0,4620638250.0,4650466250.0,6.197236042012161,1.206755349271913,0.18390052136875204,0.3919042352017697,0.12448073271342441,6.197236042012161,0.1651621650551254,22.35075314536141,24.954840408295528,16.486381881756877,0.24938431626701232,3.552593978125893,0.0024983561524211505,0.3461275729397228,0.9438123487689645,0.07750211795591302,86.18503441329528,0.3385187657509928,1.5196413369155417,2.2705383580702865,0.7171122666059514,0.5382465642878201,-0.06289501874665239,0.15893044915126933,-0.08245095491750032,0.6038728617393266,0.17094648619543024,2.8193341123750955,Oil & Gas Equipment & Services,Energy,CLB
2010Q4,2010,Q4,2011-02-22,2010-12-31,39942000.0,208193000.0,61576000.0,-1.80894,74680000.0,0.3587056241083994,636042000.0,289491000.0,349320000.0,279353000.0,343702000.0,33979000.0,536991000.0,4381260000.0,4403787000.0,5.883963414634146,1.2504608864053723,0.24590671685203178,0.5402827721759916,0.09746375023187993,5.883963414634146,0.13797320123941678,21.044223388874745,27.422637824846024,15.134356508492491,0.0674978719142757,3.929279849318697,0.0006153480962097661,0.32732586841749445,1.0331229662828034,0.06279773977190185,152.43406861039594,0.3587056241083994,-3.28979746835443,8.590149916028535,0.8409951280796593,0.5406280661120785,0.01675992865798037,0.036001452508170356,0.022568377700649317,0.12201815777657862,0.17810740305816525,3.6489967278460425,Oil & Gas Equipment & Services,Energy,CLB
2010Q3,2010,Q3,2010-10-25,2010-09-30,38554000.0,199221000.0,60217000.0,0.79,73449000.0,0.3686810125438583,645029000.0,245189000.0,363616000.0,323405000.0,397039000.0,30537000.0,519052000.0,3938557440.0000005,3984896440.0000005,5.480798462088698,1.1243363584360169,0.3322207218590172,0.8739870059423547,0.09148812535107384,5.480798462088698,0.1572419643621859,19.76979053413044,25.539227058152203,16.063352923662972,0.8227421279244695,4.118675704882602,0.008053710142158037,0.30885588089837823,0.955662404724726,0.05977095603453488,77.58258361895759,0.3686810125438583,0.11267605633802827,5.006906812803338,0.934424263027378,0.32941766720161014,0.04949632064013717,0.12678279167640868,0.12094192107222636,0.28836911096941453,0.23365738787832818,2.771711614752012,Oil & Gas Equipment & Services,Energy,CLB
2010Q2,2010,Q2,2010-07-26,2010-06-30,34216000.0,198902000.0,53720000.0,0.71,69985000.0,0.3518566932459201,652661000.0,231957000.0,373971000.0,337412000.0,418268000.0,33762000.0,530500000.0,3295467055.0000005,3360503055.0000005,5.194889252200398,1.108351214538902,0.36566916055961673,1.0288889751117665,0.07907049601152975,5.194889252200398,0.14751009885452906,16.568295215734384,24.078406703004443,14.207232612078965,0.08358662613981763,3.8184053077424323,0.0008678587745736089,0.3047554549758604,0.9222760304909132,0.05242537856559531,77.73244616110391,0.3518566932459201,0.02898550724637684,2.9002050527496124,0.9628939763765175,0.3217872007013222,0.11531657875025897,0.06244371991926719,0.04487191955342034,0.2738387760651354,0.2665958708483447,2.2341407577281305,Oil & Gas Equipment & Services,Energy,CLB
2010Q1,2010,Q1,2010-04-29,2010-03-31,32205000.0,188337000.0,51413000.0,0.69,62749000.0,0.3331740443991356,614150000.0,224242000.0,335777000.0,328809000.0,387437000.0,32652000.0,498963000.0,3062028000.0000005,3136175000.0000005,4.7894489534387015,1.0211916340489464,0.3466824065781975,0.9494876071387162,0.08018499044656474,4.7894489534387015,0.14361716360003923,16.258239220121382,23.769818351187705,13.655015563542959,0.08371370905138954,3.8462575033688595,0.0008804622296073059,0.30666286737767645,0.8203972519000392,0.05243832939835545,54.555347693623396,0.3331740443991356,0.34213574967184657,3.1144657367828077,0.8100984110721708,0.27977317532736173,0.028099092309204706,0.36363636363636365,0.16119342307344836,0.2759288212713168,0.21046925009723647,3.020233904598888,Oil & Gas Equipment & Services,Energy,CLB
2009Q4,2009,Q4,2009-12-31,2009-12-31,23617000.0,181599000.0,44276000.0,0.514105968914624,61034000.0,0.3360921590977924,658166000.0,279368000.0,390537000.0,106408000.0,376408000.0,32184000.0,469454000.0,2713098280.0,2741165280.0,6.08141407984675,3.670184572588527,0.31771923800378626,0.7485180836745797,0.053493737369030105,6.08141407984675,0.08453724120156926,14.940050771204687,28.719759918702632,9.711557085994102,0.09789558368971503,3.7461160825254787,0.0008521622740478092,0.2759167140204751,2.958452372002105,0.03588304470300806,91.61230052338342,0.3360921590977924,-0.22690831742161807,2.2152925790682563,0.9271946471387175,0.8088033217688552,0.09720099951462419,-0.23786627081450884,0.0017421208624629517,0.04769539607199029,0.3271014283878308,3.3428996923010503,Oil & Gas Equipment & Services,Energy,CLB
2009Q3,2009,Q3,2009-09-30,2009-09-30,30988000.0,167802000.0,44199000.0,0.665,55627000.0,0.33150379614068964,590799000.0,247816000.0,308282000.0,85614000.0,340740000.0,34317000.0,448136000.0,2367874210.0,2436026210.0,5.394575297139623,3.6008363118181608,0.34762584229154075,0.8287479420214998,0.07529235921968337,5.394575297139623,0.12504438777157245,14.111120308458778,19.103154527559056,9.554969049617458,0.6299212598425197,3.2687880642247285,0.008243681153991706,0.28402553152595045,2.98089097577499,0.05245100279452064,43.90399588378173,0.33150379614068964,0.031007751937984523,3.8996887123611446,0.7817519098039197,0.5342518667386439,-0.04527589461941131,0.03962156540409971,-0.14488856214208326,0.525116224805096,0.2702922008340886,0.4336055170406807,Oil & Gas Equipment & Services,Energy,CLB
2009Q2,2009,Q2,2009-06-30,2009-06-30,29807000.0,167262000.0,51688000.0,0.645,58265000.0,0.34834570912699836,575874000.0,234810000.0,288540000.0,84856000.0,338948000.0,36858000.0,436668000.0,2000528250.0000002,2098991250.0000002,5.114571988673491,3.4003488262468182,0.35026585676727895,0.8590307056769303,0.07415194984444695,5.114571988673491,0.12694093096546144,11.960446784087242,16.779013738383604,8.519774498530728,0.08524843157647533,2.957214173313799,0.0012701645177967368,0.2904489523749987,2.677382860375224,0.05175958629839166,59.84409494750068,0.34834570912699836,0.02380952380952383,13.243020941493098,0.9326223076216869,0.47957046732544956,-0.07286296225574439,0.021067415730337078,0.10873249104442395,0.75050552953081,0.33014831800451927,0.3610813402794913,Oil & Gas Equipment & Services,Energy,CLB
2009Q1,2009,Q1,2009-03-31,2009-03-31,29192000.0,178876000.0,46619000.0,0.63,62844000.0,0.35132717636798677,543286000.0,206726000.0,258361000.0,86647000.0,334355000.0,32976000.0,409156000.0,1680485200.0,1805555200.0,4.499912929908576,2.9817650928479926,0.3646440364743432,0.9583022938575699,0.07863467825910023,4.499912929908576,0.1412110716600718,9.394693530714013,14.391658673609207,8.129046177065295,0.07885722115648122,3.5186802523047063,0.0013698424716861535,0.3292483148838733,2.361224277816889,0.05373228833432115,35.47797411700129,0.35132717636798677,-0.16775650933301633,6.3795905814322795,1.1480352194297232,0.20957316848644597,-0.11479843367045102,-0.2887632784329013,-0.10957674383069753,1.0304088667499978,0.4626100159388637,0.11694561206010334,Oil & Gas Equipment & Services,Energy,CLB
2008Q4,2008,Q4,2009-02-20,2008-12-31,41044000.0,201188000.0,52356000.0,0.75699,70994000.0,0.3528739288625564,537651000.0,158153000.0,242028000.0,95690000.0,377340000.0,34838000.0,406212000.0,1391745000.0,1594265000.0,3.4011397849462366,2.5292925070540284,0.4438901815489974,1.5090323926830347,0.08985123234804648,3.4011397849462366,0.25952084373992274,6.917634252539913,8.47715256797583,8.79999114781256,0.05611051554429393,3.7371261266433207,0.0016547571573815604,0.3741981322456389,1.8855784303479988,0.07633948416351871,39.067622950819676,0.3528739288625564,-0.07684146341463403,6.425828223774894,1.3897732189230725,-0.08958111485841079,0.03916976492286074,0.038694166772111856,-0.04928273106954785,9.42695304274584,0.8823515637957783,-0.1094622722455562,Oil & Gas Equipment & Services,Energy,CLB
2008Q3,2008,Q3,2008-10-27,2008-09-30,39515000.0,202523000.0,55070000.0,0.82,68318000.0,0.3373345249675346,565730000.0,125207000.0,263431000.0,94375000.0,438401000.0,32259000.0,367471000.0,2333804880.0,2575752880.0,2.7178735781887644,2.791321854304636,0.5306824810421933,2.397813221305518,0.0933963704300972,2.7178735781887644,0.3155973707540313,11.52365351095925,14.765309882323166,18.63957190891883,0.0,4.160234353203757,0.0,0.357985257985258,2.2096423841059605,0.0698478072578792,81.3597657312184,0.3373345249675346,0.1884057971014493,7.565021974126031,1.4490051525179555,-0.286975703647987,0.023061487316181975,0.17216932158642578,0.0009269525073156546,4.978623838470397,0.9096279329669674,-0.3407549689963173,Oil & Gas Equipment & Services,Energy,CLB
2008Q2,2008,Q2,2008-07-25,2008-06-30,33711000.0,197688000.0,55019000.0,0.69,66778000.0,0.33779490914977134,554426000.0,109282000.0,277999000.0,390294000.0,443108000.0,31648000.0,376833000.0,3273338250.0,3519477250.0,2.3762122200478366,0.7122809984268269,0.5424835776099967,2.7522098790285683,0.0905678263845807,2.3762122200478366,0.3084771508574148,16.558102919752336,24.275001112396545,29.95313272085064,0.0,4.136438321536906,0.0,0.3565633646329718,0.5220936012339416,0.06080342552477697,82.125,0.33779490914977134,0.13114754098360648,8.911964990278594,1.6884550154946059,-0.4054299357899515,0.11363484757521179,0.14925169604200048,0.2428616607933496,2.7307626403912444,0.8941125432822953,-0.39539675513218375,Oil & Gas Equipment & Services,Energy,CLB
2008Q1,2008,Q1,2008-05-12,2008-03-31,29333000.0,179437000.0,44268000.0,0.61,59964000.0,0.3341785696372543,522908000.0,74581000.0,244683000.0,93477000.0,446739000.0,31613000.0,91829000.0,2741752600.0,3015131600.0,1.6225959446523366,2.6175743765846144,0.5773596885111721,4.048028318204368,0.0790625675871506,1.6225959446523366,0.39330392459205427,15.279750553118921,23.367475198581804,36.762078813638865,0.0,3.7792363900926835,0.0,0.34315214148569156,1.8749318014056935,0.05609590979675201,138.9213923794082,0.3341785696372543,-0.15630489204851944,34.39462754173778,1.6948221474420375,-0.5842620641628883,-0.0057864805265863085,-0.174323031019535,-0.2531128732917159,2.817334542692663,0.7566778767241112,-0.5664313818669875,Oil & Gas Equipment & Services,Energy,CLB
2007Q4,2007,Q4,2008-02-22,2007-12-31,35526000.0,176359000.0,59270000.0,0.72301,60313000.0,0.3419899182916664,504790000.0,62143000.0,220699000.0,98040000.0,441161000.0,29363000.0,62496000.0,3061876000.0,3339286000.0,1.265641547861507,2.251111791105671,0.6003030963370907,4.876285341872777,0.09839851203997653,1.265641547861507,0.5716814444104726,17.36160899075182,21.54672634127118,49.27145454838035,0.0,3.9521166093382827,0.0,0.34937102557499156,1.6610363117095064,0.07037778085936726,104.59727393844156,0.3419899182916664,0.12094573643410857,12.444749382819575,1.4701366678922863,-0.6666087204350155,0.04859348377899093,0.1273084978104969,0.2896557726619957,3.5251467857906404,0.7510572562805784,-0.6235585003943263,Oil & Gas Equipment & Services,Energy,CLB
2007Q3,2007,Q3,2007-10-26,2007-09-30,31514000.0,170065000.0,45958000.0,0.645,57518000.0,0.33821186017111105,534346000.0,68460000.0,245591000.0,114957000.0,464287000.0,30273000.0,116848000.0,3010221240.0,3268059240.0,1.4531329597554763,2.1363727306732083,0.5614452059152684,4.382208588957055,0.08668568854853767,1.4531329597554763,0.4603271983640082,17.70041595860406,23.88003141460938,43.97051183172656,0.0,3.7177352756581774,0.0,0.3182675644619778,1.5749367154675227,0.05897676786202199,141.57086206085688,0.33821186017111105,0.09322033898305093,7.4066800538427096,1.5730452239828479,-0.6445781058445359,0.044945861492624084,0.09412214005485539,0.09684964200477326,3.8586880329676476,0.7607819829952389,-0.5867196519981048,Oil & Gas Equipment & Services,Energy,CLB
2007Q2,2007,Q2,2007-07-27,2007-06-30,28803000.0,168393000.0,41900000.0,0.59,55044000.0,0.32687819564946285,525959000.0,76908000.0,247658000.0,99302000.0,447574000.0,31948000.0,85334000.0,2434458600.0,2680759600.0,1.606265664160401,2.4939880364947333,0.5716833441389918,3.9096322879284338,0.07745499208572872,1.606265664160401,0.37451240443126854,14.45700593255064,21.130252057077385,31.654166016539243,0.0,3.547921622636785,0.0,0.3201637389986672,1.843477472759864,0.054762823718198565,68.90822270655835,0.32687819564946285,0.13461538461538453,10.040268986639939,1.6736525182290538,-0.5997849482529014,0.13553657630894914,0.14017100783785924,0.14106753812636166,12.196984927934725,0.8656358901087171,-0.5353309632489862,Oil & Gas Equipment & Services,Energy,CLB
2007Q1,2007,Q1,2007-04-26,2007-03-31,25262000.0,155723000.0,36720000.0,0.52,48474000.0,0.31128349697860946,488210000.0,55826000.0,213047000.0,83383000.0,431014000.0,32482000.0,246031000.0,1964136900.0,2236928900.0,1.1913358941527956,2.5550411954475134,0.6181376866512361,5.405742843836205,0.07187892576235545,1.1913358941527956,0.4525131659083581,12.613017344900882,19.437662299105376,35.183192419302834,0.0,3.3017979188473614,0.0,0.3189672477007845,1.820838780087068,0.05174412650293931,125.21591865357644,0.31128349697860946,0.0585672699142968,3.6174326373632546,1.5947817871273964,-0.6989921641050053,0.04072825643557979,0.003535534104000318,-0.0011424840868287905,5.5639598122013485,0.8332884044816513,-0.6797698189570733,Oil & Gas Equipment & Services,Energy,CLB
