Year,Date,FillingDate,NetIncome,Revenue,OperatingIncome,EPSDiluted,GrossProfit,GrossProfitRatio,TotalAssets,CommonStockEquity,CurrentAssets,CurrentLiability,TotalLiability,Inventory,RetainedEarnings,EnterpriseValue,bookValuePerShare,currentRatio,debtToAssets,debtToEquity,roic,shareholdersEquityPerShare,roe,priceToSalesRatio,peRatio,pbRatio,payoutRatio,inventoryTurnover,dividendYield,assetTurnover,quickRatio,returnOnAssets,priceToFreeCashFlowsRatio,grossProfitMargin,epsdilutedGrowth,fiveYNetIncomeGrowthPerShare,fiveYRevenueGrowthPerShare,fiveYShareholdersEquityGrowthPerShare,grossProfitGrowth,netIncomeGrowth,operatingIncomeGrowth,threeYNetIncomeGrowthPerShare,threeYRevenueGrowthPerShare,threeYShareholdersEquityGrowthPerShare,Industry,Sector,Price,MarketCap,AvgVolume,Symbol
2022,2022-12-31,2023-02-10,19453000.0,489735000.0,41524000.0,0.42,78919000.0,0.1611463342,578354000.0,188954000.0,211702000.0,103135000.0,389400000.0,60445000.0,85949000.0,1146152180.0,4.078085207407088,2.0526688321132496,0.3845222822008666,1.1769531208653958,0.05906837799885255,4.078085207407088,0.1029509827788774,1.9177518045473572,48.27996607207115,4.970469955650581,0.09525523055569834,6.796525767226404,0.001972976335847123,0.8467737752310869,1.186221942114704,0.0336351092929244,63.71710854816825,0.16114633424198802,0.0,-0.7768370060044573,-0.2922006513279704,0.2440070200459962,-0.05869513358778626,-0.013889592943681249,-0.08258583359109187,-0.8173914218416607,-0.29836613304085013,-0.006853928050092273,Oil & Gas Equipment & Services,Energy,24.17,1127878548,574668,CLB
2021,2021-12-31,2022-02-10,19727000.0,470252000.0,45262000.0,0.42,83840000.0,0.1782873863,580853000.0,161001000.0,189055000.0,90782000.0,419852000.0,45443000.0,68349000.0,1259021790.0,3.499337086222261,2.0825163578683,0.4308559997107702,1.5544251277942374,0.053592379324126554,3.499337086222261,0.12252718927211632,2.1827887813342635,52.03329396258935,6.375493257805852,0.09296902722157449,8.503223818849987,0.0017867219263192704,0.8095886566824997,1.261626754202375,0.033962121225163684,44.55124956597222,0.17828738633753818,1.1926605504587156,-0.7037253539161068,-0.24124233657469782,0.02078666583492044,-0.08504578045027446,1.2032181966149187,-0.18847491662781943,-0.76106600408224,-0.3537000938678,-0.010713392833179696,Oil & Gas Equipment & Services,Energy,24.17,1127878548,574668,CLB
2020,2020-12-31,2021-02-08,-97073000.0,487267000.0,55774000.0,-2.18,91633000.0,0.1880550089,568579000.0,75573000.0,165848000.0,89750000.0,493006000.0,38151000.0,50456000.0,1492257270.0,1.6991478741821615,1.8478885793871866,0.5750792765824978,4.326651052624615,0.12631600725637956,1.6991478741821615,-1.2844931390840644,2.419792988238481,-12.146377159457316,15.60193812605031,-0.1282127883139493,10.370213100574034,0.01055564030581096,0.8569908491168333,1.080757660167131,-0.17072913350651361,25.638976907019224,0.18805500885551454,-1.956140350877193,-1.8053085249291094,-0.41788483013884736,3.4773922686930647,-0.3892192020049858,-1.9518547208848533,-0.4231310247817633,-2.1601078146403623,-0.2663645244767787,-0.48168030433998765,Oil & Gas Equipment & Services,Energy,24.17,1127878548,574668,CLB
2019,2019-12-31,2020-02-10,101983000.0,668210000.0,96684000.0,2.28,150026000.0,0.224519238,774673000.0,182140000.0,221237000.0,111594000.0,592533000.0,50163000.0,160539000.0,2041620190.0,4.106229005568456,1.982516981199706,0.49283245963135414,2.0961018996376413,0.17359701705742075,4.106229005568456,0.5599154496541122,2.500603388156418,16.384379651510546,9.173867299879214,0.9567673043546473,10.330004186352491,0.058395088779967255,0.8625704006722836,1.2784827141244153,0.13164651407755273,24.843560468643137,0.22451923796411308,0.2737430167597764,-0.6103556259567843,-0.3942590393560597,1.046103815289263,-0.17018722862911032,0.2823856348867037,-0.18494039891419803,0.5886998515916635,0.11831986156483798,0.19782224817727542,Oil & Gas Equipment & Services,Energy,24.17,1127878548,574668,CLB
2018,2018-12-31,2019-02-11,79526000.0,700846000.0,118622000.0,1.79,180795000.0,0.2579668001244211,648827000.0,156759000.0,230977000.0,102547000.0,487927000.0,45664000.0,156130000.0,2920596972.7,3.5372328513006734,2.2524013379230987,0.4466059519717891,1.8485063058580369,0.20145152143914485,3.5372328513006734,0.5073137746477077,3.7725020513779057,33.24627131629907,16.866291394433492,1.2228830822624048,11.38864313244569,0.0367825633926919,1.080173913847605,1.5238476015875648,0.12256888199782068,29.741979084548234,0.2579668001244211,-0.047872340425531845,-0.6666796233721375,-0.33558657924429464,-0.023198723939121722,0.12554395532562612,-0.043296240601503756,0.05498043400924938,-0.33787553440628837,-0.1597061834141807,6.1573576682354965,Oil & Gas Equipment & Services,Energy,24.17,1127878548,574668,CLB
2017,2017-12-31,2018-02-12,83125000.0,659809000.0,112440000.0,1.88,160629000.0,0.24344772502345377,584812000.0,144844000.0,207427000.0,105018000.0,436080000.0,33317000.0,173855000.0,5052968657.75,3.2781850437277305,1.9751566398141271,0.38814012024377065,1.5671273922288806,0.24706228327182536,3.2781850437277305,0.5738932920935628,7.336031575425616,58.23013122105263,33.41788170549004,1.1686375939849625,14.982741543356244,0.020069293499418578,1.1282412125606178,1.475985069226228,0.14213969617586505,46.04754376314012,0.24344772502345377,0.29907461663478857,-0.596436062431083,-0.2945097970669686,-0.1662078366581268,0.2827230984228389,0.3009625166288442,0.3047262094013623,-0.6811639606661267,-0.3995355132926343,0.6334955785708641,Oil & Gas Equipment & Services,Energy,24.17,1127878548,574668,CLB
2016,2016-12-31,2017-02-10,63895000.0,594741000.0,86179000.0,1.447184,125225000.0,0.21055383772095754,573052000.0,151354000.0,186461000.0,104023000.0,417755000.0,33720000.0,187957000.0,5501641370.440001,3.4280787586112207,1.792497812983667,0.37778072496038756,1.4303421118701851,0.2005315318882515,3.4280787586112207,0.42215600512705315,8.911303189859115,82.94729431786526,35.01669840532791,1.4890836528679865,13.923962040332148,0.017952166675402535,1.0378482231978947,1.3027791930630725,0.11149947997738426,44.09872752752054,0.21055383772095754,-0.46000597014925376,-0.6373028513701834,-0.31306291507120293,-0.10809793302485642,-0.47253918310440546,-0.44365111844453925,-0.46495933445085985,-0.7311900611098643,-0.4340612923382214,-0.05334145457307447,Oil & Gas Equipment & Services,Energy,24.17,1127878548,574668,CLB
2015,2015-12-31,2016-02-12,114847000.0,797520000.0,161070000.0,2.68,237411000.0,0.2976865783930184,625258000.0,-29064000.0,238547000.0,120758000.0,648957000.0,40906000.0,219207000.0,5016448909.7,-0.6858614582980588,1.9754136371917388,0.6892946591646968,-14.828894852738783,0.3097640415981426,-0.6858614582980588,-3.9515207817230937,5.777856241473568,40.122562275897494,-158.54513864918798,0.8205264395238883,13.692587884417934,0.02045049949406637,1.2755054713414302,1.4524255121813876,0.1836793771531112,23.649584073844068,0.2976865783930184,-0.535528596187175,-0.16160231045252263,0.06172931400222557,-1.1062111401580774,-0.39629248197734296,-0.553966250461192,-0.5351930996072501,-0.41863563691698275,-0.11087587593843169,-1.1744458904665318,Oil & Gas Equipment & Services,Energy,24.17,1127878548,574668,CLB
2014,2014-12-31,2015-02-17,257485000.0,1085222000.0,346531000.0,5.77,393255000.0,0.36237286011525754,675653000.0,87573000.0,301820000.0,131866000.0,581660000.0,43371000.0,415906000.0,5583924654.56,2.0068527192438412,2.288838669558491,0.5268976826862309,4.065179907048976,0.601449390255894,2.0068527192438412,2.9402327201306337,4.838894396317067,20.394487657766472,59.96453992166536,0.3459968541856807,15.95460100066865,0.01696521432613292,1.6061824634834745,1.7555169641909212,0.38109058940018026,19.7409661122744,0.36237286011525754,0.09280303030303017,1.386028725150021,0.6425343466833513,-0.6700022901097349,0.021258527692439536,0.06043383536989675,0.03932589324543592,0.47882773263653133,0.26822426686262885,-0.4778661126404814,Oil & Gas Equipment & Services,Energy,24.17,1127878548,574668,CLB
2013,2013-12-31,2014-02-13,242811000.0,1073508000.0,333419000.0,5.28,385069000.0,0.35870156533533054,661010000.0,163323000.0,303868000.0,135775000.0,491621000.0,46821000.0,415930000.0,8854024229.55,3.6212410220891424,2.2380261461977535,0.4039303490113614,1.63480954917556,0.5813864585764975,3.6212410220891424,1.4866920152091254,8.022399674292133,35.46836934714654,52.730541500890865,0.24151294628332323,14.703637256786484,0.006809248655316406,1.6240419963389359,1.7065291843122814,0.3673333232477572,33.226887621676674,0.35870156533533054,0.16299559471365643,0.7251378028692672,0.4026987320315919,0.053631779811031025,0.14486656518326474,0.12375561736651379,0.12156552744886975,0.6654356021156097,0.34278530441065413,-0.43922182375183944,Oil & Gas Equipment & Services,Energy,24.17,1127878548,574668,CLB
2012,2012-12-31,2013-02-19,216071000.0,981080000.0,297280000.0,4.54,336344000.0,0.3428303502262812,636516000.0,182230000.0,296907000.0,140510000.0,448603000.0,49265000.0,361255000.0,5281261116.41,3.931657297651528,2.11306668564515,0.36774095230913284,1.2844921253361137,0.5362324168587315,3.931657297651528,1.1857048784503101,5.164160024065316,23.448098617630315,27.802524921308237,0.24505833730579302,13.087100375520146,0.010451096325632854,1.541328104870891,1.5795530567219416,0.33945886670562875,24.786593721276105,0.3428303502262812,0.18848167539267022,0.8120546493041307,0.4859924939613036,1.9782732669753311,0.0702083180867955,0.16994975200883672,0.18554439809534445,0.8850840663476515,0.3980116793685081,-0.353496202358481,Oil & Gas Equipment & Services,Energy,24.17,1127878548,574668,CLB
2011,2011-12-31,2012-02-15,184684000.0,907648000.0,250754000.0,3.82,314279000.0,0.3462564782823297,605139000.0,177903000.0,280814000.0,137461000.0,423484000.0,53214000.0,283660000.0,5470376700.0,3.8435596076567426,2.0428630666152583,0.3725078039921407,1.267089368925763,0.4806406054929875,3.8435596076567426,1.0381162768474956,5.810941796819913,28.558454982564815,29.646996959016995,0.24922028979229385,11.150618258353065,0.008726672711967262,1.4999000229699293,1.4559547799012083,0.3051926912659736,30.315668557699492,0.3462564782823297,0.27333333333333326,1.4286367241184694,0.7138338573184575,1.6920326591074304,0.11897615563459765,0.27441224977055834,0.10500339317663027,0.2785713621356771,0.1556247654427604,0.1183173187099371,Oil & Gas Equipment & Services,Energy,24.17,1127878548,574668,CLB
2010,2010-12-31,2011-02-22,144917000.0,794653000.0,226926000.0,3.0,280863000.0,0.3534410616961114,636042000.0,289491000.0,349320000.0,279353000.0,343702000.0,33979000.0,536991000.0,4014638500.0,6.457528440776266,1.2504608864053723,0.24590671685203178,0.5402827721759916,0.353803733110782,6.457528440776266,0.5005924191080207,5.023716641099952,27.54757205848865,13.790105737311348,0.2758268526121849,15.120809912004473,0.010012746387469388,1.2493718968244236,1.0331229662828034,0.2278418720776301,22.423813402235577,0.3534410616961114,0.23203285420944555,4.393622298938244,0.9093237332733161,0.5695274883988146,0.18123817134205325,0.2756329002499912,0.2149243503121286,0.25652063477527015,0.24441489665099317,3.891648195631076,Oil & Gas Equipment & Services,Energy,24.17,1127878548,574668,CLB
2009,2009-12-31,2009-12-31,113604000.0,695539000.0,186782000.0,2.435,237770000.0,0.3418499897202026,658166000.0,279368000.0,390537000.0,106408000.0,376408000.0,32184000.0,469454000.0,2741165280.0,6.08141407984675,3.670184572588527,0.31771923800378626,0.7485180836745797,0.25474252153987226,6.08141407984675,0.4066464305145901,3.900713374807164,23.882066476532515,9.711557085994102,0.23480687299742967,14.223496147153865,0.009831932811516139,1.0567835470078977,2.958452372002105,0.1726069107185725,16.508654286131527,0.3418499897202026,-0.18833333333333332,9.823989159195394,0.905483280497746,0.7190662241093684,-0.10630924549151675,-0.2089023209821522,-0.09641870612878725,0.5052355834065294,0.32327563902142586,3.2594279750182276,Oil & Gas Equipment & Services,Energy,24.17,1127878548,574668,CLB
2008,2008-12-31,2009-02-20,143603000.0,780836000.0,206713000.0,3.0,266054000.0,0.34072967947174565,537651000.0,158153000.0,242028000.0,95690000.0,377340000.0,34838000.0,406212000.0,1579778880.0,3.4369132475660638,2.5292925070540284,0.4438901815489974,1.5090323926830347,0.35861040491716506,3.4369132475660638,0.9080004805473181,1.7638260531020598,9.590738912139718,8.708395541026729,0.19250990578191263,14.776451001779666,0.020072479038944373,1.452310141709027,1.8855784303479988,0.2670933374996048,11.11562173635828,0.34072967947174565,0.20967741935483872,9.082759000821849,1.5274335513185167,-0.05789419545466473,0.2019661258916914,0.18577267660294786,0.12436904399286366,4.206964096477522,0.8277708476207231,-0.1646448224317043,Oil & Gas Equipment & Services,Energy,24.17,1127878548,574668,CLB
TTM,,,,,,,,,,,,,,,,1346899548.0,4.2919518831174495,2.3835752530745418,0.3963936342793417,1.1756423899955533,0.06555961201927611,4.2919518831174495,0.1271246976204995,2.24323535624146,47.53075957619972,5.63147040279589,0.0782660032048579,6.160776335719165,0.0016549441456350847,0.8469956217561154,1.3279511419727266,0.039948316844025694,177.06099654631083,0.17484799847252636,,,,,,,,,,,Oil & Gas Equipment & Services,Energy,24.17,1127878548,574668,CLB
