Quarters,Year,Quarter,FillingDate,Date,NetIncome,Revenue,OperatingIncome,EPSDiluted,GrossProfit,GrossProfitRatio,TotalAssets,CommonStockEquity,CurrentAssets,CurrentLiability,TotalLiability,Inventory,RetainedEarnings,MarketCap,EnterpriseValue,bookValuePerShare,currentRatio,debtToAssets,debtToEquity,roic,shareholdersEquityPerShare,roe,priceToSalesRatio,peRatio,pbRatio,payoutRatio,inventoryTurnover,dividendYield,assetTurnover,quickRatio,returnOnAssets,priceToFreeCashFlowsRatio,grossProfitMargin,epsdilutedGrowth,fiveYNetIncomeGrowthPerShare,fiveYRevenueGrowthPerShare,fiveYShareholdersEquityGrowthPerShare,grossProfitGrowth,netIncomeGrowth,operatingIncomeGrowth,threeYNetIncomeGrowthPerShare,threeYRevenueGrowthPerShare,threeYShareholdersEquityGrowthPerShare,Industry,Sector,Symbol
2023Q4,2023,Q4,2023-03-31,2023-03-31,12250000000.0,728270000000.0,979897000000.0,0.97,728270000000.0,1.0,254258199000000.0,9133296000000.0,67152100000000.0,3596984000000.0,245049740000000.0,0.0,5093911000000.0,4759830517930.776,-42791475482069.23,720.7632756457302,18.66900158577297,0.07709011578423082,2.146081108068763,0.0048684104482574295,720.7632756457302,0.0013412463583792752,6.535804739905222,97.13939832511788,0.5211514570348729,,0.0,,0.0028642930802793894,18.66900158577297,4.817937060900837e-05,0.0,1.0,-0.9412477286493034,-0.8784116608753064,0.292033299648694,0.008253240992175859,0.09081078004496429,-0.9414752069866659,0.07195898122561857,-0.7251816993796526,0.3490315346209911,0.06842022549940173,Banks—Regional,Financial Services,MFG
2023Q3,2023,Q3,2022-12-31,2022-12-31,209313000000.0,667641000000.0,914118000000.0,16.51,667641000000.0,1.0,251791237000000.0,8952882000000.0,660883.0,1269862.0,242762605000000.0,0.0,5091194000000.0,4708855378682.0,-34855140621318.0,706.247608800089,0.5204368663681566,0.0686118119352978,1.929641538892169,0.02983912233281564,706.247608800089,0.02337939894661853,7.052975144848803,5.624179313614061,0.5259597276812092,,0.0,,0.0026515656698568903,44760650.40838217,0.0008312958087576336,0.0,1.0,0.19811320754717,1.0302290732333819,0.13044826933996947,-0.01703053811207864,-0.01128159713532141,0.19833400125951794,0.3021753778171577,0.8003513823724443,0.09871699668530393,0.012380535976495799,Banks—Regional,Financial Services,MFG
2023Q2,2023,Q2,2022-09-30,2022-09-30,174670000000.0,675259000000.0,701993000000.0,13.78,675259000000.0,1.0,256127422000000.0,8923278000000.0,54458168000000.0,3146641000000.0,247131370000000.0,0.0,4989307000000.0,4046304499591.9004,-32146984500408.1,703.9122988729708,17.306762353887844,0.07131168875779338,2.0468799694462056,0.019109321519862082,703.9122988729708,0.019574645102393987,5.992225945291955,5.7913558418616535,0.45345494106447204,,0.0,,0.0026364182121819037,17.306762353887844,0.0006819652446273402,0.0,1.0,0.09626093874303891,-0.3126516423958553,-0.2617103616047279,0.026030383276274084,0.0411425047218903,0.09652592062475673,3896842.6362021496,0.3951858304015887,0.13412747784548548,0.009968608005338433,Banks—Regional,Financial Services,MFG
2023Q1,2023,Q1,2022-06-30,2022-06-30,159294000000.0,648575000000.0,180144.0,12.57,648575000000.0,1.0,250620956000000.0,8908102000000.0,53943945000000.0,3057406000000.0,241641479000000.0,0.0,4814355000000.0,3834002951446.977,-28706061048553.023,703.0266827679768,17.64369697711066,0.08540339699286759,2.4027431432644124,4.637918768488682e-09,703.0266827679768,0.01788192366903747,5.911425743278691,6.017180420240211,0.430395043910249,,0.0,,0.0025878721809679795,17.64369697711066,0.0006355972882012309,0.0,1.0,1.8963133640552996,0.34796556285715485,1.5096879562036047,0.03645090870551545,-0.11551401308369666,1.8947282342037834,-0.9999987630276105,-0.018644413790021963,0.08592431111899734,0.01954135280832696,Banks—Regional,Financial Services,MFG
2022Q4,2022,Q4,2022-03-31,2022-03-31,55029000000.0,733279000000.0,145633000000.0,4.34,733279000000.0,1.0,237066140000000.0,9077474000000.0,51359301000000.0,3053909000000.0,227865111000000.0,0.0,4756435000000.0,3986443014374.5996,-26477250985625.4,716.0760419320817,16.817561034071414,0.08814252005790452,2.3019186835456646,0.005482806198235118,716.0760419320817,0.006062149007532272,5.436461448336308,18.110646270033072,0.43915774524659607,,0.0,,0.0030931410111962846,19.022503944944006,0.00023212509386620966,0.0,1.0,-0.4281949934123847,-0.45042217695447306,-0.5060450216684428,0.051734493168976055,0.07373755714415409,-0.42794918707638574,-0.21578731974195772,1.175686968664512,3.81307839376516,0.037951061076615195,Banks—Regional,Financial Services,MFG
2022Q3,2022,Q3,2021-12-31,2021-12-31,96196000000.0,676141000000.0,185706000000.0,7.59,682922000000.0,1.0100289732,225424989000000.0,9286268000000.0,167928039000000.0,3188007000000.0,216018735000000.0,0.0,4703422000000.0,3719475982050.738,-20058094017949.266,732.5467452465904,52.6749279408734,0.09727088863249318,2.3612595501228264,0.005275625963780125,732.5467452465904,0.010358951518521757,5.501035999962638,9.666399803657995,0.40053506769896563,,0.0,,0.0029994057136229916,14.336498947461534,0.00042673174977952424,0.0,1.0100289732467045,-0.28790019612777173,-0.35138353963397617,1.1597546579076625,0.09658132325667738,-0.009041533592685514,-0.2880487877083395,0.0,0.9031292893559941,-0.1292230437546793,0.04904602513442138,Banks—Regional,Financial Services,MFG
2022Q2,2022,Q2,2021-09-30,2021-09-30,135116000000.0,689153000000.0,0.0,10.658618298625273,689153000000.0,1.0,227195390000000.0,9523923000000.0,165999875000000.0,3400739000000.0,217554506000000.0,0.0,4712422000000.0,3997675829383.5996,-21124081170616.4,751.2941469736974,48.81288302336639,0.09662903811560614,2.3051080946370526,0.0,751.2941469736974,0.01418701096176439,5.800853844332971,7.396747663828857,0.4197509607525806,,0.0,,0.003033305385289728,13.842705658975888,0.0005947127712406489,0.0,1.0,-0.4606508299450829,-0.40835518161726686,1.0681148461228807,0.1393265560795808,0.099118826803614,-0.46070303862441675,0.0,-0.3184759785841753,0.10270232500596822,0.03588907323254731,Banks—Regional,Financial Services,MFG
2022Q1,2022,Q1,2021-06-30,2021-06-30,250541000000.0,627005000000.0,0.0,19.762,627005000000.0,1.0,226889093000000.0,9350344000000.0,160586847000000.0,3144053000000.0,217424884000000.0,0.0,4577306000000.0,4030972550104.5,-16901342449895.5,737.6013770156089,51.076380391806374,0.09428012919069671,2.2877375420626236,0.0,737.6013770156089,0.026794843056041573,6.428932066099154,4.022268361370494,0.43110419788881565,,0.0,,0.0027634867401933683,13.461429562415137,0.001104244354311029,0.0,1.0,1.1488234831412498,0.8654908851289531,0.8063601872554879,0.13765392559959103,-0.012181423172116956,1.1484273170062427,0.0,0.556711433542387,-0.01902175039202165,0.0232369661075966,Banks—Regional,Financial Services,MFG
2021Q4,2021,Q4,2021-03-31,2021-03-31,116616000000.0,634737000000.0,0.0,9.19666047725381,634737000000.0,1.0,225586211000000.0,9256408000000.0,170503925000000.0,12781600000000.0,216224004000000.0,0.0,4421655000000.0,4081495245692.5503,-22198015754307.453,729.9859505979966,13.339795096075608,0.09620477201950965,2.3445887432792505,0.0,729.9859505979966,0.01259840750321291,6.430214790838647,8.749861180482418,0.4409372669930442,,0.0,,0.0028137225107256222,5.877571509044251,0.0005169464901380874,0.0,1.0,2.0275715250012984,-0.23976724998920335,0.08271769163311801,0.1185450345654591,0.05826009973440837,-0.16031710601162147,0.0,0.15670036712476773,0.12533544145491557,0.02115455301158916,Banks—Regional,Financial Services,MFG
2021Q3,2021,Q3,2020-12-31,2020-12-31,138881000000.0,599793000000.0,0.0,3.037636072776139,599793000000.0,1.0,217901468000000.0,8906097000000.0,157790357000000.0,3011962000000.0,208892023000000.0,0.0,4304317000000.0,3334381533099.551,-19270921466900.453,702.3594557049523,52.387897656079325,0.09359450024448665,2.289934524629588,0.0,702.3594557049523,0.015593924027551014,5.559220486233668,6.0022276861117625,0.3743931301331605,0.0,0.0,0.0,0.002752588156037572,14.27630295468535,0.0006373568809550195,0.0,1.0,-0.586716180574675,-0.12183131634437441,-0.1744680670469676,0.052070024648673434,-0.0016212608215830763,0.4909713574097136,0.0,0.34669596246329304,0.015282662620522573,-0.02244214688503829,Banks—Regional,Financial Services,MFG
2021Q2,2021,Q2,2020-09-30,2020-09-30,93148000000.0,600767000000.0,0.0,7.35,600767000000.0,1.0,221045717000000.0,8803009000000.0,158769393000000.0,5255822000000.0,212140512000000.0,0.0,4260606000000.0,3416070237372.7495,-19010845762627.25,694.2207541668088,30.208289588193818,0.09080185887519368,2.280056966884846,0.0,694.2207541668088,0.010581381888851868,5.686181560193469,9.168393946656797,0.38805711062805337,0.0,0.0,0.0,0.002717840490888136,13.14780694627786,0.0004213969909220182,0.0,1.0,-0.23755186721991708,-0.5647060602309567,-0.01877449506558168,0.08251542314049232,-0.0664637263631264,-0.2388314606741573,0.0,-0.6335586868505887,-0.34334874559378553,0.011903880094949384,Banks—Regional,Financial Services,MFG
2021Q1,2021,Q1,2020-06-30,2020-06-30,122375000000.0,643539000000.0,0.0,9.64,643539000000.0,1.0,220609837000000.0,8621748000000.0,161794919000000.0,2538043000000.0,211882582000000.0,0.0,4167459000000.0,3365934275857.075,-16765693724142.922,679.9261932818853,63.74790301031149,0.08813751582618684,2.2552274782329524,0.0,679.9261932818853,0.014193757460784055,5.23035010443357,6.87627022647002,0.39040044731730444,0.0,0.0,0.0,0.002917091135877137,15.592971041073772,0.0005547123449440742,0.0,1.0,1.7404474431117587,-0.24775286167058513,-0.05119755923108204,0.02431023458242923,0.1912734098343055,1.7435265104808877,0.0,0.03478923928960509,1.4883657396999561,0.0023945579207421248,Banks—Regional,Financial Services,MFG
2020Q4,2020,Q4,2020-03-31,2020-03-31,44605000000.0,540211000000.0,0.0,3.5176737376338254,540211000000.0,1.0,214659077000000.0,8554183000000.0,169946628000000.0,5325503000000.0,205995230000000.0,0.0,4174190000000.0,3146832508419.6,-20686008491580.4,674.6065437958464,31.911845322404286,0.0802989756636287,2.015026332731016,0.0,674.6065437958464,0.005214407968592676,5.825191468555065,17.63721840836005,0.3678706088494483,,0.0,,0.002516599845437703,11.227178728469404,0.00020779461378192732,0.0,1.0,-0.6163932674336068,-0.5115804068823876,-0.053756163799190085,0.01766037119587303,-0.11124071691569627,-0.6164495464121416,0.0,-0.5546525139021667,-0.6362027388103412,-0.009173705193038149,Banks—Regional,Financial Services,MFG
2020Q3,2020,Q3,2019-12-31,2019-12-31,116295000000.0,607826000000.0,0.0,9.17,607826000000.0,1.0,203757052000000.0,8845883000000.0,156112999000000.0,2722520000000.0,194792075000000.0,0.0,4128524000000.0,4265860613262.3384,-24515242386737.664,697.6108130317568,57.34135984308655,0.06630743754576897,1.527332884687713,0.0,697.6108130317568,0.01314679382487876,7.018226619562734,9.170343981388577,0.48224248650613377,,0.0,,0.0029830918441046154,15.534031338612756,0.0005707532517696614,0.0,1.0,1.3004379842124005,-0.07213224418940803,-0.20806300566058475,0.12174928121851207,0.020583746245174766,-0.07134871835822088,0.0,-0.21608336943490644,0.9409944954944388,0.04428419542703727,Banks—Regional,Financial Services,MFG
2020Q2,2020,Q2,2019-09-30,2019-09-30,125230000000.0,595567000000.0,0.0,3.9861974384584538,595567000000.0,1.0,204727684000000.0,8837688000000.0,155428960000000.0,5288433000000.0,195753747000000.0,0.0,4107437000000.0,4199360371560.8994,-25557495628439.1,696.9645326533259,29.390361946535013,0.06685977066003443,1.548826570931221,0.0,696.9645326533259,0.014169995591607218,7.051029307468176,8.38329547943963,0.47516503994720105,,0.0,,0.0029090692004311446,11.942076225604069,0.00061169060067128,0.0,1.0,-0.6885783251204333,-0.5209599988060265,-0.08168693440208177,0.3201640180561013,-0.0035503413982857306,-0.22905970277890642,0.0,-0.4517980842846076,0.7867653003803267,0.056936492712126224,Banks—Regional,Financial Services,MFG
2020Q1,2020,Q1,2019-06-30,2019-06-30,162438000000.0,597689000000.0,0.0,12.8,597689000000.0,1.0,202767108000000.0,8743694000000.0,153196346000000.0,3018839000000.0,193885326000000.0,0.0,3982168000000.0,3945547442181.45,-23244881557818.547,689.5519056990573,50.74677583004592,0.06629327178646746,1.5373473728609441,0.0,689.5519056990573,0.018577731562884062,6.601338559320065,6.072389838248208,0.45124491344064077,,0.0,,0.0029476624976078466,13.459652535295854,0.0008011062622641932,0.0,1.0,1.4987886166571416,0.0003189576639199816,-0.05430975436115452,0.23446459959734514,2.9213292218868916,1.5183700692168507,0.0,0.20914905644489723,0.7214186127581323,0.0635438827368279,Banks—Regional,Financial Services,MFG
2019Q4,2019,Q4,2019-03-31,2019-03-31,-313363000000.0,152420000000.0,0.0,-25.662173458939403,152420000000.0,1.0,200792226000000.0,8749511000000.0,160562696000000.0,7769208000000.0,191598188000000.0,0.0,3915521000000.0,4420378673760.56,-25111978326239.438,689.8938387223493,20.666546191066065,0.07757394452113898,1.7802417757975275,0.0,689.8938387223493,-0.03581491582786741,29.001303462541397,-3.5265639799214967,0.50521436840991,,0.0,,0.0007590931334164302,8.23132177694303,-0.0015606331292925654,0.0,1.0,-7.431622420786817,-3.6169765101613756,1.7718340446709537,0.3067709754075365,-0.8037923355174234,-7.196741086436354,0.0,-3.042502620202464,-0.7400499844074295,0.05711257462974144,Banks—Regional,Financial Services,MFG
2019Q3,2019,Q3,2018-12-31,2018-12-31,50569000000.0,776830000000.0,0.0,3.99,776830000000.0,1.0,201634284000000.0,8856096000000.0,152604121000000.0,3147972000000.0,192328185000000.0,0.0,4223408000000.0,4197748314074.412,-23460615685925.586,698.2980038008573,48.476962628638375,0.08017068664771314,1.8253143371526235,0.0,698.2980038008573,0.005710078120201046,5.4036897571855,20.752577241365323,0.4739953489748092,,0.0,,0.0038526682297738615,13.921192119879084,0.0002507956434630928,0.0,1.0,-0.5927505212667498,-0.8704598438343361,-0.32382068334535713,0.31369156069534515,0.24243301468694872,-0.7450452494391087,0.0,-0.6802975617406261,0.06901782170884328,0.0459863423259773,Banks—Regional,Financial Services,MFG
2019Q2,2019,Q2,2018-09-30,2018-09-30,198345000000.0,625249000000.0,0.0,9.797434271520489,625249000000.0,1.0,207560759000000.0,9198103000000.0,155565670000000.0,8962087000000.0,197888149000000.0,0.0,4268037000000.0,5057570705173.0,-21285007294827.0,725.2650562566934,17.358196812862897,0.09749852090298051,2.2001131102793696,0.0,725.2650562566934,0.021563685468623257,8.088890514295905,6.374714140982883,0.5498493227541592,,0.0,,0.0030123661284164028,7.709940999233773,0.0009555997046628645,0.0,1.0,-0.22733168205674378,4.332560736598661,3.146191522233176,0.448565270466791,-0.022209676738327095,0.2318417538738627,0.0,-0.07325045581153439,0.021051864854298323,0.13092356365087782,Banks—Regional,Financial Services,MFG
2019Q1,2019,Q1,2018-06-30,2018-06-30,161015000000.0,639451000000.0,0.0,12.68,639451000000.0,1.0,207552619000000.0,9142122000000.0,156714289000000.0,3304343000000.0,197932212000000.0,0.0,4069202000000.0,4750162470391.08,-25024486529608.92,720.850987060653,47.42676199171817,0.07916366981618285,1.7972443378025365,0.0,720.850987060653,0.017612431774592374,7.428501121104009,7.375341537110022,0.5195907985466701,,0.0,,0.003080910291958301,13.983196054404763,0.0007757791772311965,0.0,1.0,0.5782091025347136,-0.3813725529381828,-0.10507178219154494,0.47871835699015053,0.13339855970251105,0.5966740708420928,0.0,-0.010385127327461382,-0.05737222891618896,0.08596352214505139,Banks—Regional,Financial Services,MFG
2018Q4,2018,Q4,2018-03-31,2018-03-31,100844000000.0,564189000000.0,0.0,8.034423309075482,564189000000.0,1.0,205028300000000.0,9067004000000.0,160739291000000.0,7040900000000.0,195207054000000.0,0.0,4002835000000.0,4996966699272.134,-26948543300727.867,714.8633362551457,22.829367126361685,0.07696425322748128,1.740359880727967,0.0,714.8633362551457,0.011122086192969585,8.856902029766857,12.387863182916519,0.5511155282684483,,0.0,,0.0027517615860834822,10.2230355494326,0.0004918540513675429,0.0,1.0,-0.012108110204160681,-0.8013830500378742,-0.19605221348956492,0.5078031517369146,-0.04523301033307498,-0.02239370261938461,0.0,0.10394338418102021,-0.012012480775287833,0.07838872127497282,Banks—Regional,Financial Services,MFG
2018Q3,2018,Q3,2017-12-31,2017-12-31,103154000000.0,590918000000.0,0.0,8.132897326179993,590918000000.0,1.0,208443982000000.0,9112924000000.0,157255877000000.0,2418863000000.0,198574534000000.0,0.0,3901581000000.0,5203562364031.177,-27054629635968.82,718.4837740977712,65.01231239636144,0.07510624605127722,1.717938720875978,0.0,718.4837740977712,0.011319528177783552,8.805895850238404,12.61115023176798,0.5710090816110369,,0.0,,0.0028349007456593303,19.808330194806402,0.0004948763644325313,0.0,1.0,-0.5942955804907594,0.23643145223568413,0.2241422432068676,0.6658650377356915,-0.3542733693140033,-0.5942955804907594,0.0,-0.1771923578200141,-0.23029238967952123,0.15531273613536942,Banks—Regional,Financial Services,MFG
2018Q2,2018,Q2,2017-09-30,2017-09-30,254259000000.0,915121000000.0,0.0,20.046361180925594,915121000000.0,1.0,208977063000000.0,8701600000000.0,155430668000000.0,5245118000000.0,199776302000000.0,0.0,1196269000000.0,5064006553349.007,-29793946446650.992,686.0540490285188,29.63339776149936,0.07975463316756443,1.9153821136342741,0.0,686.0540490285188,0.02921979865771812,5.533701612517915,4.979181222050161,0.5819626911543863,,0.0,,0.004379049963009577,14.157574529305156,0.0012166837659116686,0.0,1.0,1.1508971224169091,0.8694637077212212,0.5865530450371892,0.839373776669642,2.537615537163246,1.1494547299010904,0.0,-0.02764033045626962,0.4106714042782269,0.2994977901115795,Banks—Regional,Financial Services,MFG
2018Q1,2018,Q1,2017-06-30,2017-06-30,118290000000.0,258683000000.0,0.0,9.32,258683000000.0,1.0,200639561000000.0,8603276000000.0,149140353000000.0,2046606000000.0,191284072000000.0,0.0,3638845000000.0,5213864969848.641,-21478299030151.36,678.3019599510296,72.8720393666392,0.07535407735466487,1.757354872725227,0.0,678.3019599510296,0.013749413595472236,20.155421770462848,11.019242898488125,0.606032512481134,,0.0,,0.0012892920952912172,20.429517454751917,0.0005895646870957816,0.0,1.0,0.17993847070756103,-0.3908046812773219,-0.6267557422537817,0.6930978139295982,-0.8235586206520235,0.19618966720262113,0.0,-0.2717405962400994,-0.590806488117838,0.21432447720981904,Banks—Regional,Financial Services,MFG
2017Q4,2017,Q4,2017-03-31,2017-03-31,98889000000.0,1466113000000.0,0.0,7.898716951241683,1466113000000.0,1.0,200508610000000.0,8524020000000.0,158428028000000.0,4199496000000.0,191235249000000.0,0.0,3615449000000.0,5163763791617.909,-25643065208382.094,680.8524837618252,37.72548610595176,0.08140674856805401,1.9149126820443876,0.0,680.8524837618252,0.011601216327507444,3.5220776240425598,13.054444355838136,0.6057897320299471,,0.0,,0.007311970293943986,16.250196214021873,0.0004931907911585443,0.0,1.0,-0.3248607242339833,-0.7537967333258951,7.815920256621341,0.829571364017599,3.7418632857350778,-0.32486072423398327,0.0,2.475937662423314,26.008644788986313,0.28964518071621026,Banks—Regional,Financial Services,MFG
2017Q3,2017,Q3,2016-12-31,2016-12-31,146472000000.0,309185000000.0,0.0,11.69938890354106,309185000000.0,1.0,204383032000000.0,8363459000000.0,153572190000000.0,2397031000000.0,195268699000000.0,0.0,3515270000000.0,5225674344066.52,-19646719655933.484,668.0277419562824,64.06766954620112,0.08497162817312545,2.0765043506520446,0.0,668.0277419562824,0.01751332791850836,16.901448466343837,8.919237711075358,0.6248221392687546,,0.0,,0.0015127723518652957,17.621446280836587,0.0007166544040700992,0.0,1.0,-0.3505834781683396,2.1865660110821574,-0.6175816970062532,0.6120313086099309,-0.06051066700293833,-0.3505834781683397,0.0,-0.6199114878960933,-0.7273758086008748,0.2567448312062017,Banks—Regional,Financial Services,MFG
2017Q2,2017,Q2,2016-09-30,2016-09-30,225544000000.0,329099000000.0,0.0,18.015231381153153,329099000000.0,1.0,192679978000000.0,8255687000000.0,142995057000000.0,2619203000000.0,183709718000000.0,0.0,3464082000000.0,4257032046055.6567,-21056600953944.344,659.4194991459676,54.5948737077653,0.0903142671108256,2.1078501401518737,0.0,659.4194991459676,0.0273198341942954,12.9354147112439,4.71862701518956,0.5156484307188072,,0.0,,0.0017080082913441064,16.308542713184124,0.0011705627244777868,0.0,1.0,0.7255968755893826,-0.30411046575879497,-0.4409210076003174,0.7761926990802469,-0.03999311569999621,0.7004350153423955,0.0,4.838823774418587,1.2107162182302251,0.31705254084842577,Banks—Regional,Financial Services,MFG
2017Q1,2017,Q1,2016-06-30,2016-06-30,132639000000.0,342809000000.0,0.0,10.44,342809000000.0,1.0,197715575000000.0,8117139000000.0,144044617000000.0,4041305000000.0,188882351000000.0,0.0,3238184000000.0,3656011893053.136,-22135403106946.867,648.3530363830655,35.64309474291102,0.09248977982639961,2.2528467234576124,0.0,648.3530363830655,0.016340609665548414,10.664865546275436,6.890906696094542,0.4504064662503791,,0.0,,0.0017338492427822138,10.906893936488338,0.0006708576195881381,0.0,1.0,-0.1241610738255034,0.19762886627811135,-0.509584960730697,0.6804738082094672,-0.4077430211223563,-0.12421757388479518,0.0,-0.4837688955646122,-0.5139922132781392,0.32999961700721575,Banks—Regional,Financial Services,MFG
2016Q4,2016,Q4,2016-03-31,2016-03-31,151452000000.0,578818000000.0,0.0,11.92,578818000000.0,1.0,193458580000000.0,8170572000000.0,143614509000000.0,7942005000000.0,184105336000000.0,0.0,3197616000000.0,4107703304552.461,-14228678695447.54,652.6209746052712,18.08290337263701,0.09293508202117476,2.2004688288653473,0.0,652.6209746052712,0.01853627873299446,7.096709681717675,6.78053658015817,0.5027436640363075,,0.0,,0.0029919479404842114,7.86636019493818,0.000782865252086519,0.0,1.0,-0.044260900527281946,15.014396865611467,5.729904537538791,0.9352620902181932,-0.17984243489103635,-0.01409991016677733,0.0,-0.6978026809090642,-0.16440735730954825,0.3765203955686315,Banks—Regional,Financial Services,MFG
2016Q3,2016,Q3,2015-12-31,2015-12-31,153618000000.0,705740000000.0,0.0,12.4720229679588,705740000000.0,1.0,195537344000000.0,8222805000000.0,139583012000000.0,5814954000000.0,186117985000000.0,0.0,3045962000000.0,5993677389321.239,-10479252610678.762,667.5976306230159,24.004147238310054,0.10699178771703066,2.5442522350949583,0.0,667.5976306230159,0.01868194612422403,8.492755673932665,9.754191223231066,0.7289090996711268,,0.0,,0.003609233845377382,6.430630405674748,0.0007856197535341382,0.0,1.0,-0.26094026633823414,218.3341370245193,-0.14273139934331097,0.16844269150348032,0.18668605970927252,-0.26094026633823414,0.0,0.8961018259692243,0.5055146221461045,0.5478812357684927,Banks—Regional,Financial Services,MFG
2016Q2,2016,Q2,2015-09-30,2015-09-30,207856000000.0,594715000000.0,0.0,16.87552764668232,594715000000.0,1.0,192337495000000.0,7898938000000.0,131067093000000.0,9416954000000.0,184199048000000.0,0.0,354721000000.0,5483531723418.0,-7884405276582.0,641.3033378802129,13.918204655135833,0.11558245572450655,2.814408721780067,0.0,641.3033378802129,0.02631442353389785,9.220436214687707,6.595349332492206,0.6942112627568415,,0.0,,0.003092038814376781,6.6459323258879675,0.001080683722120848,0.0,1.0,0.3565536693474533,-0.5200775580909401,-0.4730308875673488,0.3190054693541469,-0.0973109743695604,0.31540277311934795,0.0,0.5737612526974353,0.06174578826841708,0.7193930190455587,Banks—Regional,Financial Services,MFG
2016Q1,2016,Q1,2015-06-30,2015-06-30,158017000000.0,658826000000.0,0.0,12.44,658826000000.0,1.0,191841095000000.0,8175898000000.0,133852482000000.0,5548027000000.0,182470718000000.0,0.0,2778190000000.0,6591368947747.72,-6132992052252.281,663.7893192183756,24.126141058794413,0.10157403970197314,2.38335593227802,0.0,663.7893192183756,0.019327173602214705,10.004718920849692,10.428259218545664,0.8061951051429116,,0.0,,0.003434227687242924,5.805746078741145,0.000823686916507644,0.0,1.0,0.7822349570200571,-0.3361016166315338,-0.3463675229651372,0.4821769074174622,0.18804571667634426,0.7812961480796763,0.0,-0.16199247784472598,-0.02111526740725137,0.6568730619023798,Banks—Regional,Financial Services,MFG
2015Q4,2015,Q4,2015-03-31,2015-03-31,88709000000.0,554546000000.0,0.0,6.98,554546000000.0,1.0,189684749000000.0,8164938000000.0,136388577000000.0,8659968000000.0,179884211000000.0,0.0,2769371000000.0,5231304044549.7295,-4016523955450.2695,662.8994926893957,15.749316510176481,0.10463855478439123,2.4309232966618977,0.0,662.8994926893957,0.010864626283751328,9.433489817886576,14.742878525712525,0.6407034621144373,,0.0,,0.0029235138983155677,6.56654966854381,0.00046766543155243336,0.0,1.0,-0.2938313233183443,-0.9360565783107857,0.16520149460256817,0.7329902363735527,-0.24169627156097787,-0.2571741988427496,0.0,-0.7755085843659345,2.3894092849283837,0.7813284932813431,Banks—Regional,Financial Services,MFG
2015Q3,2015,Q3,2014-12-31,2014-12-31,119421000000.0,731298000000.0,0.0,9.88432400145471,731298000000.0,1.0,195996433000000.0,7513653000000.0,130996765000000.0,7632108000000.0,186841300000000.0,0.0,2678815000000.0,4946897468072.04,-2591555531927.961,621.8954847681914,17.163903472015857,0.1050884380125428,2.7412709902892773,0.0,621.8954847681914,0.015893866804868418,6.76454395892241,10.356004111655489,0.658387799925288,,0.0,,0.0037311801485693363,3.6864535984029576,0.0006093019049994649,0.0,1.0,-0.5205554797215375,1.1790709235336778,-0.45366414386896525,0.060822698868751315,0.18344690980824968,-0.5205554797215375,0.0,2.0024799585130384,-0.06271354111150682,0.5007086220606125,Banks—Regional,Financial Services,MFG
2015Q2,2015,Q2,2014-09-30,2014-09-30,249082000000.0,617939000000.0,0.0,20.616199754903594,617939000000.0,1.0,175699346000000.0,6378470000000.0,111382464000000.0,14543860000000.0,169077975000000.0,0.0,-537479000000.0,4686403425223.884,6902668425223.883,527.9378343303006,7.658383950340556,0.13131719909759937,3.6172226254885578,0.0,527.9378343303006,0.03905043058915383,7.583925638653465,4.703675321002605,0.7347221865469123,,0.0,,0.003517025043451215,3.658348333936108,0.0014176603708018355,0.0,1.0,0.692627237676814,-0.7377523297008609,-0.5483530778464183,0.4159753012765365,0.02615628341979581,0.6098576165146746,0.0,-0.20364066707062284,0.08780216814287896,0.4220376075020271,Banks—Regional,Financial Services,MFG
2015Q1,2015,Q1,2014-06-30,2014-06-30,154723000000.0,602188000000.0,0.0,12.18,602188000000.0,1.0,181751622000000.0,6748730000000.0,118599880000000.0,7738580000000.0,173380933000000.0,0.0,2398426000000.0,5045193290839.183,3877474290839.1836,558.5837827378556,15.325793621051924,0.11539364418987139,3.107693151155847,0.0,558.5837827378556,0.022926239455423464,8.378103334571898,8.151976905242243,0.7475766982586624,,0.0,,0.003313246910115608,2.8610805858439146,0.000851288138710531,0.0,1.0,3.275929222339076,16.925138878309063,-0.5774087946230347,0.22016180181991177,10.495428080557412,3.3929444152309074,0.0,0.44765007454539973,-0.10730857120727033,0.4477998311199882,Banks—Regional,Financial Services,MFG
2014Q4,2014,Q4,2014-03-31,2014-03-31,-64658000000.0,52385000000.0,0.0,-5.351660271527274,52385000000.0,1.0,175699346000000.0,6378470000000.0,111382464000000.0,14543860000000.0,169077975000000.0,0.0,-537479000000.0,4993084720128.206,7209349720128.207,527.9378343303006,7.658383950340556,0.13131719909759937,3.6172226254885578,0.0,527.9378343303006,-0.010136913711281859,95.3151612127175,-19.30574994636474,0.7828028853515351,,0.0,,0.0002981513659134508,3.658348333936108,-0.0003680036464108409,0.0,1.0,-1.173864174159962,0.9690315372482216,1.0918508553000044,2.6954081663027787,-0.9521358196940749,-1.1738641741599622,0.0,-5.19982411770341,-0.3688515397113551,0.5655305552955661,Banks—Regional,Financial Services,MFG
2014Q3,2014,Q3,2013-12-31,2013-12-31,371888000000.0,1094451000000.0,0.0,30.78069589312591,1094451000000.0,1.0,188307952000000.0,6422160000000.0,121645461000000.0,7030635000000.0,180049185000000.0,0.0,2189647000000.0,5545929524351.112,7338109524351.113,531.5539999596585,17.302201152527473,0.12495976802933952,3.6640192707749417,0.0,531.5539999596585,0.05790699702280853,5.067316421065093,3.7282256515073837,0.8635614068087858,,0.0,,0.005812027523935898,3.0920020737813867,0.001974892701291765,0.0,1.0,7.558986930986437,2.2577254400770603,-0.20726132977007083,0.08219029056585866,6.618341918418488,7.558986930986437,0.0,537.3761753913395,0.35531417409720834,-0.06966358491612692,Banks—Regional,Financial Services,MFG
2014Q2,2014,Q2,2013-09-30,2013-09-30,-56699000000.0,143660000000.0,0.0,-4.692903983038834,143660000000.0,1.0,182282429000000.0,6049123000000.0,112600670000000.0,17146218000000.0,176104541000000.0,0.0,-768836000000.0,5100674391420.192,9622522391420.191,500.6782028006106,6.5670849396642454,0.12538319861866665,3.778259096401247,0.0,500.6782028006106,-0.009373094248538176,35.50518161924121,-22.49014264546197,0.843208906715931,,0.0,,0.0007881176523053684,3.283470908861651,-0.0003110502768207022,0.0,1.0,-1.2401690881800835,0.9543217037923157,-0.2923858713791138,0.3037730004835465,-0.7889503785113112,-1.228668336337935,0.0,-1.1334613048160027,-0.8702272212740989,0.029773663837944605,Banks—Regional,Financial Services,MFG
2014Q1,2014,Q1,2013-06-30,2013-06-30,247953000000.0,680693000000.0,0.0,19.54,680693000000.0,1.0,174692831000000.0,5889708000000.0,113269514000000.0,5495294000000.0,166976309000000.0,0.0,1987132000000.0,5004290160241.632,7890540160241.633,487.48362638028334,20.61209354767916,0.11442408303521052,3.3938977959518537,0.0,487.48362638028334,0.0420993706309379,7.351757929406696,5.045603562208999,0.8496669376888688,,0.0,,0.0038965136468593837,3.1122660589224163,0.0014193656292627143,0.0,1.0,-0.5118743969771217,-0.12101256777423568,-0.496177016036239,-0.2928332690927406,0.018266759613572242,-0.4873243804856868,0.0,0.062034536691090034,-0.31152900012005635,0.08850346464715471,Banks—Regional,Financial Services,MFG
2013Q4,2013,Q4,2013-03-31,2013-03-31,483645000000.0,668482000000.0,0.0,40.03068038019748,668482000000.0,1.0,178746994000000.0,5728120000000.0,100265340000000.0,14410870000000.0,172889899000000.0,0.0,-883390000000.0,4537077820855.515,13603755820855.516,474.1091935188347,6.957618797477182,0.12113629166821122,3.7800793279470404,0.0,474.1091935188347,0.08443346158949185,6.787135361693381,2.3452521068425782,0.7920710147230705,,0.0,,0.003739822332340873,3.6988888942860494,0.002705751795747681,0.0,1.0,5.085800704398893,3.7721372841618295,0.04781544985975642,-0.30081592898220255,0.46203207152667813,5.1203067461372,0.0,-0.6445926828039296,0.4319394286116064,0.23944370512296687,Banks—Regional,Financial Services,MFG
2013Q3,2013,Q3,2012-12-31,2012-12-31,79023000000.0,457228000000.0,0.0,6.577717924818471,457228000000.0,1.0,171483170000000.0,5181499000000.0,104746261000000.0,7065803000000.0,164503792000000.0,0.0,1644977000000.0,3830867748713.23,17242800748713.23,431.29770889144913,14.824395896687184,0.13829772915907723,4.577002330792691,0.0,431.29770889144913,0.015250992039176308,8.37846271163015,12.119470751278838,0.7393358077871346,,0.0,,0.0026663141345007794,1.458263130177844,0.0004608207324368916,0.0,1.0,-0.38658169285226357,-0.4279368680986468,-0.6590397317231222,-0.455992094642782,-0.16310415896386485,-0.38658169285226357,0.0,1.1191662700825993,-0.6564787559708875,-0.2642969586237173,Banks—Regional,Financial Services,MFG
2013Q2,2013,Q2,2012-09-30,2012-09-30,128824000000.0,546338000000.0,0.0,10.723054477137223,546338000000.0,1.0,167168993000000.0,4480914000000.0,92619883000000.0,16661821000000.0,162548727000000.0,0.0,-1369686000000.0,2993551323194.421,19676096323194.42,372.9824017990969,5.55880914817174,0.149297687041759,5.5698332974031635,0.0,372.9824017990969,0.0287494917331598,5.479302781784209,5.809382031287689,0.66806712273309,,0.0,,0.003268177849225903,2.7388650976384876,0.0007706213795282,0.0,1.0,-0.29956501286962095,-0.7056254830021664,-0.6383784612582829,-0.5354520672154147,-0.16775887860148125,-0.2995650282731622,0.0,-0.8635977489279454,-0.5984216223306938,0.0003713210444001262,Banks—Regional,Financial Services,MFG
2013Q1,2013,Q1,2012-06-30,2012-06-30,183920000000.0,656466000000.0,0.0,15.309136,656466000000.0,1.0,165058363000000.0,4813038000000.0,99329208000000.0,806475000000.0,158454308000000.0,0.0,1512329000000.0,3172976826280.1187,16069764826280.12,400.6277454087095,123.16464614526178,0.12390765077441122,4.2492899495079826,0.0,400.6277454087095,0.038212870955932614,4.833421420576418,4.312985029197638,0.6592461614223944,,0.0,,0.0039771750311130855,20.060065098112155,0.0011142725315893263,0.0,1.0,-0.5228137283023383,-0.23742496755760775,-0.43582821578394143,-0.5250131905886628,3.1136336577204338,-0.5228137178083472,0.0,20.037625188302737,-0.5367066583612606,-0.12487493048764542,Banks—Regional,Financial Services,MFG
2012Q4,2012,Q4,2012-03-31,2012-03-31,385426000000.0,159583000000.0,0.0,32.08209646420769,159583000000.0,1.0,166361633000000.0,4470766000000.0,98649933000000.0,21484770000000.0,161714609000000.0,0.0,-1606108000000.0,3192553173748.6914,23803111173748.69,372.13770238878527,4.591621553314278,0.16879322770292834,6.280963262223968,0.0,372.13770238878527,0.08621028253323927,20.005596922909653,2.0707951550678287,0.7140953415474421,,0.0,,0.0009592536279083051,2.3207613113847625,0.0023167962050480713,0.0,1.0,4.253804582662089,3.5414871318310492,-0.9081703488315168,-0.5602335066210483,-0.7731488194237138,4.588495987188797,0.0,1.1856495291072062,1.2813962753915769,1.6048534788970732,Banks—Regional,Financial Services,MFG
2012Q3,2012,Q3,2011-12-31,2011-12-31,-107406000000.0,703470000000.0,0.0,-9.859871928129078,703470000000.0,1.0,161386458000000.0,4514174000000.0,100319502000000.0,2019837000000.0,154908155000000.0,0.0,1190870000000.0,2267168716198.2695,13533966716198.27,414.40122061421295,49.66712759494949,0.11514187888056877,4.116443008178241,0.0,414.40122061421295,-0.023793057157300537,3.222836391314867,-5.277099780734479,0.5022333468311744,,0.0,,0.0043589159135024825,7.624975183641056,-0.0006655205234134329,0.0,1.0,-1.3808655874895834,-1.3050243552295815,-0.35295324318534976,-0.4736310625263944,0.37349270563243886,-1.3808655874895834,0.0,0.5971172385781229,-0.4348603681613375,-0.15632094315652437,Banks—Regional,Financial Services,MFG
2012Q2,2012,Q2,2011-09-30,2011-09-30,282005000000.0,512176000000.0,0.0,25.888061962013676,512176000000.0,1.0,162076903000000.0,4044166000000.0,88258437000000.0,12108304000000.0,157897152000000.0,0.0,-1807753000000.0,2383226820457.4673,16232472820457.467,371.25448127752696,7.28908334313377,0.12422589293923021,4.97856616172531,0.0,371.25448127752696,0.06973131172162567,4.653140366704936,2.1127522743014016,0.5892999497195386,,0.0,,0.0031600801256672583,1.042794184883366,0.0017399456355604228,0.0,1.0,1.9264560080845499,-0.06877162467596289,-0.6227775689584851,-0.5025035471976169,-0.15789750596421306,1.926455937902121,0.0,1.2519809838039806,1.7980554656088874,-0.03324816960141559,Banks—Regional,Financial Services,MFG
2012Q1,2012,Q1,2011-06-30,2011-06-30,96364000000.0,608211000000.0,0.0,8.846216,608211000000.0,1.0,156507321000000.0,4202784000000.0,95028696000000.0,1907317000000.0,150072501000000.0,0.0,1090660000000.0,2886792698026.5513,14243990698026.55,385.8156153435566,49.82323127199097,0.10545201907839187,3.926923915195261,0.0,385.8156153435566,0.022928611130146114,4.7463671292142875,7.489292417361648,0.6868762939105486,,0.0,,0.0038861504759895543,6.873638729167726,0.0006157156060450361,0.0,1.0,11.248218407847842,-0.7778362768295202,-0.44603430694906315,-0.5021098447392931,7.127468797605366,11.248218653621185,0.0,-0.6211174716146493,-0.5007047628460484,-0.4403176790544392,Banks—Regional,Financial Services,MFG
2011Q4,2011,Q4,2011-03-31,2011-03-31,-9403000000.0,74834000000.0,0.0,-0.8631954987635488,74834000000.0,1.0,161985670000000.0,3673487000000.0,98136713000000.0,21670849000000.0,157950314000000.0,0.0,-2046024000000.0,3038703791756.5703,22748418791756.57,337.22614518413405,4.52851261157327,0.18483602901417143,8.150508767282966,0.0,337.22614518413405,-0.002559693283248314,40.60592500409667,-80.79080590653436,0.827198732908697,-6.268105923641391,0.0,0.01939609913934039,0.00046197913679648327,2.3046724196177086,-5.804834464678265e-05,0.797218773736642,1.0,-14.041813929398876,-1.1221924899534759,-0.9525084583712143,-0.6014895604735236,-0.8556139311699412,-20.130337078651685,0.0,0.9402234385497273,-0.869902035620791,-0.502681761360709,Banks—Regional,Financial Services,MFG
2011Q3,2011,Q3,2010-12-31,2010-12-31,-445000000.0,518291000000.0,0.0,-0.05738639653535756,518291000000.0,1.0,154051514000000.0,4430558000000.0,96316285000000.0,1673117000000.0,147317346000000.0,0.0,1141079000000.0,2369372590287.5737,13685685590287.574,571.3567601368555,57.566975292224036,0.10363678087577899,3.603474551061063,0.0,571.3567601368555,-0.00010043881605883503,4.571510194635009,-1331.108196790772,0.5347797253275037,-123.10337078651685,0.0,0.02312046666892148,0.003364400560191833,7.519665391003738,-2.8886441193950225e-06,-2.8596270520995146,1.0,-1.0016320093886382,-1.00177530182235,-0.3303159368011485,-0.2742674591888411,-0.2705356300905407,-1.0016320093886384,0.0,-1.0049908862170394,-0.40121372803286887,-0.27933168230215105,Banks—Regional,Financial Services,MFG
2011Q2,2011,Q2,2010-09-30,2010-09-30,272670000000.0,710509000000.0,0.0,35.16303088381112,710509000000.0,1.0,160297671000000.0,3770231000000.0,86648952000000.0,9796675000000.0,156161884000000.0,0.0,-2036176000000.0,1853775333923.5203,17090350333923.52,486.20218246269144,8.844730686687065,0.11878564349197562,5.050370123209957,0.0,486.20218246269144,0.07232182855639349,2.609080720896597,1.6996509828029487,0.4916874679359223,0.04521949609417978,0.0,0.0066512914344930485,0.004432434954092377,1.8955792654140309,0.0017010228426837218,-2.4687116583170243,1.0,0.8196560082522835,0.26486147048967223,-0.2648870354247696,-0.3484688446382724,0.11966119056061143,0.8196560491701536,0.0,-0.034687340750573614,-0.2713991453242285,-0.3944373308527933,Banks—Regional,Financial Services,MFG
2011Q1,2011,Q1,2010-06-30,2010-06-30,149847000000.0,634575000000.0,0.0,19.323999,634575000000.0,1.0,154410282000000.0,3472812000000.0,94973500000000.0,1630789000000.0,148625347000000.0,0.0,869073000000.0,2218957478390.25,10787100478390.25,447.8475652241532,58.23776098563334,0.08343261104853109,3.709631560821605,0.0,447.8475652241532,0.04314860695021786,3.496761578048694,3.7020385432979137,0.6389512240772751,0.839209326846717,0.0,0.05667210896318209,0.004109668033635222,7.237713156024476,0.0009704470327953937,-1.484453068836224,1.0,-0.828434326450095,-0.514697429399366,-0.18807152847575787,-0.4220584006584919,1.1178761664463934,-0.8284343303080229,0.0,-0.03743761183425696,-0.15509224903576127,-0.46902907113574116,Banks—Regional,Financial Services,MFG
2010Q4,2010,Q4,2010-03-31,2010-03-31,873409000000.0,299628000000.0,0.0,112.63324766640476,299628000000.0,1.0,158351456000000.0,2966215000000.0,93859540000000.0,16239740000000.0,155019438000000.0,0.0,-2325109000000.0,2864269785588.06,22158325785588.06,382.517730784552,5.779620855998926,0.15681824232800234,8.371745473608623,0.0,382.517730784552,0.29445235763422406,9.559419632304257,0.8198535238324942,0.9656312120288179,,0.0,,0.0018921707925438967,2.7890075210563716,0.005515636054524185,0.0,1.0,3.040538096206898,14.94417139989575,-0.732880301180567,-0.54796710990962,-0.5157425529748504,3.8332873775006733,0.0,14.94417139989575,-0.732880301180567,-0.54796710990962,Banks—Regional,Financial Services,MFG
2010Q3,2010,Q3,2009-12-31,2009-12-31,-308267000000.0,618737000000.0,0.0,-55.19781663266943,618737000000.0,1.0,154349278000000.0,3274008000000.0,97909610000000.0,1529644000000.0,148744520000000.0,0.0,734802000000.0,1847215709299.8965,15150362709299.896,586.2388554009764,64.00810253889141,0.1132735262940459,5.340147916559764,0.0,586.2388554009764,-0.09415584812254582,2.9854618509962982,-1.498064753363072,0.5642062295815699,,0.0,,0.004008680882848056,7.473944917902466,-0.001997204029681305,0.0,1.0,-1.7021419558215918,-2.7075960571483244,0.1100647278120996,-0.2553643472241955,-0.021663783643614078,-1.7021419558215918,0.0,-2.7075960571483244,0.1100647278120996,-0.2553643472241955,Banks—Regional,Financial Services,MFG
2010Q2,2010,Q2,2009-09-30,2009-09-30,439038000000.0,632438000000.0,0.0,78.61347149962182,632438000000.0,1.0,158404583000000.0,2082247000000.0,123338888000000.0,9832832000000.0,155954632000000.0,0.0,-2890250000000.0,1965263998458.88,15784887998458.879,372.8439569915885,12.54357727254976,0.1196421444447728,9.101640679515926,0.0,372.8439569915885,0.2108481846774182,3.10744135940421,1.119073974495875,0.9438188641687946,0.0051726729804709385,0.0,0.0011555699396014337,0.0039925486246821535,1.9852783002902927,0.0027716243538231464,-0.4456267773831775,1.0,98.7594677369724,1.8278322050756166,-0.09145095818996617,-0.5003735836027262,-0.03985923639692543,98.75951903807615,0.0,1.8278322050756166,-0.09145095818996617,-0.5003735836027262,Banks—Regional,Financial Services,MFG
2010Q1,2010,Q1,2009-06-30,2009-06-30,-4491000000.0,658693000000.0,0.0,-0.804152,658693000000.0,1.0,153246611000000.0,2556678000000.0,103152182000000.0,1414311000000.0,148459477000000.0,0.0,603061000000.0,2480116805164.6606,13255918805164.66,457.7948448350943,72.93458228070064,0.09752473416850961,5.84560707292823,0.0,457.7948448350943,-0.0017565763072236707,3.765208989870335,-138.06038772905035,0.9700544242038539,-30.3228679581385,0.0,0.054908704185389644,0.00429825492193103,8.630707107559795,-2.930570516825328e-05,1.0881742985180731,1.0,0.995346612080131,-1.0201954490234988,0.17020993276627003,-0.40922156256031655,3.356236709353932,0.9956116622153519,0.0,-1.0201954490234988,0.17020993276627003,-0.40922156256031655,Banks—Regional,Financial Services,MFG
2009Q4,2009,Q4,2009-03-31,2009-03-31,-1023394328420.0,-279552982680.0,0.0,-172.81000721354576,-279552982680.0,1.0,155083031000000.0,846047000000.0,97019848000000.0,17527406000000.0,154045851000000.0,0.0,-3293692000000.0,2303404667399.3027,21814935667399.305,142.86319956328327,5.535322682660515,0.1643217690270704,30.12068833055374,0.0,142.86319956328327,-1.2096187663569518,-8.23959968274055,-0.5626874713473073,2.7225492997425706,-0.00017166988825435296,0.0,7.627230789558189e-05,-0.0018026020053734956,1.9989996237891676,-0.0065990090715985555,0.6604256466794378,1.0,-6.0611640453087094,-25.462691360819424,-1.3263357023496405,-0.8311741919683121,-1.4131021591843878,-6.061164020691159,0.0,-25.462691360819424,-1.3263357023496405,-0.8311741919683121,Banks—Regional,Financial Services,MFG
2009Q3,2009,Q3,2008-12-31,2008-12-31,-144932807880.0,676716343560.0,0.0,-24.473303,676716343560.0,1.0,157042779430650.0,2908826880960.0,111329555188830.0,575099919990.0,152153930655570.0,0.0,1145023668270.0,3097545886481.8403,8342824029311.84,491.1834864843577,193.5829780514764,0.10864281769792784,5.865447052947053,0.0,491.1834864843577,-0.049825174825174824,4.577317979622878,-5.343072303281592,1.0648780464582195,-0.00010566282558107574,0.0,4.9439170753959324e-06,0.004309121030673286,32.47307753039634,-0.0009228874349107038,-1.0307867520646057,1.0,0.7617895470150817,-1.7571045088975066,0.14493254474032496,-0.3761028756089406,6.0704134692982,0.7523269708020466,0.0,-1.7571045088975066,0.14493254474032496,-0.3761028756089406,Banks—Regional,Financial Services,MFG
2009Q2,2009,Q2,2008-09-30,2008-09-30,-585178000000.0,95711000000.0,0.0,-102.73815734504929,95711000000.0,1.0,153086088000000.0,2187323000000.0,96348965000000.0,5952902000000.0,150622899000000.0,0.0,-2687437000000.0,5268236608462.8,16523485608462.8,384.0225273992619,16.185209331515956,0.10161129729828879,7.111558740981556,0.0,384.0225273992619,-0.2675315899846525,55.04316754043736,-2.2506983381393355,2.4085316199129254,,0.0,,0.0006252103065041417,2.1074099657612373,-0.0038225419934958425,0.0,1.0,-6.206745950689057,-4.695629571985687,-0.8651840766996993,-0.48539383411638426,-0.8497321551929864,-5.400264687525849,0.0,-4.695629571985687,-0.8651840766996993,-0.48539383411638426,Banks—Regional,Financial Services,MFG
2009Q1,2009,Q1,2008-06-30,2008-06-30,132987000000.0,636936000000.0,0.0,19.73174,636936000000.0,1.0,154752717000000.0,3926399000000.0,107856677000000.0,8234816000000.0,149425098000000.0,0.0,1475682000000.0,5603162345102.54,21419213345102.54,689.3475118022964,13.097642618851472,0.13055946539536362,5.145791856609581,0.0,689.3475118022964,0.03386996583892773,8.797057074969134,10.533289616847023,1.4270486379765632,,0.0,,0.004115830806382547,0.5329057747009769,0.0008593516325790907,0.0,1.0,2.366429239170416,-0.4136342889252382,0.10949524815941365,-0.11040578444653835,1.0960981586231526,2.600361005880151,0.0,-0.4136342889252382,0.10949524815941365,-0.11040578444653835,Banks—Regional,Financial Services,MFG
2008Q4,2008,Q4,2008-03-31,2008-03-31,-83098125680.0,303867448850.0,0.0,-14.440367224562246,303867448850.0,1.0,154412105000000.0,3902113000000.0,106677638000000.0,6723712000000.0,148717947000000.0,0.0,1476129000000.0,4223265552829.049,20281486552829.047,678.089237400213,15.865884499514554,0.12655758432928557,5.008061786011835,0.0,678.089237400213,-0.021295673825950198,13.898380918430673,-12.705658275290983,1.0823022174983268,,0.0,,0.001967899141391797,0.5749193302747054,-0.0005381581041201401,0.0,1.0,-2.344411651410581,-3.0441538788597957,-0.6349555363498425,-0.19868122951444933,-0.5269354411324069,-2.2558765509113416,0.0,-3.0441538788597957,-0.6349555363498425,-0.19868122951444933,Banks—Regional,Financial Services,MFG
2008Q3,2008,Q3,2007-12-31,2007-12-31,66167431520.0,642338224570.0,0.0,10.741031,642338224570.0,1.0,156270149007190.0,4562311464890.0,107256512339440.0,1118475485170.0,150123507573050.0,0.0,1562423184490.0,6135855131073.566,16191739951773.566,792.8151496405944,95.89527330868393,0.092185453767803,3.1575736789240305,0.0,792.8151496405944,0.01450305005022171,9.552374273197096,23.183063744959334,1.3449005352425023,,0.0,,0.004110434581721977,13.447486759268513,0.00042341696056714983,0.0,1.0,-0.6775358187591413,-0.6442912650885387,0.11840249944075562,0.007027120505987404,-0.11691928717166265,-0.6859553062458489,0.0,-0.6442912650885387,0.11840249944075562,0.007027120505987404,Banks—Regional,Financial Services,MFG
2008Q2,2008,Q2,2007-09-30,2007-09-30,210694314650.0,727383369650.0,0.0,33.309222,727383369650.0,1.0,151811166924510.0,4644001226340.0,102096953529470.0,7524370478280.0,145580126560790.0,0.0,1491968351260.0,7548610260037.846,24619672177867.844,802.893254875492,13.568836598913508,0.13377185518643986,4.372966424368293,0.0,802.893254875492,0.04536913415418088,10.377760304954542,8.956827184180794,1.6254539764596503,,0.0,,0.004791369333269802,1.8016541536959043,0.001387870990773494,0.0,1.0,0.6602469284963641,0.3103127348119089,0.008937829070152234,0.07591036990317904,0.29403799727442526,0.8083853394917453,0.0,0.3103127348119089,0.008937829070152234,0.07591036990317904,Banks—Regional,Financial Services,MFG
2008Q1,2008,Q1,2007-06-30,2007-06-30,116509634340.0,562103563560.0,0.0,20.062812,562103563560.0,1.0,160727380617540.0,4895005726050.0,109671036077460.0,8139540405810.0,154202717934210.0,0.0,1429644646320.0,9928089200465.238,25754432786045.24,843.4502547664791,13.473861005613642,0.12185274469627425,4.001031576298906,0.0,843.4502547664791,0.023801736067429864,17.66238437911183,21.30315071518668,2.0282078829102126,,0.0,,0.003497248330684599,1.9985020200033288,0.0007248897723110498,0.0,1.0,1.8400576199251129,-0.495822217274222,-0.039032994314893495,0.08846184964913059,-0.33045987859187265,1.8417304310764884,0.0,-0.495822217274222,-0.039032994314893495,0.08846184964913059,Banks—Regional,Financial Services,MFG
2007Q4,2007,Q4,2007-03-31,2007-03-31,40999537840.0,839536788890.0,0.0,7.0642270985083115,839536788890.0,1.0,149880031000000.0,4911293000000.0,100797815000000.0,6954136000000.0,143155623000000.0,0.0,1440310000000.0,8861382006884.855,25196795006884.855,846.2165899213019,14.494656848816302,0.13563364555215499,4.139190025925963,0.0,846.2165899213019,0.008348013005943648,10.555084808851557,54.033426190474685,1.8042869783751154,,0.0,,0.005601391881817798,0.6375384375571602,0.0002735490349611684,0.0,1.0,-0.7802109571424737,0.0,0.0,0.0,0.4493483334715036,-0.781461530978861,0.0,0.0,0.0,0.0,Banks—Regional,Financial Services,MFG
2007Q3,2007,Q3,2006-12-31,2006-12-31,187607875280.0,579251218980.0,0.0,32.140943,579251218980.0,1.0,151844409811570.0,4569251703520.0,102864826621480.0,5244687670740.0,145902263675560.0,0.0,1390274349870.0,,,,,,,,,,,,,,,,,,,,,,,,,,,,,,,Banks—Regional,Financial Services,MFG
2007Q2,2007,Q2,2006-09-30,2006-09-30,161347433770.0,723407769990.0,0.0,24.99882,723407769990.0,1.0,148867380911840.0,4331122225450.0,99726759676750.0,12933879400110.0,143181742848830.0,0.0,1200722343630.0,,,,,,,,,,,,,,,,,,,,,,,,,,,,,,,Banks—Regional,Financial Services,MFG
2007Q1,2007,Q1,2006-06-30,2006-06-30,231103983400.0,584974800400.0,0.0,36.601007,584974800400.0,1.0,146898189329500.0,4497480493600.0,97678537887700.0,11785501504300.0,141060580583300.0,0.0,1652542359000.0,,,,,,,,,,,,,,,,,,,,,,,,,,,,,,,Banks—Regional,Financial Services,MFG
