Quarters,Year,Quarter,FillingDate,Date,NetIncome,Revenue,OperatingIncome,EPSDiluted,GrossProfit,GrossProfitRatio,TotalAssets,CommonStockEquity,CurrentAssets,CurrentLiability,TotalLiability,Inventory,RetainedEarnings,MarketCap,EnterpriseValue,bookValuePerShare,currentRatio,debtToAssets,debtToEquity,roic,shareholdersEquityPerShare,roe,priceToSalesRatio,peRatio,pbRatio,payoutRatio,inventoryTurnover,dividendYield,assetTurnover,quickRatio,returnOnAssets,priceToFreeCashFlowsRatio,grossProfitMargin,epsdilutedGrowth,fiveYNetIncomeGrowthPerShare,fiveYRevenueGrowthPerShare,fiveYShareholdersEquityGrowthPerShare,grossProfitGrowth,netIncomeGrowth,operatingIncomeGrowth,threeYNetIncomeGrowthPerShare,threeYRevenueGrowthPerShare,threeYShareholdersEquityGrowthPerShare,Industry,Sector,Symbol
2023Q2,2023,Q2,2023-05-04,2023-03-25,104477000.0,526501000.0,125679000.0,1.62,294893000.0,0.560099601,2351105000.0,608251000.0,254093000.0,283177000.0,1742854000.0,66166000.0,0.0,948602480.0,2315252480.0,9.515518913676043,0.8972939186445227,0.5843337494497268,2.258656377054867,0.05913517950928238,9.515518913676043,0.17176626096792277,1.801710690008186,2.2698835150320167,1.5595576168391008,0.19749801391693866,3.500408064564882,0.021751998793003366,0.22393768036731665,0.5180752674122545,0.04443740283823989,11.046960288808664,0.5600996009504255,1.2816901408450707,-0.05926845508465803,-0.05600568353375052,0.0,0.3727637942993339,1.3015596774904172,1.0168338281312685,0.3167719027334214,0.27999183016625273,0.0,Utilities—Regulated Gas,Utilities,SPH
2023Q1,2023,Q1,2023-02-02,2022-12-24,45394000.0,397470000.0,62315000.0,0.71,214817000.0,0.5404609153,2166025000.0,-12432000.0,255540000.0,317875000.0,1643669000.0,71192000.0,0.0,971691180.0,2209356180.0,-0.1953672564980985,0.8039009044435705,0.5742052838725314,-100.04367760617761,0.04575410383896713,-0.1953672564980985,-3.6513835263835266,2.444690618159861,5.351429594219501,-78.16048745173745,0.45096268229281405,2.5656393976851333,0.02106739303736399,0.1835020371417689,0.44039323633503735,0.02095728350319133,-215.54817657497782,0.5404609152892043,1.8255813953488371,0.1771566089292577,0.02630893084564262,0.0,1.1100415492058502,1.838192662075078,2.654629457529009,0.10374388649498095,0.16255244669280705,0.0,Utilities—Regulated Gas,Utilities,SPH
2022Q4,2022,Q4,2022-11-23,2022-09-24,-54157000.0,237631000.0,-37661000.0,-0.86,101807000.0,0.4284247426,2103726000.0,-12596000.0,174860000.0,306622000.0,1606196000.0,66921000.0,0.0,1003019700.0,2212044700.0,-0.19904554217629025,0.5702787145084175,0.57665541995488,-96.31033661479835,-0.02831741759399147,-0.19904554217629025,4.29953953636075,4.220912675534757,-4.630147995642299,-79.63001746586218,-0.37797514633380724,2.0296170111026433,0.020408372836545483,0.11295720070009117,0.26948164189131896,-0.02574337152271731,26.14549696321977,0.4284247425630494,-20.44638403990025,-0.03681039883728685,0.16764997930021813,0.0,-0.3613191804368828,-20.36370808678501,-3.549658113871776,-0.04041666925230885,0.3551734180987091,0.0,Utilities—Regulated Gas,Utilities,SPH
2022Q3,2022,Q3,2022-08-04,2022-06-25,-2535000.0,300332000.0,14771000.0,-0.0401,159402000.0,0.5307526338,2115395000.0,-16069000.0,214769000.0,242488000.0,1549542000.0,66325000.0,0.0,970143720.0,2179375720.0,-0.25391884204538273,0.8856891887433604,0.5749744137619688,-75.69220237724812,0.012362647398030814,-0.25391884204538273,0.15775717219490945,3.2302376037185514,-95.67492307692308,-60.373621258323475,-8.073372781065089,2.124839803995477,0.021095843407613876,0.14197443030734214,0.4224662663719442,-0.0011983577535164827,15.014915495573577,0.5307526337519811,-1.0146350364963503,0.9173803571094777,0.30495934335614555,0.0,-0.5433444869708707,-1.0144772761019292,-0.9230520782867353,0.9144682805713408,0.37378451870944424,0.0,Utilities—Regulated Gas,Utilities,SPH
2022Q2,2022,Q2,2022-05-05,2022-03-26,175102000.0,588095000.0,191961000.0,2.74,349064000.0,0.5935503618,2199857000.0,-16996000.0,299206000.0,268505000.0,1614708000.0,72618000.0,0.0,1029370360.0,2282685360.0,-0.26863501296073844,1.1143405150742072,0.5728285974952009,-74.14338667921864,0.13861571779922222,-0.26863501296073844,-10.302541774535184,1.7503470697761416,1.4696724766136309,-60.56544834078607,0.11686902491119462,3.2916219119226637,0.019880113897975456,0.2673332857544831,0.6303234576637307,0.07959699198629729,10.587180236145967,0.5935503617612801,7.058823529411765,1.0210334747999674,0.2626009410548516,0.0,0.9493267958161379,7.2215231477134,4.313652217239661,0.8458832411418862,3.5445617119578494,0.0,Utilities—Regulated Gas,Utilities,SPH
2022Q1,2022,Q1,2022-02-03,2021-12-25,21298000.0,375407000.0,36126000.0,0.34,179069000.0,0.4769996297,2096926000.0,-17290000.0,223378000.0,279128000.0,1669578000.0,68619000.0,0.0,893793760.0,2192704760.0,-0.27430511486229214,0.800270843483993,0.6211182464235743,-75.32903412377097,0.02592952355818603,-0.27430511486229214,-1.2318102949681897,2.3808659934417844,10.49152220865809,-51.694260266049746,0.954314959151094,2.8612774887421852,0.022740145332856208,0.1790272999619443,0.45349803674299966,0.010156772341990132,-37.22899700099967,0.47699962973519405,2.307692307692308,-0.40196598365435665,0.1457513574365155,0.0,0.27211309629524383,2.3003235850784542,91.63076923076923,-0.24865107510759676,-0.026532106395877306,0.0,Utilities—Regulated Gas,Utilities,SPH
2021Q4,2021,Q4,2021-11-24,2021-09-25,-16379000.0,208241000.0,390000.0,-0.26,140765000.0,0.6759715906089578,2051730000.0,0.0,180108000.0,287146000.0,1626309000.0,61802000.0,0.0,952863780.0,2194479780.0,0.0,0.6272349257868819,0.6079864309631384,0.0,0.0002863000161390972,0.0,0.0,4.575774127093128,-14.543985896574883,0.0,-1.2409182489773491,1.091809326559011,0.021330436130125547,0.1014953234587397,0.2687831277468605,-0.007983019208180413,25.2889880304679,0.6759715906089578,0.3658536585365853,0.7357450494265094,0.2569367009387847,0.0,-0.09200859194086268,0.3705468659928519,-0.951268274397101,0.6837605360016482,0.05927349167959151,0.0,Utilities—Regulated Gas,Utilities,SPH
2021Q3,2021,Q3,2021-08-05,2021-06-26,-26021000.0,238085000.0,8003000.0,-0.41,155029000.0,0.651149799441376,2046762000.0,0.0,160078000.0,229895000.0,1592887000.0,50971000.0,0.0,944462750.0,2206525750.0,0.0,0.6963091846277648,0.6195483402564637,0.0,0.005758699003530175,0.0,0.0,3.9669141273074744,-9.074043560969987,0.0,-0.7208792898043888,1.6294755841556963,0.01986102681127445,0.11632275760445035,0.3511124643859153,-0.01271325146743979,13.21666316820599,0.651149799441376,-1.202970297029703,0.14538286655503987,0.12843999448621954,0.0,-0.4928239839566069,-1.2045418815243365,-0.9456159068206066,-0.5390934981059142,-0.034060744483122636,0.0,Utilities—Regulated Gas,Utilities,SPH
2021Q2,2021,Q2,2021-05-06,2021-03-27,127216000.0,537238000.0,147157000.0,2.02,305671000.0,0.5689675711695747,2128734000.0,0.0,229843000.0,237509000.0,1633386000.0,57020000.0,0.0,944924640.0,2234419640.0,0.0,0.9677233283791351,0.6089177886950647,0.0,0.10343926570929547,0.0,0.0,1.758856670600367,1.856929631492894,0.0,0.1474421456420576,4.061153981059277,0.01985026022815957,0.25237441596742477,0.6406957210042566,0.059761341717659414,10.600931610123856,0.5689675711695747,2.3114754098360657,0.341035649113089,0.28935712391600954,0.0,0.5146324301825461,2.349816994496669,1.551000242693201,0.16698400219700188,-0.01867004556891543,0.0,Utilities—Regulated Gas,Utilities,SPH
2021Q1,2021,Q1,2021-02-04,2020-12-26,37977000.0,305191000.0,57686000.0,0.61,201812000.0,0.6612645851286572,2110271000.0,0.0,188540000.0,252592000.0,1727109000.0,56383000.0,0.0,911266080.0,2272180080.0,0.0,0.7464211059732692,0.647417796102965,0.0,0.03817600812411878,0.0,0.0,2.985887788303063,5.998802433051584,0.0,0.49092872001474575,1.833513647730699,0.020459446926851487,0.14462170972353788,0.44429752327864697,0.01799626683018437,-577.4816730038023,0.6612645851286572,1.924242424242424,2.00706335024506,0.07451528246938678,0.0,0.8097458615061786,1.9220404001165388,3.6115260989632847,0.0019822244020965664,-0.19823139578546187,0.0,Utilities—Regulated Gas,Utilities,SPH
2020Q4,2020,Q4,2020-11-25,2020-09-26,-41188000.0,166058000.0,-22089000.0,-0.66,111514000.0,0.6715364511194883,2047253000.0,0.0,115958000.0,244516000.0,1684872000.0,46869000.0,0.0,923921850.0,2250061850.0,0.0,0.4742348148996385,0.649299329394071,0.0,-0.01529051221168581,0.0,0.0,5.563850281227041,-5.607955290375838,0.0,-0.45265611343109646,1.1637542938829504,0.020179195891946923,0.08111259331406524,0.239579414026076,-0.02011866632995531,27.18456615764851,0.6715364511194883,-1.6400000000000001,0.4030194095348349,-0.0731611380376041,0.0,-0.24251954597634784,-1.643985107202465,-5.526434426229508,0.20013725987186262,-0.17230677506793315,0.0,Utilities—Regulated Gas,Utilities,SPH
2020Q3,2020,Q3,2020-08-06,2020-06-27,-15578000.0,206906000.0,4880000.0,-0.25,147217000.0,0.7115163407537722,2074968000.0,0.0,127229000.0,207238000.0,1652800000.0,42001000.0,0.0,877817600.0,2213889600.0,0.0,0.6139269825032089,0.6459174310158036,0.0,0.0033752019061459673,0.0,0.0,4.242591321662977,-14.087456669662345,0.0,-2.3930543073565285,1.4211328301707102,0.042467820194081324,0.09971527271745878,0.33589882164467905,-0.007507585659152334,12.18615653719077,0.7115163407537722,-1.2032520325203253,0.6296464687396417,-0.08560350665374188,0.0,-0.4133308360265724,-1.2013676141725158,-0.9500128040973111,0.4846416204662998,-0.08744142486759117,0.0,Utilities—Regulated Gas,Utilities,SPH
2020Q2,2020,Q2,2020-05-07,2020-03-28,77361000.0,401055000.0,97625000.0,1.23,250937000.0,0.6256922367256361,2160017000.0,0.0,179007000.0,209822000.0,1688695000.0,42881000.0,0.0,908075250.0,2277246250.0,0.0,0.8531374212427677,0.6362755478313366,0.0,0.06556127502828957,0.0,0.0,2.2642162546284177,2.9345382363206265,0.0,0.4814053592895645,3.5008045521326463,0.04101201965365756,0.1856721498025247,0.5662418621498222,0.03581499590049523,13.302792915531334,0.6256922367256361,0.9218749999999999,-0.44972461199539693,-0.3497026818880958,0.0,0.16564163546669888,0.9261758334785748,0.631052227085909,-0.09358664854347384,-0.12593370123409725,0.0,Utilities—Regulated Gas,Utilities,SPH
2020Q1,2020,Q1,2020-02-06,2019-12-28,40163000.0,333878000.0,59854000.0,0.64,215278000.0,0.6447804287793745,2184409000.0,0.0,199955000.0,254873000.0,1755975000.0,52641000.0,0.0,1367124000.0,2754408000.0,0.0,0.7845279806021038,0.6377931055951518,0.0,0.040320618250760776,0.0,0.0,4.094681290770881,8.509847371959266,0.0,0.9222667629410154,2.2529967135882676,0.027094104119304466,0.1528459185070195,0.5093634869130901,0.018386208809797067,531.3346288379324,0.6447804287793745,1.7804878048780488,-0.29907316275183876,-0.23115259065088484,0.0,0.9097288138600336,1.786553601504054,2.9316465500548636,0.1439026625749791,0.03359804263215759,0.0,Utilities—Regulated Gas,Utilities,SPH
2019Q4,2019,Q4,2019-11-27,2019-09-28,-51062000.0,172012000.0,-30986000.0,-0.82,112727000.0,0.6553438132223334,1998348000.0,0.0,123440000.0,216130000.0,1574518000.0,45036000.0,0.0,1475570290.0,2700186290.0,0.0,0.5711377411742933,0.6140356934828168,0.0,-0.02539102583211945,0.0,0.0,8.578298548938447,-7.224405085973913,0.0,-0.7254122439387412,1.316391331379341,0.02510283668018282,0.08607709968433927,0.2858511081293666,-0.025552106039588702,29.52144309065082,0.6553438132223334,-0.7446808510638298,0.09063027164339478,-0.30527107330619835,0.0,-0.16877802029259084,-0.7582727867497676,-2.5275500910746813,0.1669675920005638,0.0498668887374813,0.0,Utilities—Regulated Gas,Utilities,SPH
2019Q3,2019,Q3,2019-08-08,2019-06-29,-29041000.0,214212000.0,-8784000.0,-0.47,135616000.0,0.6330924504696283,2035143000.0,0.0,140564000.0,149648000.0,1521704000.0,40697000.0,0.0,1506198610.0,2743952610.0,0.0,0.9392975515877259,0.6094176183196954,0.0,-0.007125368845978213,0.0,0.0,7.031345629563236,-12.966139337488377,0.0,-1.2740608105781481,1.9312480035383444,0.024565153462729594,0.10525648566218689,0.5362784668020956,-0.014269758930944901,26.365330660971853,0.6330924504696283,-1.2416688519701153,0.5199700727058545,-0.29707971965750357,0.0,0.25180918623541576,-1.3112747462405008,-1.0938902903074095,0.03472116081717542,0.027504749180217388,0.0,Utilities—Regulated Gas,Utilities,SPH
2019Q2,2019,Q2,2019-05-09,2019-03-30,93297000.0,127273000.0,93556000.0,1.94481,108336000.0,0.8512096045508474,2139970000.0,0.0,232636000.0,179159000.0,1564922000.0,50510000.0,0.0,1394462250.0,2644582250.0,0.0,1.2984890516245347,0.5869465459796165,0.0,0.0744038676386653,0.0,0.0,10.956465629002224,3.7366213543843854,0.0,0.39656151859116584,0.3749158582458919,0.026532091492616598,0.05947419823642387,0.8904213575650679,0.043597340149628266,16.39502257389423,0.8512096045508474,3.3217999999999996,-0.3941826211502651,-0.8585542472310063,0.0,-0.44305697643931957,2.3658140625563693,0.9276383566159806,-0.008315414660427671,-0.6920004525678313,0.0,Utilities—Regulated Gas,Utilities,SPH
2019Q1,2019,Q1,2019-02-07,2018-12-29,27719000.0,377104000.0,48534000.0,0.45,194519000.0,0.515823221180364,2151901000.0,0.0,232136000.0,237574000.0,1664977000.0,55343000.0,0.0,1192675950.0,2480930950.0,0.0,0.977110289846532,0.6017205252472116,0.0,0.03727945565285489,0.0,0.0,3.1627242087063516,10.756845034092139,0.0,1.329160503625672,3.2991525576857055,0.030891039598811395,0.17524226253902944,0.6002634968472981,0.012881168789828156,-3294.6849447513814,0.515823221180364,1.5421686746987953,-0.5371178713544739,-0.29766306793784136,0.0,0.8092939327138619,1.5453704796757566,2.5296898638426626,1.2271201229207827,0.3472437391687737,0.0,Utilities—Regulated Gas,Utilities,SPH
2018Q4,2018,Q4,2018-11-21,2018-09-29,-50826000.0,192918000.0,-31728000.0,-0.83,107511000.0,0.5572885889341586,2101199000.0,0.0,157768000.0,219038000.0,1607375000.0,59112000.0,0.0,1449424470.0,2699398470.0,0.0,0.7202768469398004,0.5973437070929503,0.0,-0.02534981750778386,0.0,0.0,7.513163468416633,-7.129345561326881,0.0,-0.7248849014284028,1.4448335363377995,0.025419054778342467,0.09181329326732023,0.34908098138222593,-0.02418904634925107,31.946055189438187,0.5572885889341586,-2.0740740740740735,0.21100798049693015,-0.2242640633262943,0.0,-0.26635686210284965,-2.062729737872853,-11.365240117608625,0.25392591182130736,0.09049505549764311,0.0,Utilities—Regulated Gas,Utilities,SPH
2018Q3,2018,Q3,2018-08-09,2018-06-30,-16595000.0,241936000.0,3061000.0,-0.27,146544000.0,0.60571390781033,2131533000.0,0.0,163759000.0,153673000.0,1553246000.0,49838000.0,0.0,1446937020.0,2705676020.0,0.0,1.0656328697949542,0.5921456529174073,0.0,0.002446401182035932,0.0,0.0,5.980660257258118,-21.79778577884905,0.0,-2.2201265441398013,1.9140414944419921,0.025462753036756224,0.1135032861325628,0.5953290428377138,-0.007785476462245717,21.916314808924433,0.60571390781033,-1.1560693641618498,0.6498553249558441,-0.2067829949565489,0.0,-0.49404778345532385,-1.155402811203611,-0.9757506139586469,0.6006836755177108,0.08217371458236579,0.0,Utilities—Regulated Gas,Utilities,SPH
2018Q2,2018,Q2,2018-05-10,2018-03-31,106787000.0,536282000.0,126230000.0,1.73,289640000.0,0.540088983035045,2227981000.0,0.0,246854000.0,175266000.0,1598728000.0,52121000.0,0.0,1352800630.0,2631632630.0,0.0,1.4084534364908197,0.5765641628003111,0.0,0.09822832598114349,0.0,0.0,2.5225546074639835,3.1670536441701707,0.0,0.34494835513686123,4.7321041422843,0.027229437348798395,0.2407031298740878,0.9485467803224813,0.04792994195192867,19.0425336073535,0.540088983035045,1.8833333333333333,-0.2424490636502259,-0.2645399142565067,0.0,0.3919111145284687,1.8730897546276366,1.2642964770036593,-0.22976201488449105,-0.11824124378399059,0.0,Utilities—Regulated Gas,Utilities,SPH
2018Q1,2018,Q1,2018-02-08,2017-12-30,37168000.0,373277000.0,55748000.0,0.6,208088000.0,0.5574626885663998,2236372000.0,0.0,232709000.0,222644000.0,1680325000.0,61761000.0,0.0,1485485260.0,2799547260.0,0.0,1.0452066976877885,0.590227833294282,0.0,0.04332299495048536,0.0,0.0,3.979578865025169,9.991694871932845,0.0,0.9864130434782609,2.6746490503715936,0.02468082382722532,0.1669118554515975,0.6498940011857495,0.016619775243116978,-218.67882526129839,0.5574626885663998,1.7228915662650603,-0.4205324096946631,-0.2909342597708983,0.0,0.6894236467999773,1.7346906503261514,2.858514468595813,-0.342786078229109,-0.12908734396790336,0.0,Utilities—Regulated Gas,Utilities,SPH
2017Q4,2017,Q4,2017-11-22,2017-09-30,-50590000.0,197106000.0,-29996000.0,-0.83,123171000.0,0.6248972634014185,2171283000.0,0.0,139493000.0,210366000.0,1618301000.0,53220000.0,0.0,1599056100.0,2868431100.0,0.0,0.6630966981356303,0.5859042787144744,0.0,-0.023649308957461992,0.0,0.0,8.112670847158382,-7.902036469658035,0.0,-1.0719312117019173,1.3892333709131905,0.03391313162808984,0.09077858574861038,0.3254898605287927,-0.023299588307926698,51.65577270965241,0.6248972634014185,-0.7291666666666666,0.34877567366554146,-0.3094810726637235,0.0,-0.05833288736324646,-0.7024498586620003,-1.711625384198156,0.08746726985312853,-0.1936982906436379,0.0,Utilities—Regulated Gas,Utilities,SPH
2017Q3,2017,Q3,2017-08-03,2017-06-24,-29716000.0,222895000.0,-11062000.0,-0.48,130801000.0,0.5868278785975459,2191300000.0,0.0,130784000.0,155879000.0,1547782000.0,41812000.0,0.0,1497927600.0,2744875600.0,0.0,0.8390097447379057,0.5705101994249988,0.0,-0.00889396791607285,0.0,0.0,6.720328405751587,-12.60202920985328,0.0,-1.8241687979539642,2.2025734238974457,0.03618799733712096,0.10171815817094876,0.4885584331436563,-0.013560899922420482,37.79686608967727,0.5868278785975459,-1.352941176470588,-0.8541340233217789,-0.27806510546539004,0.0,-0.4932374056123141,-1.354555433589462,-1.1075473715935718,0.5030505625267898,-0.2600068316780665,0.0,Utilities—Regulated Gas,Utilities,SPH
2017Q2,2017,Q2,2017-05-04,2017-03-25,83812000.0,450578000.0,102857000.0,1.36,258111000.0,0.5728442134325245,2283885000.0,0.0,196922000.0,177282000.0,1558781000.0,47315000.0,0.0,1627387770.0,2858784770.0,0.0,1.1107839487370403,0.5422142533446299,0.0,0.0830683013344788,0.0,0.0,3.611778138302358,4.854280323819978,0.0,0.6465422612513722,4.067779773856071,0.03329753424409721,0.19728576526401287,0.7456707392741508,0.03669711916318028,35.43037033005312,0.5728442134325245,1.4285714285714286,-0.016581690310941297,-0.26714478072164394,0.0,0.2961153347862329,1.430108150424773,0.9230999345610919,-0.4466849951993439,-0.49088509959767296,0.0,Utilities—Regulated Gas,Utilities,SPH
2017Q1,2017,Q1,2017-02-02,2016-12-24,34489000.0,317307000.0,53485000.0,0.56,199142000.0,0.6276003996129931,2294225000.0,0.0,186821000.0,235295000.0,1601920000.0,53756000.0,0.0,1819051600.0,3042101600.0,0.0,0.7939862725514779,0.535087883708006,0.0,0.043360881876288095,0.0,0.0,5.732781186674104,13.185737481515845,0.0,1.5643248572008466,2.198173227174641,0.02965941153071194,0.1383068356416655,0.48196094264646505,0.015032963201080975,116.04794896331738,0.6276003996129931,1.5656565656565657,-0.13488561718738928,-0.3834007520806861,0.0,0.913465418836597,1.5725360646757085,2.2928138067728603,-0.4184511579543416,-0.40327153058353293,0.0,Utilities—Regulated Gas,Utilities,SPH
2016Q4,2016,Q4,2016-11-23,2016-09-24,-60239000.0,161015000.0,-41371000.0,-0.99,104074000.0,0.6463621401732758,2295969000.0,0.0,147299000.0,205054000.0,1587738000.0,45352000.0,0.0,2085795139.9999998,3286626140.0,0.0,0.7183424853940913,0.539280800394082,0.0,-0.03350473933040187,0.0,0.0,12.954042418408221,-8.656332027424094,0.0,-0.895599196533807,1.2555344857999646,0.02586543566306325,0.07012943119005527,0.44448291669511447,-0.026236852501057287,93.39102444703143,0.6463621401732758,-1.0204081632653061,-0.6205245157187435,-0.48254120579170395,0.0,-0.19697226894646688,-1.0352388674910467,-2.8377551020408163,0.05579663576732946,-0.3462546573363888,0.0,Utilities—Regulated Gas,Utilities,SPH
2016Q3,2016,Q3,2016-08-04,2016-06-25,-29598000.0,205099000.0,-10780000.0,-0.49,129602000.0,0.6318997167221683,2361385000.0,0.0,184623000.0,178512000.0,1539311000.0,40046000.0,0.0,2007031600.0,3178570600.0,0.0,1.0342329927399838,0.5246603158739469,0.0,-0.008754331066498205,0.0,0.0,9.78567228509159,-16.952425839583757,0.0,-1.8223866477464694,1.8852569545023223,0.026875012829892665,0.08685538359903193,0.7266738370529713,-0.012534169565742138,49.413585444518304,0.6318997167221683,-1.3245033112582782,-1.5406429036862916,-0.44825501428671183,0.0,-0.514837289569537,-1.3216789296931888,-1.0969311141683076,0.36941892261796583,-0.32101002529261635,0.0,Utilities—Regulated Gas,Utilities,SPH
2016Q2,2016,Q2,2016-05-05,2016-03-26,92011000.0,404140000.0,111213000.0,1.51,267131000.0,0.6609862918790518,2439691000.0,0.0,224876000.0,162009000.0,1536424000.0,45148000.0,0.0,1826318570.0,3007298570.0,0.0,1.3880463431043955,0.5081225450272187,0.0,0.08965584167419878,0.0,0.0,4.519024521205523,4.962228891110846,0.0,0.5859190748932193,3.034663772481616,0.029518946412508962,0.16565212561754747,0.9820133449376269,0.037714202331360816,31.28168422314715,0.6609862918790518,6.55,-0.4647627067980603,-0.49184615168062906,0.0,0.4569377859951677,6.501304418718409,2.548143185298622,-0.3407708257761654,-0.44024118761098324,0.0,Utilities—Regulated Gas,Utilities,SPH
2016Q1,2016,Q1,2016-02-04,2015-12-26,12266000.0,275857000.0,31344000.0,0.2,183351000.0,0.6646595881199318,2453017000.0,0.0,217912000.0,213543000.0,1591872000.0,51887000.0,0.0,1504046200.0,2687976200.0,0.0,1.0204595795694544,0.505659765097429,0.0,0.024893971575199784,0.0,0.0,5.4522676604182605,30.65478150986467,0.0,4.379748899396707,1.7828357777477981,0.0357183176952942,0.11245621208495497,0.6801580946226287,0.005000373010052519,-578.2569011918492,0.6646595881199318,1.1801801801801801,-0.8339607535768443,-0.509452521041031,0.0,0.570458244111349,1.1827010441336372,1.6534492463568704,-0.8069158652557995,-0.47091804266075477,0.0,Utilities—Regulated Gas,Utilities,SPH
2015Q4,2015,Q4,2015-11-25,2015-09-26,-67137000.0,174344000.0,-47967000.0,-1.11,116750000.0,0.6696530996191438,2485730000.0,0.0,273413000.0,210346000.0,1587410000.0,47686000.0,0.0,2040328660.0,3129097660.0,0.0,1.2998250501554582,0.4992927630917276,0.0,-0.03875188120397268,0.0,0.0,11.702890033496994,-7.597631186975885,0.0,-0.8001698020465615,1.207775867130814,0.026329581627305084,0.07013794740378078,1.0091325720479591,-0.027008967184690213,37.194944125421564,0.6696530996191438,-0.6567164179104478,-0.5766647771366157,-0.39494562223596,0.0,-0.07417686988517415,-0.6394071107638211,-1.1968947513053037,0.12745894519936624,-0.38334713691927286,0.0,Utilities—Regulated Gas,Utilities,SPH
2015Q3,2015,Q3,2015-08-06,2015-06-27,-40952000.0,220302000.0,-21834000.0,-0.67,126104000.0,0.5724142313732966,2540312000.0,0.0,295328000.0,154849000.0,1516544000.0,47694000.0,0.0,2405501370.0,3500307370.0,0.0,1.9071999173388268,0.4888434963894199,0.0,-0.017662117421689348,0.0,0.0,10.919108178772776,-14.684883339031062,0.0,-1.3117308067982028,1.9750492724451714,0.02233131133074349,0.0867224183486123,1.4888310547694852,-0.0161208544462255,27.302046034934794,0.5724142313732966,-1.2991071428571428,-2.608217729792137,-0.3516450147821101,0.0,-0.635244502808615,-1.299720420978673,-1.1272444358969875,-1.5800847704774965,-0.2795161798095434,0.0,Utilities—Regulated Gas,Utilities,SPH
2015Q2,2015,Q2,2015-05-07,2015-03-28,136634000.0,599389000.0,171591000.0,2.24,345722000.0,0.576790698528001,2651484000.0,0.0,380178000.0,171266000.0,1535874000.0,58902000.0,0.0,2604639000.0,3737081000.0,0.0,2.2198101199304006,0.46860852262355723,0.0,0.1379248753746336,0.0,0.0,4.34549015747703,4.765722660538373,0.0,0.3871803504252236,4.306594003599199,0.020310684129355352,0.22605793585780642,1.734296357712564,0.051531142560166304,22.774990381588612,0.576790698528001,1.4347826086956523,-0.18970907054606187,-0.2545657535828904,0.0,0.4710134752768878,1.4483308545522964,1.2587273588879528,0.6198861613660162,-0.014967413819662297,0.0,Utilities—Regulated Gas,Utilities,SPH
2015Q1,2015,Q1,2015-02-05,2014-12-27,55807000.0,422944000.0,75968000.0,0.92,235023000.0,0.5556834947416206,2622563000.0,0.0,329060000.0,229563000.0,1594101000.0,86898000.0,0.0,2622461590.0,3802513590.0,0.0,1.4334191485561698,0.4736076883567716,0.0,0.060985578629317146,0.0,0.0,6.200493658734962,11.747906131847259,0.0,0.9457057358395901,2.162546894059702,0.02012498493829227,0.16127124496151285,0.910586636348192,0.02127956506669239,102.1605605765485,0.5556834947416206,2.022222222222222,-0.32674398427385826,-0.1811467878677354,0.0,0.9627449015383074,2.0198647660818714,3.20850049421478,0.4118544095364515,-0.17107638266298228,0.0,Utilities—Regulated Gas,Utilities,SPH
2014Q4,2014,Q4,2014-11-26,2014-09-27,-54720000.0,241286000.0,-34398000.0,-0.9,119742000.0,0.49626584219556874,2609363000.0,0.0,294865000.0,222266000.0,1587910000.0,90965000.0,0.0,2705336400.0,3855382400.0,0.0,1.3266311536627284,0.47624075301136715,0.0,-0.02775952461223356,0.0,0.0,11.2121565279378,-12.359906798245612,0.0,-0.9644919590643275,1.336162260209971,0.019508479610890535,0.092469311475636,0.8528249934762852,-0.02097063536196382,37.48508957891674,0.49626584219556874,0.08163265306122446,-0.34409672710951494,-0.09738986943970859,0.0,-0.11734396768415388,0.07236942480801506,-0.2943744120413923,-0.4844890889329544,-0.21802183059990415,0.0,Utilities—Regulated Gas,Utilities,SPH
2014Q3,2014,Q3,2014-08-07,2014-06-28,-58989000.0,297143000.0,-26575000.0,-0.98,135661000.0,0.4565512228119121,2649500000.0,0.0,305178000.0,159189000.0,1520499000.0,78508000.0,0.0,2789716680.0,3963696680.0,0.0,1.917079697717807,0.4692572183430836,0.0,-0.021433845840759084,0.0,0.0,9.388465082468711,-11.823037684992117,0.0,-0.894624421502314,2.0568859224537626,0.018916974751715648,0.11215059445178335,1.3147767747771517,-0.022264200792602377,23.783156405053795,0.4565512228119121,-1.3983739837398375,-3.3118326278376076,-0.12412451615886387,0.0,-0.6195432084223752,-1.3944512427531144,-1.1553693786394144,-4.108908202187199,-0.19347810980706953,0.0,Utilities—Regulated Gas,Utilities,SPH
2014Q2,2014,Q2,2014-05-08,2014-03-29,149547000.0,873772000.0,171044000.0,2.46,356574000.0,0.40808586221577253,2853545000.0,0.0,482946000.0,202983000.0,1615729000.0,96521000.0,0.0,2470778250.0,3698580250.0,0.0,2.379243581974845,0.4543751719352595,0.0,0.13168073324247673,0.0,0.0,2.827715067546225,4.130437671768742,0.0,0.3528522805539396,5.358398690440422,0.021356833621147507,0.3062057896406049,1.7937856864860604,0.05240744407395012,220.74316537121416,0.40808586221577253,1.5360824742268042,-0.29227382382584616,0.0668359265244386,0.0,0.45226245265344356,1.548908319271872,1.1365811004934108,-0.12385053367890367,0.10651010895952319,0.0,Utilities—Regulated Gas,Utilities,SPH
2014Q1,2014,Q1,2014-02-06,2013-12-28,58671000.0,526056000.0,80055000.0,0.97,245530000.0,0.4667373815715437,2776441000.0,0.0,374707000.0,276661000.0,1638566000.0,100503000.0,0.0,2821977970.0,4010125970.0,0.0,1.354390391128493,0.447844920889729,0.0,0.06418952213999073,0.0,0.0,5.3644060138084155,12.024586124320363,0.0,0.8982631964684427,2.7912201625822113,0.018675553303486633,0.18947134118823342,0.9191067768857917,0.021131729433472565,-546.5771779972883,0.4667373815715437,1.9238095238095236,-0.6048678708648684,-0.21317807234143868,-1.0,1.0118483800658788,1.9295299355186235,3.071012805587893,-0.20111552376048625,-0.059017133198391136,0.0,Utilities—Regulated Gas,Utilities,SPH
2013Q4,2013,Q4,2013-11-27,2013-09-28,-63119000.0,243672000.0,-38655000.0,-1.05,122042000.0,0.5008453987327227,2727987000.0,0.0,293322000.0,233894000.0,1598861000.0,77623000.0,0.0,2796293480.0,3934298480.0,0.0,1.254080908445706,0.4564673512007205,0.0,-0.031129577918030785,0.0,0.0,11.475645457828556,-11.075482342876153,0.0,-0.8349625310920642,1.5669324813521766,0.01884709182957434,0.08932300630464882,0.8640067722985626,-0.023137573602806757,389.3474631021999,0.5008453987327227,-0.36363636363636365,-2.1273756299402398,-0.48369798089692934,0.0,-0.14433951019778588,-0.3968088873152164,-0.8714596949891068,-0.4909006769251426,-0.1494414838016959,0.0,Utilities—Regulated Gas,Utilities,SPH
2013Q3,2013,Q3,2013-08-08,2013-06-29,-45188000.0,290805000.0,-20655000.0,-0.77,142629000.0,0.49046268117810904,2979542000.0,0.0,510391000.0,198338000.0,1742112000.0,68949000.0,0.0,2728008500.0,3824069500.0,0.0,2.573339450836451,0.4752579423280491,0.0,-0.014634269295122139,0.0,0.0,9.38088581695638,-15.092549460033638,0.0,-1.106156501726122,2.1490667014750033,0.018322890122959658,0.09760057082598601,2.146134376670129,-0.015166089284863245,46.84724034894903,0.49046268117810904,-1.337719298245614,-0.8316177424949928,-0.4695500307607233,-1.0,-0.5696518388664774,-1.344546785409296,-1.1327058370008674,-3.1149283267287364,-0.11545930273796316,0.0,Utilities—Regulated Gas,Utilities,SPH
2013Q2,2013,Q2,2013-05-09,2013-03-30,131152000.0,678426000.0,155645000.0,2.28,331427000.0,0.48852343512778107,2955779000.0,0.0,456183000.0,224297000.0,1765138000.0,75409000.0,0.0,2544732500.0,3796270500.0,0.0,2.033834603226971,0.4797706459109426,0.0,0.10963093503292562,0.0,0.0,3.7509359900711354,4.850731403257289,0.0,0.3809701720141515,4.601559495550929,0.01963467672928294,0.2295252791226949,1.5965304930516235,0.04437138229887958,38.38614182492873,0.48852343512778107,1.192307692307692,-0.20597358470588073,-0.3387127458499178,-1.0,1.5364246519779285,1.193617448317388,0.8424759695061319,-0.17613876122013136,-0.10628301018253593,0.0,Utilities—Regulated Gas,Utilities,SPH
2013Q1,2013,Q1,2013-02-07,2012-12-29,59788000.0,490703000.0,84476000.0,1.04,130667000.0,0.26628530903621944,2928931000.0,0.0,406523000.0,279739000.0,1822859000.0,92887000.0,0.0,2214765800.0,3485765800.0,0.0,1.4532224680863233,0.48485129898928997,0.0,0.059355075060346055,0.0,0.0,4.513454778144824,9.26091272496153,0.0,0.8129557770790126,3.876064465425732,0.021945887009813855,0.16753655173167276,1.0704370859980197,0.0204129083273044,40.433142252081204,0.26628530903621944,1.8048414307604204,-0.5996118441148828,-0.33962453069990256,-1.0,10.009099334400538,1.9705844155844157,3.0720137355898944,-0.23641419493699145,0.005759530347783008,0.0,Utilities—Regulated Gas,Utilities,SPH
2012Q4,2012,Q4,2012-11-28,2012-09-29,-61600000.0,226345000.0,-40770000.0,-1.29218,11869000.0,0.05243765048929731,2884448000.0,0.0,338280000.0,253715000.0,1792705000.0,88176000.0,0.0,2010096000.0,3297857000.0,0.0,1.3333070571310328,0.49301564805467113,0.0,-0.028761293608625418,0.0,0.0,8.880673308445072,-8.157857142857143,0.0,-0.49194805194805197,2.4323625476320085,0.01507589687258718,0.07847082006678574,0.8799676802711704,-0.021355905878698456,58.043256042274265,0.05243765048929731,-3.9699230769230773,-0.29170422851145056,-0.2819985195056699,-1.0,-0.5337445003142678,-5.607315241874933,-13.857871720116618,-0.8834251215314592,0.05395531149389,0.0,Utilities—Regulated Gas,Utilities,SPH
2012Q3,2012,Q3,2012-08-02,2012-06-23,-9323000.0,179601000.0,-2744000.0,-0.26,25456000.0,0.14173640458572057,896064000.0,0.0,249168000.0,111084000.0,558534000.0,52331000.0,0.0,1433250600.0,1665777600.0,0.0,2.2430593064707787,0.3887345100349975,0.0,-0.007962976903253812,0.0,0.0,7.9801927606193725,-38.43319210554543,0.0,-3.250026815402767,2.945577191339741,0.021140755147773877,0.20043322798371546,1.6049296028230888,-0.010404390757803014,28.001379310344827,0.14173640458572057,-1.1884057971014492,-6.4947484058082265,-0.3956512942502707,-1.0,-0.673356259302982,-1.188066084360438,-1.0488908685968819,-0.15566769819781412,-0.10221561632516914,0.0,Utilities—Regulated Gas,Utilities,SPH
2012Q2,2012,Q2,2012-05-03,2012-03-24,49573000.0,357626000.0,56125000.0,1.38,77932000.0,0.2179148048519962,931478000.0,0.0,282531000.0,111249000.0,555245000.0,67287000.0,0.0,1505524000.0,1757599000.0,0.0,2.5396273224927866,0.37389718275686595,0.0,0.16239529873043254,0.0,0.0,4.209772220140594,7.59245960502693,0.0,0.6104936154761664,4.1567316123471105,0.020101971140944946,0.38393392007111277,1.8251400012584382,0.05321972177550087,39.19716733057356,0.2179148048519962,1.1230769230769229,-0.570213938220291,-0.40979736001788647,-1.0,0.5471907881675601,1.133824035812672,0.8529217563552327,-0.601801686312747,-0.2588685292943034,0.0,Utilities—Regulated Gas,Utilities,SPH
2012Q1,2012,Q1,2012-02-02,2011-12-24,23232000.0,299886000.0,30290000.0,0.65,50370000.0,0.16796382625397652,952130000.0,0.0,297367000.0,153574000.0,597495000.0,87482000.0,0.0,1676508360.0,1935441360.0,0.0,1.9363108338651074,0.3657305199920179,0.0,0.08616850023845807,0.0,0.0,5.590485584522118,18.040938791322315,0.0,1.3010502754820936,2.8521981664799614,0.018029137653688763,0.3149632928276601,1.2795199708283955,0.024400029407748942,-54.55963160635251,0.16796382625397652,2.0663604298252807,-0.6081193235424522,-0.31977809719565936,-1.0,4.676132521974307,2.0709939148073024,3.06068440029934,-0.7343835257870808,-0.2385345162528529,-1.0,Utilities—Regulated Gas,Utilities,SPH
2011Q4,2011,Q4,2011-11-23,2011-09-24,-21692000.0,181580000.0,-14699000.0,-0.60955,8874000.0,0.0488710210375592,956459000.0,0.0,297822000.0,151514000.0,598241000.0,65907000.0,0.0,1652195999.9999998,1850811999.9999998,0.0,1.9656401388650553,0.3640187399564435,0.0,-0.04250605375479058,0.0,0.0,9.098997686969929,-19.041536050156736,0.0,-1.392356629172045,2.620450028069856,0.01828051877622268,0.18984608854117113,1.426818643821693,-0.022679487568207316,92.29114065467544,0.0488710210375592,-2.2081578947368423,0.061282996368656424,-0.40817730433328436,-1.0,-0.6080561812640785,-2.1961102106969204,-42.640226628895185,-1.6568687188736422,-0.3477160999594819,0.0,Utilities—Regulated Gas,Utilities,SPH
2011Q3,2011,Q3,2011-08-04,2011-06-25,-6787000.0,216563000.0,353000.0,-0.19,22641000.0,0.10454694476895869,976123000.0,0.0,313002000.0,123079000.0,557483000.0,53855000.0,0.0,1837773400.0,2024441400.0,0.0,2.543098335215593,0.3566302607355835,0.0,0.0010565305594637015,0.0,0.0,8.486091345243647,-67.69461470458229,0.0,-4.448799174893178,3.6008170086342957,0.016429664288317592,0.22186035981121233,1.9866508502669018,-0.006953017191480991,33.92040089333506,0.10454694476895869,-1.0676156583629892,0.4472451416056541,-0.39236979345408796,-1.0,-0.8234798811816346,-1.0676562063878146,-0.9967081029160799,0.5453971560746522,-0.3472161586902581,-1.0,Utilities—Regulated Gas,Utilities,SPH
2011Q2,2011,Q2,2011-05-05,2011-03-26,100316000.0,464102000.0,107233000.0,2.81,128263000.0,0.2763681259723078,1022532000.0,0.0,355720000.0,136240000.0,568339000.0,59802000.0,0.0,1979139490.0,2190277490.0,0.0,2.610980622431004,0.3403913031572606,0.0,0.3077861206282278,0.0,0.0,4.264449388281024,4.932262774632162,0.0,0.0,5.615848968261931,0.0,0.45387528214275935,2.047673223722842,0.09810548716323793,40.35601097018882,0.2763681259723078,1.322314049586777,0.019019675917881496,-0.32963797293457797,-1.0,0.7636471138244919,1.325952375431844,1.1301324963747243,-0.02203119118464891,-0.27155649956152605,-1.0,Utilities—Regulated Gas,Utilities,SPH
2011Q1,2011,Q1,2011-02-03,2010-12-25,43129000.0,328307000.0,50341000.0,1.21,72726000.0,0.2215182740544673,997127000.0,0.0,324880000.0,177382000.0,615542000.0,75867000.0,0.0,1980664400.0,2213073400.0,0.0,1.8315274379587556,0.34900970488212635,0.0,0.14343789794707554,0.0,0.0,6.032964268200191,11.48104755500939,0.0,0.0,3.3688033005127394,0.0,0.329252943707271,1.3076862364839725,0.043253266635042475,-186.4856793145655,0.2215182740544673,2.7271896768299646,-0.03578007535634793,-0.4245878041454701,-1.0,9.254653130287648,2.7369014538278766,3.837551434530184,-0.5343956184679324,-0.2877493803095408,-1.0,Utilities—Regulated Gas,Utilities,SPH
2010Q4,2010,Q4,2010-11-24,2010-09-25,-24831000.0,168029000.0,-17741000.0,-0.70056,7092000.0,0.042206999982145936,970260000.0,0.0,296427000.0,164514000.0,605423000.0,61047000.0,0.0,1900980000.0,2092025000.0,0.0,1.80183449432875,0.3586183084946303,0.0,-0.05159348448238841,0.0,0.0,11.313404233792976,-19.13918086263139,0.0,-1.2018847408481335,2.6362802430913885,0.015699270902376668,0.17317935398759096,1.3208055241499204,-0.025592109331519387,95.36848442281644,0.042206999982145936,-2.6871578947368415,0.4482723497644754,-0.48934120557383803,-1.0,-0.6890701039063527,-2.753174123337364,-32.96576576576577,0.285158781765465,-0.2682349142250206,-1.0,Utilities—Regulated Gas,Utilities,SPH
2010Q3,2010,Q3,2010-08-05,2010-06-26,-6616000.0,198070000.0,555000.0,-0.19,22809000.0,0.11515625788862523,986443000.0,0.0,314525000.0,127980000.0,569931000.0,54823000.0,0.0,1670431430.0,1848304430.0,0.0,2.4576105641506487,0.35268028664606066,0.0,0.0016879006117040938,0.0,0.0,8.433540818902408,-63.12089744558646,0.0,-4.483827085852479,3.196851686336027,0.017758885200094686,0.20079213902881363,1.8909204563213002,-0.006706925792975367,24.261189653169115,0.11515625788862523,-1.068840579710145,0.9055038290018645,-0.4819585793179105,-1.0,-0.8395946440124898,-1.0672439728422165,-0.9951653788862078,-4.359179425544332,-0.32841811326646586,-1.0,Utilities—Regulated Gas,Utilities,SPH
2010Q2,2010,Q2,2010-05-06,2010-03-27,98388000.0,469163000.0,114797000.0,2.76,142196000.0,0.30308442907901945,1030212000.0,0.0,362060000.0,135265000.0,577868000.0,66384000.0,0.0,1652285250.0,1859218250.0,0.0,2.6766717184785422,0.33764409655488387,0.0,0.32892687333844767,0.0,0.0,3.521772283833124,4.198391190998902,0.0,0.29948774240761067,4.9253886478669555,0.0178334824449955,0.4554043245467923,2.050848334750305,0.09550267323618827,24.624588294907525,0.30308442907901945,1.029411764705882,0.28764298322939874,-0.31573840863742103,-1.0,0.8568537066297549,1.033860465116279,1.0588804993095038,-0.14079688107316166,-0.22009374317538713,-1.0,Utilities—Regulated Gas,Utilities,SPH
2010Q1,2010,Q1,2010-02-04,2009-12-26,48375000.0,301432000.0,55757000.0,1.36,76579000.0,0.2540506648265612,994645000.0,0.0,328624000.0,173233000.0,613021000.0,86027000.0,0.0,1659027370.0,1892980370.0,0.0,1.8970057667996283,0.3513303741535925,0.0,0.1589032230294068,0.0,0.0,5.503819667454019,8.573784857881137,0.0,0.6054366925064599,2.6137491717716532,0.017653717189729065,0.3030548587687064,1.281614934798797,0.04863544279617351,-86.32674419814757,0.2540506648265612,3.019212210295013,0.6647726190470926,-0.3908459741432068,-1.0,-0.7576728952739585,3.1141995542152876,7.482618300197651,-0.17820495005606976,-0.31141260495737355,-1.0,Utilities—Regulated Gas,Utilities,SPH
2009Q4,2009,Q4,2009-11-25,2009-09-26,-22881000.0,150242000.0,-8601000.0,-0.67353,316015000.0,2.1033732245310897,977514000.0,0.0,307556000.0,180059000.0,617797000.0,70158000.0,0.0,1399780000.0,1586022000.0,0.0,1.7080845722790863,0.3574526809846202,0.0,-0.024944666408021822,0.0,0.0,9.316835505384645,-15.294130501289281,0.0,-1.182509505703422,-2.3628524188260784,0.01932946605895212,0.15369805445241705,1.1952082372999961,-0.02340733738851822,92.99627956417751,2.1033732245310897,-1.928391304347826,0.4004407873116903,-0.452750975647755,-1.0,11.83883155927521,-2.077471418964358,-3.267598207223833,-0.03676701340038645,-0.4872731731034174,-1.0,Utilities—Regulated Gas,Utilities,SPH
2009Q3,2009,Q3,2009-08-06,2009-06-27,-7435000.0,184372000.0,3793000.0,-0.23,24614000.0,0.13350183325016815,1075305000.0,0.0,400486000.0,146526000.0,742240000.0,57734000.0,0.0,1396836090.0,1664684090.0,0.0,2.733207758350054,0.48725431389233753,0.0,0.008577539513762899,0.0,0.0,7.576183422645521,-46.96826126429051,0.0,-3.59502353732347,2.76713894758721,0.01913538760299356,0.17146019036459423,2.1637593328146543,-0.006914317333221737,23.661953314247963,0.13350183325016815,-1.0660919540229885,0.7186898167572876,-0.393007479449724,-1.0,-0.8360356519537964,-1.0647275956331725,-0.9697030209115453,0.34506413546345704,-0.4404831830974998,-1.0,Utilities—Regulated Gas,Utilities,SPH
2009Q2,2009,Q2,2009-05-07,2009-03-28,114866000.0,445225000.0,125194000.0,3.48,150118000.0,0.3371733393228143,1128207000.0,0.0,454339000.0,167152000.0,763250000.0,62181000.0,0.0,1214025120.0,1510457120.0,0.0,2.718118837943907,0.47144628600957095,0.0,0.23357453931727534,0.0,0.0,2.7267676343421865,2.642263855274842,0.0,0.0,4.745935253534038,0.0,0.3946305952719669,2.151915621709582,0.10181287653772757,9.333628969016683,0.3371733393228143,0.420408163265306,0.1431370653320274,-0.2862260331771662,-1.0,0.340076056488904,0.4235821931390046,0.38751399217546467,0.26152398382739656,-0.30470811755747995,-1.0,Utilities—Regulated Gas,Utilities,SPH
2009Q1,2009,Q1,2009-02-05,2008-12-27,80688000.0,363315000.0,90229000.0,2.45,112022000.0,0.30833298927927555,1050661000.0,274468000.0,374442000.0,188513000.0,776193000.0,83816000.0,0.0,1120666400.0,1521908400.0,8.363846903949293,1.9862927225178104,0.5061861056991741,1.9376757946281533,0.11173412311577109,8.363846903949293,0.2939796260401941,3.0845585786438767,3.4722213959944477,4.083049390092834,0.0,2.9981507110814163,0.0,0.3457965985222636,1.3539490645207493,0.07679736851372612,54.50977187606401,0.30833298927927555,8.111549737308062,2.380957889773156,0.3832648601249123,0.2967910436109013,6.0387684574300975,1.6519424176690989,55.486111111111114,0.9494753088408351,-0.31184808326444347,1.5984209228496689,Utilities—Regulated Gas,Utilities,SPH
2008Q4,2008,Q4,2008-11-26,2008-09-27,30426000.0,256481000.0,-1656000.0,-0.34451,15915000.0,0.06205138002425131,1035713000.0,0.0,359551000.0,223615000.0,815637000.0,79822000.0,0.0,1122744000.0,1516818000.0,0.0,1.607901974375601,0.5134356718511789,0.0,-0.0030996106720282655,0.0,0.0,4.377493849446938,9.225202129757443,0.0,0.0,3.0137806619728895,0.0,0.24763713499782275,1.0403192987948036,0.029376864054038138,19.026012099439086,0.06205138002425131,0.17973809523809525,2.2084405071718214,0.6995757718217767,-1.0,-0.008225836604972891,3.2132828980868555,0.6219178082191781,1.7296335891685588,-0.1587381602239643,-1.0,Utilities—Regulated Gas,Utilities,SPH
2008Q3,2008,Q3,2008-08-07,2008-06-28,-13747000.0,305476000.0,-4380000.0,-0.42,16047000.0,0.05253113174193717,999602000.0,257445000.0,314077000.0,132253000.0,742157000.0,78705000.0,0.0,1250095000.0,1680185000.0,7.8669213139801375,2.374819474794523,0.5489314747269414,2.1313795179552915,-0.005371828214802176,7.8669213139801375,-0.053397813125133524,4.092285482329217,-22.733960136757112,4.855775019907165,-1.84491161708009,3.677390254748745,0.020288058107583825,0.3055976278558866,1.655395340748414,-0.01375247348444681,29.494502642506607,0.05253113174193717,-1.146341463414634,0.12296073812089484,0.5912902555568217,0.6715522353973812,-0.8732894830349881,-1.1454355024702982,-1.0419640718562875,0.7877040815962214,-0.13615091708290278,0.826576002029758,Utilities—Regulated Gas,Utilities,SPH
2008Q2,2008,Q2,2008-05-08,2008-03-29,94523000.0,587097000.0,104375000.0,2.87,126643000.0,0.21571052143001923,1072018000.0,293182000.0,384865000.0,165030000.0,778836000.0,81205000.0,0.0,1239623000.0,1687475000.0,8.95896103896104,2.3320911349451614,0.5117964437164302,1.8713802348029551,0.12341813810400057,8.95896103896104,0.32240383106739157,2.111444957136555,3.278627952984988,4.228168850747999,0.2639886588449372,5.670266609198941,0.02012950711627648,0.5476559162252873,1.672756468520875,0.08817295978239172,27.04120675363204,0.21571052143001923,0.10384615384615385,0.22018768554312254,0.4922902766996914,2.0950988744200147,0.8610013078426474,0.10645097098175092,1.0153893683986948,0.3360250022370192,-0.07523363584824098,0.27204306591926186,Utilities—Regulated Gas,Utilities,SPH
2008Q1,2008,Q1,2008-02-07,2007-12-29,85429000.0,425109000.0,51789000.0,2.6,68051000.0,0.16007894445895052,1050643000.0,228481000.0,359953000.0,205211000.0,822162000.0,102348000.0,0.0,1322998150.0,1792625150.0,6.98569113645397,1.7540628913654726,0.5221526246308213,2.4010574183411313,0.06448524406204276,6.98569113645397,0.3738997991080221,3.112138651498792,3.871630681618654,5.790407736310678,0.28724437837268374,3.4886661195138156,0.018548022912957207,0.4046179339699594,1.0940787774534504,0.08131115897597947,-27.25639485774326,0.16007894445895052,3.648601843834361,1.7666166600429816,0.5513199659287171,5.108294876708358,37.68517520215634,3.6624178016018947,3.326236356286215,2.1749109504794397,-0.0722513245312954,0.26262457568650255,Utilities—Regulated Gas,Utilities,SPH
2007Q4,2007,Q4,2007-11-28,2007-09-29,-32087000.0,212108000.0,-22263000.0,-0.98165,-1855000.0,-0.008745544722499858,975218000.0,166277000.0,282211000.0,196410000.0,808941000.0,81246000.0,0.0,1451880000.0,1903832000.0,5.084923547400612,1.43684639274986,0.5624773127649407,3.2989409238800316,-0.035329188209461085,5.084923547400612,-0.19297317127443964,6.8450034887887306,-11.31205784274005,8.731694702213776,-0.725527472184997,2.6335204194668047,0.01603438300686007,0.21749803633649092,0.8563362354258948,-0.03290238695348117,133.07791017415215,-0.008745544722499858,-31.721666666666668,-0.3438839793284294,9.71354144209293,5.48130151637591,-1.0669989525770216,-27.146491228070175,-3.9029860477246054,0.12578680312590196,-0.19669244201446684,-0.0835414203937797,Utilities—Regulated Gas,Utilities,SPH
2007Q3,2007,Q3,2007-08-09,2007-06-30,-1140000.0,272350000.0,7669000.0,-0.03,27687000.0,0.10165962915366257,984327000.0,197897000.0,269023000.0,143997000.0,786430000.0,58926000.0,0.0,1564104380.0,2005662380.0,6.056711758584807,1.8682541997402724,0.557212186600591,2.7715377191165103,0.014464675983815711,6.056711758584807,-0.005760572418985634,5.742993868184322,-343.00534649122807,7.903628554247916,-20.063157894736843,4.152038149543495,0.014623064990074383,0.27668650763415004,1.2990617860094307,-0.0011581517117787076,38.847189230807444,0.10165962915366257,-1.0093167701863353,0.9220730222250966,0.4916888102466547,0.687588996897086,-0.8021268840719539,-1.0107689401095787,-0.9336362062997577,0.9566228144902414,-0.09828812277934507,-0.12781667247541562,Utilities—Regulated Gas,Utilities,SPH
2007Q2,2007,Q2,2007-05-10,2007-03-31,105860000.0,556118000.0,115560000.0,3.22,139923000.0,0.25160667340384596,1056035000.0,219637000.0,340539000.0,175911000.0,836398000.0,65488000.0,0.0,1437612000.0,1897047000.0,6.722278333792428,1.935859610825929,0.5193208558428462,2.496942682699181,0.14992205258986926,6.722278333792428,0.4819770803644195,2.585084460492198,3.3950784054411485,6.5453999098512545,0.21220479879085585,6.355286464695822,0.015625912972345807,0.5266094400280293,1.4022545491754352,0.100242889676952,17.51625991495376,0.25160667340384596,0.9053254437869824,0.28922065864357094,0.7772805027816747,0.45882323911578227,0.6646996537898707,0.9730858122716768,0.8161244695898161,0.05912055370916879,-0.10369707970320557,-0.1931420655592679,Utilities—Regulated Gas,Utilities,SPH
2007Q1,2007,Q1,2007-02-08,2006-12-30,53652000.0,398987000.0,63630000.0,1.69,84053000.0,0.21066601167456583,997164000.0,135012000.0,276807000.0,198438000.0,862152000.0,89389000.0,0.0,,,,,,,,,,,,,,,,,,,,,,,,,,,,,,,Utilities—Regulated Gas,Utilities,SPH
