Quarters,Year,Quarter,FillingDate,Date,NetIncome,Revenue,OperatingIncome,EPSDiluted,GrossProfit,GrossProfitRatio,TotalAssets,CommonStockEquity,CurrentAssets,CurrentLiability,TotalLiability,Inventory,RetainedEarnings,MarketCap,EnterpriseValue,bookValuePerShare,currentRatio,debtToAssets,debtToEquity,roic,shareholdersEquityPerShare,roe,priceToSalesRatio,peRatio,pbRatio,payoutRatio,inventoryTurnover,dividendYield,assetTurnover,quickRatio,returnOnAssets,priceToFreeCashFlowsRatio,grossProfitMargin,epsdilutedGrowth,fiveYNetIncomeGrowthPerShare,fiveYRevenueGrowthPerShare,fiveYShareholdersEquityGrowthPerShare,grossProfitGrowth,netIncomeGrowth,operatingIncomeGrowth,threeYNetIncomeGrowthPerShare,threeYRevenueGrowthPerShare,threeYShareholdersEquityGrowthPerShare,Industry,Sector,Symbol
2023Q1,2023,Q1,2023-04-11,2023-03-31,-217800000.0,1799100000.0,9000000.0,-0.59,244500000.0,0.135901284,19830200000.0,6939100000.0,2318600000.0,1549500000.0,12874600000.0,1021600000.0,-3068000000.0,17192321630.033306,27069721630.033306,18.796175074938613,1.496353662471765,0.5017801131607347,1.4339611765214508,0.0004367743191994765,18.796175074938613,-0.03138735570895361,9.556067828377136,-19.734069823270556,2.4776010765132805,-0.025711662075298437,1.5217306186374315,0.00032572680528599157,0.09072525743562848,0.7064214262665376,-0.010983247773597845,-213.83484614469288,0.135901283975321,0.0,-0.8613024636463126,1.653366111443889,0.0,0.24111675126903553,0.005933363760839799,5.428571428571429,0.23500766977307638,0.8859075219837222,0.1045827600526344,Waste Management,Industrials,GFL
2022Q4,2022,Q4,2022-12-31,2022-12-31,-219100000.0,1821200000.0,1400000.0,-0.59,197000000.0,0.1081704371,19767600000.0,6037200000.0,1383100000.0,2692100000.0,13723500000.0,84200000.0,-2843000000.0,14607233340.989296,24170733340.989296,16.35501405200528,0.5137624902492478,0.48794997875311114,1.5976942953687139,7.648267426315774e-05,16.35501405200528,-0.03629165838468164,8.020664035245606,-16.66731325991476,2.419537756077204,-0.025559105431309903,19.28978622327791,0.00038337170833616135,0.09213055707319047,0.4458229634857546,-0.011083793682591716,88.15469729021905,0.10817043707445641,-0.17999999999999994,0.9606823330513197,-0.9342567188759442,-0.9294090993993765,-0.17676556623485165,-0.19270549809471965,-0.9679633867276888,0.9606823330513197,-0.9342567188759442,-0.9294090993993765,Waste Management,Industrials,GFL
2022Q3,2022,Q3,2022-09-30,2022-09-30,-183700000.0,1831200000.0,43700000.0,-0.5,239300000.0,0.130679336,20014400000.0,6315600000.0,1637900000.0,2546600000.0,13692800000.0,0.0,-2617400000.0,12748190816.515959,22275890816.51596,17.13272111606901,0.6431712872064713,0.4879037093292829,1.5461872189499017,0.001878379606654976,17.13272111606901,-0.02908670593451137,6.961659467297924,-17.34919817163304,2.01852410167141,-0.02939575394665215,0.0,0.00042358951773800035,0.091494124230554,0.5689546846776093,-0.009178391558078184,168.8502094902776,0.13067933595456532,-5.166666666666667,0.9458277881826695,-0.9339117051055178,0.0,0.06119733924611973,-3.8569206842923793,-0.16603053435114504,0.9458277881826695,-0.9339117051055178,0.0,Waste Management,Industrials,GFL
2022Q2,2022,Q2,2022-06-30,2022-06-30,64300000.0,1707500000.0,52400000.0,0.12,225500000.0,0.1320644217,19112000000.0,6144200000.0,1519000000.0,2401500000.0,12967800000.0,0.0,-2428500000.0,12100637931.327986,20998137931.327988,16.74882364197454,0.6325213408286487,0.4776109250732524,1.485644998535204,0.007990438441950163,16.74882364197454,0.01046515412909736,7.086757207219904,47.047581381524054,1.969440762235602,0.07776049766718507,0.0,0.00041320135586035787,0.08934177480117204,0.5514053716427233,0.0033643784010046044,118.4015453163208,0.13206442166910687,-0.6756756756756757,1.8091009660263808,0.7581388914421555,0.7590895546372817,0.6605301914580265,-0.5306569343065694,2.2535885167464116,1.8091009660263808,0.7581388914421555,0.7590895546372817,Waste Management,Industrials,GFL
2022Q1,2022,Q1,2022-03-31,2022-03-31,137000000.0,1401400000.0,-41800000.0,0.37,135800000.0,0.0969030969,17942500000.0,5698500000.0,1758800000.0,2443000000.0,12244000000.0,0.0,-2487800000.0,14807279543.963694,22967379543.96369,15.653675011922793,0.719934506753991,0.4653420649296363,1.4651925945424233,-0.0034567451597599854,15.653675011922793,0.024041414407300166,10.566062183504847,27.020583109422798,2.598452144242115,0.034306569343065696,0.0,0.00031741144523174706,0.07810505782360318,0.4232091690544413,0.007635502299010729,-544.3852773516064,0.0969030969030969,2.761904761904762,2.1873235149011827,1.0960103016366631,0.0,0.25857275254865614,2.7700258397932815,0.3258064516129032,1.7275331448489706,-0.03588201383300741,-0.0776528551292831,Waste Management,Industrials,GFL
2021Q4,2021,Q4,2021-12-31,2021-12-31,-77400000.0,1539500000.0,-62000000.0,-0.21,107900000.0,0.0700876908,18373700000.0,5776100000.0,1495700000.0,1522400000.0,12597600000.0,82000000.0,-2510500000.0,17512717156.06942,25609617156.06942,15.909863282570997,0.9824619022595901,0.4510414342239179,1.4347570159796403,-0.0036733357367549273,15.909863282570997,-0.013400045013071103,11.375587629795012,-56.56562388911311,3.0319276252262632,-0.06201550387596899,17.458536585365852,0.0002740865370703742,0.0837882408007097,0.8704019968470835,-0.004212542928207165,321.9249477218643,0.07008769080870413,0.6911764705882354,0.985877788588633,-0.9434946183354812,-0.9313304425188327,-0.4403526970954357,0.6843393148450244,-3.5306122448979593,0.985877788588633,-0.9434946183354812,-0.9313304425188327,Waste Management,Industrials,GFL
2021Q3,2021,Q3,2021-09-30,2021-09-30,-245200000.0,1485100000.0,24500000.0,-0.68,192800000.0,0.1298229075,18125600000.0,5527900000.0,2406300000.0,1383000000.0,12597700000.0,0.0,-2237600000.0,16951228656.569706,24516928656.569706,15.267974017956739,1.7399132321041215,0.4808227038001501,1.576584236328443,0.0011906161278917614,15.267974017956739,-0.04435680819117567,11.414200159295472,-17.283063475295375,3.066486126118364,-0.01794453507340946,0.0,0.00025956820529907213,0.08193383943152227,1.620173535791757,-0.013527828044313015,190.0361957014541,0.12982290754831324,-23.66666666666667,0.9263797340197777,-0.9454299979422536,0.0,0.5181102362204725,-10.73015873015873,1.9607843137254901,0.9263797340197777,-0.9454299979422536,0.0,Waste Management,Industrials,GFL
2021Q2,2021,Q2,2021-06-30,2021-06-30,25200000.0,1314300000.0,-25500000.0,0.03,127000000.0,0.0966293845,15695200000.0,5412300000.0,1333600000.0,1188100000.0,10282900000.0,0.0,-1988000000.0,14321963312.623009,22125863312.62301,15.003505419638286,1.1224644390202845,0.5169924562923697,1.4992332280176635,-0.0011493918990658624,15.003505419638286,0.00465606119394712,10.897027552783237,142.08296937126002,2.6461880000412044,0.17857142857142858,0.0,0.0003142027319699818,0.0837389775217901,0.996801616025587,0.0016055864213262653,557.2748370670431,0.09662938446321236,1.0476190476190477,1.3224662002317225,0.37619155702736967,0.5757828866552033,0.27127127127127126,1.1114058355437666,0.4720496894409938,1.3224662002317225,0.37619155702736967,0.5757828866552033,Waste Management,Industrials,GFL
2021Q1,2021,Q1,2021-03-31,2021-03-31,-226200000.0,1186600000.0,-48300000.0,-0.63,99900000.0,0.084190123,15509100000.0,5391600000.0,962800000.0,1147800000.0,10117500000.0,0.0,-2008700000.0,15801943646.43351,23765243646.43351,14.96096542436146,0.8388220944415403,0.5141755485489165,1.479041471919282,-0.0025560632191578806,14.96096542436146,-0.041954150901402185,13.31699279153338,-17.46457078518292,2.930844952599138,-0.01856763925729443,0.0,0.00026579008848369977,0.07650991998246191,0.7206830458267991,-0.01458498558910575,194.1270718235075,0.08419012304062026,0.5467625899280575,-0.9802831704367155,0.7927586959432006,0.0,1.7841444270015698,0.5352373125128416,0.8201787043931497,-0.9802831704367155,0.7927586959432006,0.0,Waste Management,Industrials,GFL
2020Q4,2020,Q4,2020-12-31,2020-12-31,-486700000.0,1235600000.0,-268600000.0,-1.39,-127400000.0,-0.1031078019,15730000000.0,5679300000.0,1028200000.0,1193300000.0,10050700000.0,57400000.0,-1778300000.0,13027643373.382,20744843373.382,16.21990342627289,0.8616441800050281,0.4923331214240305,1.363618755832585,-0.014189161186631554,16.21990342627289,-0.08569718099061505,10.543576702316283,-6.6918242106955015,2.2938818821654077,-0.009040476679679475,23.745644599303137,0.00033774335648380216,0.0785505403687222,0.7496019441883851,-0.03094087730451367,318.5242878577506,-0.1031078018776303,-3.3437499999999996,0.9079243477797319,-0.9529770654285943,-0.9299922588342042,-2.007114624505929,-3.2432432432432434,-13.729857819905213,0.9079243477797319,-0.9529770654285943,-0.9299922588342042,Waste Management,Industrials,GFL
2020Q3,2020,Q3,2020-09-30,2020-09-30,-114700000.0,1036000000.0,21100000.0,-0.32,126500000.0,0.1221042471,14769200000.0,5661500000.0,2695900000.0,900100000.0,9107700000.0,0.0,-1287200000.0,10188717577.0608,15715117577.0608,15.71041663197971,2.9951116542606377,0.49722395254990115,1.2971120727722336,0.0011496131633431405,15.71041663197971,-0.020259648503046897,9.834669475927413,-22.207318171448996,1.7996498413955313,-0.07585004359197908,0.0,0.0008538856764061705,0.07014597947079057,2.8315742695256083,-0.007766162012837527,59.583143725501756,0.12210424710424711,0.0,0.9654000643704076,-0.9617533867665127,0.0,0.12946428571428573,0.006926406926406926,1.6708860759493671,0.9654000643704076,-0.9617533867665127,0.0,Waste Management,Industrials,GFL
2020Q2,2020,Q2,2020-06-30,2020-06-30,-115500000.0,993300000.0,7900000.0,-0.32,112000000.0,0.1127554616,13897700000.0,5826800000.0,1618500000.0,841500000.0,8070900000.0,0.0,-1163800000.0,9215756189.0625,14792556189.0625,16.143515151515153,1.9233511586452763,0.45336278664815044,1.0813310908217204,0.00048164454207340985,16.143515151515153,-0.019822200864968765,9.27791824127907,-19.94752421875,1.5816153272915665,0.0,0.0,0.0,0.0714722579995251,1.744385026737968,-0.008310727674363383,743.2061442792339,0.1127554615926709,0.5844155844155844,-0.4771437437714051,0.03949386980540448,0.6955154275426557,0.4173447564571443,0.5844576362655154,1.1025467950881382,-0.4771437437714051,0.03949386980540448,0.6955154275426557,Waste Management,Industrials,GFL
2020Q1,2020,Q1,2020-03-31,2020-03-31,-277950000.0,931324000.0,-77038000.0,-0.77,79021000.0,0.0848480228,13702680000.0,6132969000.0,1003759000.0,892301000.0,7569711000.0,0.0,-1048266000.0,7688592801.000341,13285245801.000341,17.016538510924214,1.12491076441694,0.41510193626356306,0.9274478641584525,-0.004869814913030782,17.016538510924214,-0.045320626926371226,8.255551023060011,-6.9154459444147705,1.253649382705235,0.0,0.0,0.0,0.06796655836668447,0.9563241551897846,-0.02028435313383951,-40.16147345410276,0.08484802281483136,0.9490066225165563,-1.4330995097613395,0.4069439145419511,0.0,2.2855598519812066,-0.5411443114336884,0.34015691380019186,-1.4330995097613395,0.4069439145419511,0.0,Waste Management,Industrials,GFL
2019Q4,2019,Q4,2019-12-31,2019-12-31,-180353000.0,896551000.0,-116752000.0,-15.1,24051000.0,0.0268261371,12323803000.0,2767933000.0,1420265000.0,865085000.0,9555870000.0,50507000.0,-770316000.0,262135466.962992,7504405466.962992,231.68728423704025,1.6417635261274903,0.6343063906490554,2.8241532580449022,-0.007718994877094759,231.68728423704025,-0.06515800779859918,0.292382103151959,-0.3633644394090922,0.09470441190700499,0.0,17.27483319143881,0.0,0.07274954005675034,1.4890478970274597,-0.014634524748569902,-24.071209087510745,0.026826137051879927,-0.641304347826087,0.0,0.0,0.0,-0.733359201773836,-0.6410646041856233,-43.90461538461538,0.0,0.0,0.0,Waste Management,Industrials,GFL
2019Q3,2019,Q3,2019-09-30,2019-09-30,-109900000.0,898000000.0,-2600000.0,-9.2,90200000.0,0.1004454343,,,,,,,,265184207.25300002,,,0.0,0.0,0.0,0.0,,0.0,0.2953053532884187,-0.6032397799203822,0.0,0.0,0.0,0.0,0.0,0.0,0.0,-10.440323120196851,0.10044543429844098,-40.81818181818181,0.0,0.0,0.0,-0.6668759463751524,-0.6153925300956888,-1.2424242424242424,0.0,0.0,0.0,Waste Management,Industrials,GFL
2019Q2,2019,Q2,2019-06-30,2019-06-30,-68033000.0,831417000.0,10725000.0,-0.22,270770000.0,0.3256729174,11380522000.0,2990121000.0,964165000.0,679990000.0,8390401000.0,0.0,-480088000.0,6928657512.5376,13581374512.5376,9.521302424780806,1.4179105575081987,0.6029604793172053,2.2948920796181826,0.0008068028515525903,9.521302424780806,-0.022752590948660605,8.333552853186307,-25.460649657289846,2.3171829877578864,0.0,0.0,0.0,0.07305613925266345,1.2530375446697746,-0.0059780210433229685,-134.18009397404185,0.32567291744094723,0.576923076923077,0.0,0.0,0.0,0.1530076052427631,0.27153289360973104,1.683643549209587,0.0,0.0,0.0,Waste Management,Industrials,GFL
2019Q1,2019,Q1,2019-03-31,2019-03-31,-93392000.0,720898000.0,-15688000.0,-0.52,234838000.0,0.3257575968,11167982000.0,3064136000.0,681885000.0,665443000.0,8103846000.0,0.0,-412055000.0,4039290374.005656,10589416374.005655,16.97156553145392,1.0247083521804272,0.5865102576275643,2.1376779620747905,-0.0012184699991121348,16.97156553145392,-0.030479064897902704,5.603137162269358,-10.812731213609451,1.318247745532723,0.0,0.0,0.0,0.06455042638858122,0.8618514282966385,-0.008362477661586489,-33.959026566724866,0.3257575967751332,0.0,-0.6319854611540211,1.1740184621694405,0.0,0.0,0.0,0.0,-0.6319854611540211,1.1740184621694405,0.0,Waste Management,Industrials,GFL
2018Q1,2018,Q1,2018-03-31,2018-03-31,-57226000.0,331597000.0,-11270000.0,-0.32,93906000.0,0.2831931531,,,,,,,,3910775357.112624,,,0.0,0.0,0.0,0.0,,0.0,11.793759765958752,-17.084783826899592,0.0,0.0,0.0,0.0,0.0,0.0,0.0,-96.26287001212583,0.2831931531346785,0.0,0.0,0.0,0.0,0.0,0.0,0.0,0.0,0.0,0.0,Waste Management,Industrials,GFL
