Quarters,Year,Quarter,FillingDate,Date,NetIncome,Revenue,OperatingIncome,EPSDiluted,GrossProfit,GrossProfitRatio,TotalAssets,CommonStockEquity,CurrentAssets,CurrentLiability,TotalLiability,Inventory,RetainedEarnings,MarketCap,EnterpriseValue,bookValuePerShare,currentRatio,debtToAssets,debtToEquity,roic,shareholdersEquityPerShare,roe,priceToSalesRatio,peRatio,pbRatio,payoutRatio,inventoryTurnover,dividendYield,assetTurnover,quickRatio,returnOnAssets,priceToFreeCashFlowsRatio,grossProfitMargin,epsdilutedGrowth,fiveYNetIncomeGrowthPerShare,fiveYRevenueGrowthPerShare,fiveYShareholdersEquityGrowthPerShare,grossProfitGrowth,netIncomeGrowth,operatingIncomeGrowth,threeYNetIncomeGrowthPerShare,threeYRevenueGrowthPerShare,threeYShareholdersEquityGrowthPerShare,Industry,Sector,Symbol
2023Q1,2023,Q1,2023-05-15,2023-03-31,-4272261.0,0.0,-3147537.0,-0.27,0.0,0.0,6783753.0,2772399.0,6783753.0,4011354.0,4011354.0,0.0,-75670126.0,124976299.635,118787980.635,0.17203225177727113,1.6911379549149739,0.0,0.0,-1.3074069847208227,0.17203225177727113,-1.5409978866678282,0.0,-7.313241140639581,45.07875656967125,0.0,0.0,0.0,0.0,1.5427007937968078,-0.6297783837353748,-92.57551678786483,0.0,-2.0,0.6831118682331633,0.0,1.0350503992748503,0.0,-2.390523018877996,-1.442425775572615,-0.293011005336626,0.0,1.0401815049166336,Medical Devices,Healthcare,BBLG
2022Q4,2022,Q4,2023-03-30,2022-12-31,3072413.0,0.0,-1288693.0,0.27,0.0,0.0,8495237.0,5947308.0,8495237.0,2547929.0,2547929.0,0.0,-71960227.0,71862558.53400001,64324246.53400001,0.5206398908034737,3.3341733619735874,0.0,0.0,-0.7464692926178303,0.5206398908034737,0.516605664277014,0.0,5.847403859279336,12.083207820075907,0.0,0.0,0.0,0.0,2.9586036345596756,0.36166301187359456,-36.83765125736176,0.0,3.2500000000000004,1.2020581409735662,0.0,1.1078261372076295,0.0,3.5198646410946814,-0.05693209992479149,2.474258885862506,0.0,1.1277219944026309,Medical Devices,Healthcare,BBLG
2022Q3,2022,Q3,2022-11-14,2022-09-30,-1219277.0,0.0,-1219277.0,-0.12,0.0,0.0,5200977.0,4401502.0,5200977.0,799475.0,799475.0,0.0,-72853687.0,326043238.5,320983995.5,0.42524210481365343,6.50549047812627,0.0,0.0,-0.27701384663689804,0.42524210481365343,-0.27701384663689804,0.0,-66.85175692234004,74.07544935796916,0.0,0.0,0.0,0.0,6.328206635604616,-0.23443229993133982,-824.8433094093033,0.0,-1.649006622516556,0.9275001800435801,0.0,1.0606607722614843,0.0,-1.5980537135843718,-1.5980537135843718,0.38796929127868873,0.0,1.108977046421571,Medical Devices,Healthcare,BBLG
2022Q2,2022,Q2,2022-08-11,2022-06-30,-469304.0,0.0,-469304.0,-0.0453,0.0,0.0,5658881.0,5588245.0,5658881.0,70636.0,70636.0,0.0,-71634410.0,434724318.0,429269796.0,0.5398968502148527,80.11327085338921,0.0,0.0,-0.08398056992848381,0.5398968502148527,-0.08398056992848381,0.0,-231.57927377563368,77.79263758120841,0.0,0.0,0.0,0.0,77.22014270343735,-0.08293229703893756,-1207.3529094827586,0.0,0.3198198198198199,-1.0814470868182637,0.0,1.0818103695711931,0.0,0.31935506795513846,0.2850574782685529,0.8569564701964022,0.0,1.1452299124983203,Medical Devices,Healthcare,BBLG
2022Q1,2022,Q1,2022-05-13,2022-03-31,-689499.0,0.0,-656422.0,-0.0666,0.0,0.0,6093714.0,6038801.0,6093714.0,54913.0,54913.0,0.0,-71165106.0,863238288.6,857423702.6,0.5834263957600826,110.9703348933768,0.0,0.0,-0.11417812906899895,0.5834263957600826,-0.11417812906899896,0.0,-312.99475728028614,142.94862317867407,0.0,0.0,0.0,0.0,105.88723981570848,-0.11314922229694403,-1002.8570499512651,0.0,-0.09001636661211138,0.9663451426847144,0.0,1.1095669252341767,0.0,-2.879321694413656,-0.43048103869840176,0.861723270057938,0.0,1.1708428217094935,Medical Devices,Healthcare,BBLG
2021Q4,2021,Q4,2022-03-15,2021-12-31,-177737.0,0.0,-458882.0,-0.0611,0.0,0.0,6675.365,6575.456,6675.365,0.0,99.909,0.0,-70475.607,307436764.8,307430089.435,0.002258572275998658,0.0,0.0,0.0,-70.42103388987137,0.002258572275998658,-27.03036869230058,0.0,-432.4321396220258,46755.20067353503,0.0,0.0,0.0,0.0,0.0,-26.625809974435857,-1645.3490719928072,0.0,0.9996507335588048,0.9805652294102845,0.0,1.000406285062204,0.0,0.9996510191379199,-0.9969711343885043,0.8787882157484596,0.0,1.0007670208036883,Medical Devices,Healthcare,BBLG
2021Q3,2021,Q3,2021-11-15,2021-09-30,-509303000.0,0.0,-229789.0,-174.93807819304766,0.0,0.0,52393.0,-15125258.0,0.0,12767896.0,15177651.0,0.0,-70297870.0,444560549.09999996,457325071.09999996,-5.195303319819478,0.0,243.69469203901284,-0.8441440139401258,0.09747718000035634,-5.195303319819478,33.672351241876335,0.0,-0.21822007189237053,-29.39193163514963,0.0,0.0,0.0,0.0,0.00026425653843045087,-9720.821483786001,-427.06373260104095,0.0,-998.6461611031294,-61.14254023070912,0.0,-0.14448678918191404,0.0,-1034.3833518331037,0.009021868975897119,-2139.206128495894,0.0,-1.1416414764358758,Medical Devices,Healthcare,BBLG
2021Q2,2021,Q2,2021-08-16,2021-06-30,-491898.0,0.0,-231881.0,-0.175,0.0,0.0,4438.0,-14615955.0,4438.0,14620393.0,14620393.0,0.0,-69788567.0,444560549.09999996,457047301.09999996,-5.02036524162643,0.00030354861186016,2814.598918431726,-0.8546270154772644,0.10913253936317663,-5.02036524162643,0.03365486552195871,0.0,-225.94142947318346,-30.41611369903643,0.0,0.0,0.0,0.0,0.00030354861186016,-110.8377647589004,-699.015456593829,0.0,-0.16666666666666663,0.9462842962336029,0.0,-0.4413018208265507,0.0,-0.13932001843672337,-0.2816486480511154,0.7634775808199127,0.0,0.06105125713548143,Medical Devices,Healthcare,BBLG
2021Q1,2021,Q1,2021-05-21,2021-03-31,-431747.0,0.0,-180924.0,-0.15,0.0,0.0,71165.0,-14124057.0,71165.0,14195222.0,14195222.0,0.0,-69296669.0,444560549.09999996,456411320.09999996,-4.851405524548377,0.005013306590062487,167.52527225461955,-0.8440872194157811,0.08215897309911671,-4.851405524548377,0.030568200057533045,0.0,-257.419593593007,-31.47541454271956,0.0,0.0,0.0,0.0,0.005013306590062487,-6.066844656783531,-3473.5906260987786,0.0,0.7606701236537694,0.9705124546912791,0.0,-1.2345827753639367,0.0,0.7633861094213263,0.12356611378080917,0.8227315275168205,0.0,0.011559176125942662,Medical Devices,Healthcare,BBLG
2020Q4,2020,Q4,2021-04-15,2020-12-31,-1824690.0,0.0,-206432.0,-0.62675,0.0,0.0,0.0,-13692310.0,0.0,13692310.0,13692310.0,0.0,0.0,444560549.09999996,456272728.09999996,-4.703106789913761,0.0,0.0,-0.8561585298609219,0.10490523644246989,-4.703106789913761,0.13326385394429427,0.0,-60.9090515512224,-32.467899799230366,0.0,0.0,0.0,0.0,0.0,0.0,-1041.288794963144,0.0,-4.014,0.8910442157206616,0.0,-0.14863190256565892,0.0,-3.630617004484214,-0.4156340220678494,0.5291560895292905,0.0,0.02597198756943332,Medical Devices,Healthcare,BBLG
2020Q3,2020,Q3,2021-04-15,2020-09-30,-394049.0,0.0,-145823.0,-0.125,0.0,0.0,2461.0,-13238599.0,2461.0,13241060.0,13241060.0,0.0,0.0,444560549.09999996,456157644.09999996,-4.547263744820672,0.00018586125280000242,4713.350670459163,-0.8761921106606523,0.08896837971914098,-4.547263744820672,0.02976515868484271,0.0,-282.046489840096,-33.58063410637334,0.0,0.0,0.0,0.0,0.00018586125280000242,-160.11743193823648,-6154.961359860441,0.0,0.0,0.9481432080968043,0.0,0.0,0.0,-0.036889192958450646,-0.09881771394555004,0.9166975954656608,0.0,0.3513329764032944,Medical Devices,Healthcare,BBLG
2020Q2,2020,Q2,2021-04-15,2020-06-30,-380030.0,0.0,-132709.0,-0.125,0.0,0.0,1433.0,-12844550.0,1433.0,12845983.0,12845983.0,0.0,-68017162.0,444560549.09999996,456085416.09999996,-4.411913717874252,0.00011155238178347271,8042.47522679693,-0.8972573581791499,0.10056127115375435,-4.411913717874252,0.029586867581970565,0.0,-292.450957227061,-34.61083098279037,0.0,0.0,0.0,0.0,0.0,-265.19888346127004,-5617.8197626810215,0.0,0.37500000000000006,0.8111915898953523,0.0,0.0,0.0,0.3633271904841682,0.609736803411263,-1.2344833133790314,0.0,0.33146434984410017,Medical Devices,Healthcare,BBLG
2020Q1,2020,Q1,2021-04-15,2020-03-31,-596900.0,0.0,-340050.0,-0.2,0.0,0.0,6964.0,-12464520.0,6964.0,12471484.0,12471484.0,0.0,-67637132.0,444560549.09999996,456006282.09999996,-4.2813790109204275,0.0005583938527283521,1643.906519241815,-0.9184601573105101,0.3354772292636212,-4.2813790109204275,0.04788792508656571,0.0,-186.19557258334726,-35.66607852528617,0.0,0.0,0.0,0.0,0.00019500486068859166,-85.71223434807582,-2966.1494622292794,0.0,-0.09625082218811676,0.8390980060192375,0.0,0.0,0.0,-0.12379435448190426,-0.22483602217347612,0.8964170075955158,0.0,0.19596107170030333,Medical Devices,Healthcare,BBLG
2019Q4,2019,Q4,2020-03-30,2019-12-31,-531147.0,0.0,-277629.0,-0.18244,0.0,0.0,30827.0,-11867620.0,30827.0,578447.0,11898447.0,0.0,-67040232.0,444560549.09999996,455856404.09999996,-4.076352653578275,0.053292695787168054,367.2105621695267,-0.9538559542688424,0.5069394546938819,-4.076352653578275,0.04475598308675202,0.0,-209.24553329869133,-37.45995819717854,0.0,0.0,0.0,0.0,0.04174107567331147,-17.22992830959873,-1493.3724427170637,0.0,0.0878000000000001,0.9682841809005267,0.0,0.004439211533607875,0.0,0.05392051213086839,0.07859347515847466,0.9419213776849185,0.0,0.2667220752576568,Medical Devices,Healthcare,BBLG
2019Q3,2019,Q3,2019-11-14,2019-09-30,-561419.0,0.0,-301310.0,-0.2,0.0,0.0,249345.0,-11382137.0,249345.0,11631482.0,11631482.0,0.0,-66509085.0,445411698.9,456409864.9,-3.902125436292621,0.0214370791271482,44.917684332952334,-0.9839979961583664,1.6544191048804535,-3.902125436292621,0.04932456883975303,0.0,-198.3419241689362,-39.132519569919076,0.0,0.0,0.0,0.0,0.01735238897330538,-2.2515751268323005,-938.6217729665485,0.0,0.3846153846153846,0.9262585245557715,0.0,0.0,0.0,0.393422519750376,0.5564123741087689,0.9316294341020428,0.0,0.14039070740478035,Medical Devices,Healthcare,BBLG
2019Q2,2019,Q2,2019-08-14,2019-06-30,-925552.0,0.0,-679257.0,-0.325,0.0,0.0,266395.0,-10855108.0,266395.0,11121503.0,11121503.0,0.0,-65947666.0,445880487.9,456404115.9,-3.717532021656335,0.023953147339887425,40.16591903001182,-0.9857110587937034,4.386835390192708,-3.717532021656335,0.08526419083071306,0.0,-120.43636875615847,-41.075638114332904,0.0,0.0,0.0,0.0,0.015858647882395032,-3.4743595037444397,-287.6583353924266,0.0,0.31578947368421045,0.5415238699248794,0.0,0.0,0.0,0.34203696186730154,0.428829577283586,0.8992280901568012,0.0,-0.0672700916992333,Medical Devices,Healthcare,BBLG
2019Q1,2019,Q1,2019-05-14,2019-03-31,-1406693.0,0.0,-1189237.0,-0.475,0.0,0.0,814089.0,-9971690.0,814063.0,10785779.0,10785779.0,0.0,-65022114.0,445880487.9,454854080.9,-3.4149892276548752,0.07547558688157804,11.915159153360381,-0.9727538661951987,4.377183554786705,-3.4149892276548752,0.14106866539172397,0.0,-79.24267908847203,-44.714635924301696,0.0,0.0,0.0,0.0,0.06734858928594772,-1.7279351520533996,-479.9745178246375,0.0,0.05690346662431009,0.6219305146712443,0.0,0.0,0.0,0.043513648034117364,0.0400135291563005,0.9042098018802273,0.0,-0.5729619112558857,Medical Devices,Healthcare,BBLG
2018Q4,2018,Q4,2019-03-29,2018-12-31,-1470688.0,0.0,-1238806.0,-0.50366,0.0,0.0,1040712.0,-8598175.0,1040662.0,9638887.0,9638887.0,0.0,-63615421.0,445880487.9,453925113.9,-2.9446036732481113,0.10796495487497675,8.647925650900538,-1.0467337545467497,-3.0832048103022123,-2.9446036732481113,0.17104653022298336,0.0,-75.79454104133575,-51.85757301985595,0.0,0.0,0.0,0.0,0.09911663037444053,-1.413155608852401,-333.0588132607877,0.0,-5.715466666666667,0.9124423290873306,0.0,0.2808443714783637,0.0,-5.083658746442517,-4.0603595435669275,0.9124423290873306,0.0,0.2808443714783637,Medical Devices,Healthcare,BBLG
2018Q3,2018,Q3,2018-11-16,2018-09-30,-241744.0,0.0,404791.0,-0.075,0.0,0.0,2350303.0,-7174491.0,2350229.0,524794.0,9524794.0,0.0,-62144733.0,451612540.49999994,458318422.49999994,-2.425851094584474,4.478383899206165,3.8292934996040935,-1.2544443919436237,0.2217478640583579,-2.425851094584474,0.03369493389844659,0.0,-467.03593522486597,-62.94697986240417,0.0,0.0,0.0,0.0,4.37146385057756,-0.102856525307588,-352.7051881211316,0.0,0.896551724137931,0.968683296021702,0.0,0.0,0.0,0.8086447995212637,1.4706051270127303,0.968683296021702,0.0,0.0,Medical Devices,Healthcare,BBLG
2018Q2,2018,Q2,2018-08-14,2018-06-30,-1263326.0,0.0,-860150.0,-0.725,0.0,0.0,377744.0,-9455794.0,377646.0,1270517.0,9833538.0,0.0,-61902988.0,270049644.59999996,278908101.59999996,-5.346793719868499,0.29723805348531346,24.257224469481976,-0.969037713808063,2.941667297873997,-5.346793719868499,0.13360337587726637,0.0,-53.44021349200444,-28.55917172053452,0.0,0.0,0.0,0.0,0.23971658781425198,-3.3443972637553476,-404.96917491452217,0.0,0.03333333333333336,-0.033251865206061146,0.0,0.0,0.0,0.13152042325219762,0.21570969542017865,-0.033251865206061146,0.0,0.0,Medical Devices,Healthcare,BBLG
2018Q1,2018,Q1,2018-05-15,2018-03-31,-1454641.0,0.0,-1096724.0,-0.75,0.0,0.0,470495.0,-8534278.0,470373.0,608419.0,9004773.0,0.0,-60639663.0,265514912.7,273539862.7,-4.908139574338869,0.7731070199977318,17.845787946736948,-0.9838388203430917,7.9516545343812535,-4.908139574338869,0.17044687318599183,0.0,-45.6323781434732,-31.111584682383207,0.0,0.0,0.0,0.0,0.6104411597928401,-3.0917246729508285,-324.24352031750874,0.0,0.43656893015708453,0.3434653174363333,0.0,0.0,0.0,0.37152834933847295,0.16319320985864555,0.3434653174363333,0.0,0.0,Medical Devices,Healthcare,BBLG
2017Q4,2017,Q4,2018-04-02,2017-12-31,-2314569.0,0.0,-1310606.0,-1.33113,0.0,0.0,795659.0,-8395823.0,795513.0,961795.0,9191482.0,0.0,-59185022.0,265514912.7,273054320.7,-4.8285128660496515,0.8271128462926092,10.343233721983916,-0.9802120649756433,7.888753792073963,-4.8285128660496515,0.2756810142376751,0.0,-28.67865601543959,-31.62464390923915,0.0,0.0,0.0,0.0,0.7176986779927116,-2.90899619057913,-284.97897681657184,0.0,0.11258000000000006,0.7685946831713003,0.0,-0.17925961872430116,0.0,0.0842163487731951,-0.15903238130275138,0.7685946831713003,0.0,-0.17925961872430116,Medical Devices,Healthcare,BBLG
2017Q3,2017,Q3,2017-11-14,2017-09-30,-2527419.0,0.0,-1130776.0,-1.5,0.0,0.0,1940500.0,-10904475.0,1940330.0,5642684.0,12844975.0,0.0,-51681060.0,237528362.1,245996550.1,-7.010166355624443,0.34386650041008854,5.1997768616336,-0.9253235025069982,1.3886342759742014,-7.010166355624443,0.23177814612808045,0.0,-23.495150794150078,-21.78264997627121,0.0,0.0,0.0,0.0,0.3356423999642723,-1.3024576140170059,-423.37530118441805,0.0,-4.0,0.37748745437691456,0.0,0.0,0.0,-3.923152456394189,-1.5725555364834682,0.37748745437691456,0.0,0.0,Medical Devices,Healthcare,BBLG
2017Q2,2017,Q2,2017-08-08,2017-06-30,864621.0,0.0,1974963.0,0.5,0.0,0.0,1140334.0,-10249771.0,1140140.0,4506164.0,11390105.0,0.0,-49153642.0,237165088.79999998,245375105.79999998,-6.599369408116697,0.2530178661939512,7.886313132818981,-0.8773884801914111,-1.5685941710835374,-6.599369408116697,-0.0843551529102455,0.0,68.57486945147065,-23.138574393515718,0.0,0.0,0.0,0.0,0.23411464829065254,0.7582173293087815,-285.9746742519793,0.0,1.25,1.8052104321788034,0.0,0.0,0.0,1.2812501829740752,1.9142610734135306,1.8052104321788034,0.0,0.0,Medical Devices,Healthcare,BBLG
2017Q1,2017,Q1,2017-05-12,2017-03-31,-3074206.0,0.0,-2160174.0,-2.0,0.0,0.0,1967826.0,-8270244.0,1967608.0,3637476.0,10238070.0,0.0,-50018263.0,237165088.79999998,243716982.79999998,-5.324840452656032,0.540926730513136,4.148857673391855,-0.987181273007181,20.376308789405172,-5.324840452656032,0.3717188997084004,0.0,-19.286694580649442,-28.676915554123916,0.0,0.0,0.0,0.0,0.5180188130450895,-1.5622346691221682,-235.27372333808512,0.0,0.36331686446289413,-0.5533630593761164,0.0,0.0,0.0,0.3698924277172183,0.3127320138002477,-0.5533630593761164,0.0,0.0,Medical Devices,Healthcare,BBLG
2016Q4,2016,Q4,2017-03-30,2016-12-31,-4878859.0,0.0,-3143132.0,-3.14128,0.0,0.0,973085.0,-8634056.0,972843.0,3324893.0,9607141.0,0.0,-46944058.0,237165088.79999998,244026961.79999998,-5.559082737981797,0.2925937767019871,7.689202895944342,-0.8665971126432351,2.728587253496034,-5.559082737981797,0.5650715028950473,0.0,-12.152692299572502,-27.468560407762006,0.0,0.0,0.0,0.0,0.26837555373962413,-5.013805577107858,-187.05966188642574,0.0,-0.1422836363636364,0.45391578113867465,0.0,-0.357685476234961,0.0,-0.1158638153947914,0.1851714166093096,0.45391578113867465,0.0,-0.357685476234961,Medical Devices,Healthcare,BBLG
2016Q3,2016,Q3,2016-11-14,2016-09-30,-4372271.0,0.0,-3857415.0,-2.75,0.0,0.0,1072232.0,-7050369.0,1071950.0,2158699.0,8122601.0,0.0,-42065200.0,237165088.79999998,242440757.79999998,-4.539417465476479,0.49657224096550745,5.562137671697916,-0.84589927137147,3.5512411085781017,-4.539417465476479,0.620147824886896,0.0,-13.560749596719873,-33.638677464966726,0.0,0.0,0.0,0.0,0.45817920886608093,-4.077728513978318,-157.47051893244236,0.0,0.15384615384615385,-0.07855587379936739,0.0,0.0,0.0,0.08914550394505547,0.10054171549769879,-0.07855587379936739,0.0,0.0,Medical Devices,Healthcare,BBLG
2016Q2,2016,Q2,2016-08-15,2016-06-30,-4800186.0,0.0,-4288598.0,-3.25,0.0,0.0,2634684.0,-5315652.0,2634362.0,2304780.0,7950336.0,0.0,-37692929.0,233031805.2,236483036.2,-3.483215776933783,1.1429993318234277,2.142782967520963,-1.0620627535436857,-12.999533197536254,-3.483215776933783,0.9030286407010842,0.0,-12.136602894137852,-43.838800056888594,0.0,0.0,0.0,0.0,1.0826035456746415,-1.8219209590220307,-114.97166073878698,0.0,0.35,-3.5496421650488688,0.0,0.0,0.0,0.3120871070342387,0.34627292622648576,-3.5496421650488688,0.0,0.0,Medical Devices,Healthcare,BBLG
2016Q1,2016,Q1,2016-05-13,2016-03-31,-6977898.0,0.0,-6560227.0,-5.0,0.0,0.0,4622010.0,-3012291.0,4621648.0,2307091.0,7634301.0,0.0,-32892744.0,211867737.89999998,212973759.89999998,-2.1710565292253494,2.0032361098890332,1.152574312907155,-1.76849115839074,-2.8345404633803244,-2.1710565292253494,2.3164754002850323,0.0,-7.5906719294263105,-70.33441918460068,0.0,0.0,0.0,0.0,1.960055325082539,-1.5097107102753997,-83.84054412449069,0.0,0.13079304703974187,-2.946849393254524,0.0,0.0,0.0,0.12571725623562027,0.13608905244100392,-2.946849393254524,0.0,0.0,Medical Devices,Healthcare,BBLG
2015Q4,2015,Q4,2016-03-28,2015-12-31,-7981283.0,0.0,-7593638.0,-5.75237,0.0,0.0,2080185.0,-5681065.0,2074381.0,2145155.0,7761250.0,0.0,-25914844.0,211867737.89999998,216368723.89999998,-4.094529134537005,0.9670075122776676,2.6998055461413286,-0.9885637640125575,116.87914422040942,-4.094529134537005,1.4048920404888872,0.0,-6.6363934814740935,-37.293665518701154,0.0,0.0,0.0,0.0,0.5198267724243703,-3.8368140333672245,-209.55674610396545,0.0,-1.2039115381064056,0.0,0.0,0.0,0.0,-1.3732473352835635,-1.5581155148309724,0.0,0.0,0.0,Medical Devices,Healthcare,BBLG
2015Q3,2015,Q3,2015-11-16,2015-09-30,-3363022.0,0.0,-2968450.0,-2.610073,0.0,0.0,,,,,,,,196750590.6,,,0.0,0.0,0.0,0.0,,0.0,0.0,-14.626026130664622,0.0,0.0,0.0,0.0,0.0,0.0,0.0,-189.1059813057164,0.0,-2.775267913579157,0.0,0.0,0.0,0.0,-2.775270177581351,-4.8139011081558545,0.0,0.0,0.0,Medical Devices,Healthcare,BBLG
2015Q2,2015,Q2,2015-08-14,2015-06-30,-890803.0,0.0,-510578.0,-0.691361,0.0,0.0,,,,,,,,196750590.6,,,0.0,0.0,0.0,0.0,,0.0,0.0,-55.2172002676237,0.0,0.0,0.0,0.0,0.0,0.0,0.0,-196.25680846988976,0.0,0.45742883354744934,0.0,0.0,0.0,0.0,0.4574292294095756,0.4470793355136341,0.0,0.0,0.0,Medical Devices,Healthcare,BBLG
2015Q1,2015,Q1,2015-05-15,2015-03-31,-1641819.0,0.0,-923420.0,-1.274231,0.0,0.0,,,,,,,,196750590.6,,,0.0,0.0,0.0,0.0,,0.0,0.0,-29.95923889905038,0.0,0.0,0.0,0.0,0.0,0.0,0.0,-399.64126966716634,0.0,0.0,0.0,0.0,0.0,0.0,0.0,0.0,0.0,0.0,0.0,Medical Devices,Healthcare,BBLG
