Quarters,Year,Quarter,FillingDate,Date,NetIncome,Revenue,OperatingIncome,EPSDiluted,GrossProfit,GrossProfitRatio,TotalAssets,CommonStockEquity,CurrentAssets,CurrentLiability,TotalLiability,Inventory,RetainedEarnings,MarketCap,EnterpriseValue,bookValuePerShare,currentRatio,debtToAssets,debtToEquity,roic,shareholdersEquityPerShare,roe,priceToSalesRatio,peRatio,pbRatio,payoutRatio,inventoryTurnover,dividendYield,assetTurnover,quickRatio,returnOnAssets,priceToFreeCashFlowsRatio,grossProfitMargin,epsdilutedGrowth,fiveYNetIncomeGrowthPerShare,fiveYRevenueGrowthPerShare,fiveYShareholdersEquityGrowthPerShare,grossProfitGrowth,netIncomeGrowth,operatingIncomeGrowth,threeYNetIncomeGrowthPerShare,threeYRevenueGrowthPerShare,threeYShareholdersEquityGrowthPerShare,Industry,Sector,Symbol
2023Q1,2023,Q1,2023-05-01,2023-03-31,27883000.0,99594000.0,-60264880.0,0.46,88588000.0,0.8894913348,13555175000.0,1609553000.0,10982679000.0,0.0,1542229000.0,0.0,554941000.0,1390393008.4,2436429008.4,27.385459556946948,0.0,0.1137741858736608,0.9581722378821946,-0.014593979627408556,27.385459556946948,0.017323443216843433,13.960610161254696,12.466314675608794,0.8638379776248437,0.4575906466305634,0.0,0.009176542116449842,0.007347304627199575,0.0,0.0020570003707071284,62.571126789973455,0.8894913348193666,-0.8099173553719008,0.0,0.0,0.0,-0.3329015934214886,-0.476591830605196,-1.61765155630259,0.0,0.0,0.0,Banks—Regional,Financial Services,OCFCP
2022Q4,2022,Q4,2023-02-24,2022-12-31,53272000.0,132796000.0,97571000.0,2.42,132796000.0,1.0,13103896000.0,1584662000.0,670298000.0,0.0,11518432000.0,0.0,540507000.0,1468255873.0,2706878873.0,26.982155627447643,0.0,0.10733975605422998,0.8876145196893722,0.02459284142380113,26.982155627447643,0.03361726349215164,11.056476648393025,6.890373334021625,0.9265419837164013,0.2389998498273014,0.0,0.008671513074887595,0.010134085313253402,0.0,0.0040653558300523755,37.93648742991499,1.0,2.7812499999999996,0.0,0.0,0.0,0.34355871670089744,0.37971044520991426,0.4909310392249744,0.0,0.0,0.0,Banks—Regional,Financial Services,OCFCP
2022Q3,2022,Q3,2022-11-09,2022-09-30,38611000.0,109884000.0,65443000.0,0.64,98839000.0,0.8994849114,12683453000.0,1539253000.0,679356000.0,0.0,11143237000.0,0.0,499967000.0,1484629300.0,2023075300.0,26.2308583698301,0.0,0.055908592084505694,0.4606870995216511,0.022102153750347946,26.2308583698301,0.02508424540994885,13.510877834807616,9.612735360389525,0.964512851363616,0.33037217373287403,0.0,0.008592043818615192,0.00866357134764484,0.0,0.0030442025527275575,19.457788990825687,0.8994849113610717,0.36170212765957455,0.0,0.0,0.0,0.14727629394899652,0.3332067262870757,0.32513262868019277,0.0,0.0,0.0,Banks—Regional,Financial Services,OCFCP
2022Q2,2022,Q2,2022-08-04,2022-06-30,28961000.0,96823000.0,49386000.0,0.47,86151000.0,0.8897782552,12438653000.0,1520488000.0,9460565000.0,0.0,10917221000.0,0.0,474114000.0,1510631100.0,2005016100.0,25.817366794580092,0.0,0.05494196196324473,0.4494635932674247,0.01719467395988168,25.817366794580092,0.019047174328241986,15.601986098344401,13.040218742446738,0.993517278663166,0.3807188978281137,0.0,0.007298936186339604,0.007784042211001464,0.0,0.0023283067708376464,23.378953803296447,0.8897782551666443,0.0,0.0,0.0,0.0,-0.06456236359490537,0.1243060677821344,0.14155610004160696,0.0,0.0,0.0,Banks—Regional,Financial Services,OCFCP
2022Q1,2022,Q1,2022-05-05,2022-03-31,25759000.0,92097000.0,43262000.0,0.0,92097000.0,1.0,12164945000.0,1519334000.0,790742000.0,0.0,10645611000.0,0.0,456251000.0,0.0,58479000.0,0.0,0.0,0.022145435100610813,0.17731321750187912,0.018468658430012604,0.0,0.01695413911621803,0.0,0.0,0.0,0.42691874684576264,0.0,,0.0075706877425257574,0.0,0.0021174777197924036,0.0,1.0,-1.0,0.0,0.0,0.0,0.036824803548510573,0.13691132983184004,0.2501300352540022,0.0,0.0,0.0,Banks—Regional,Financial Services,OCFCP
2021Q4,2021,Q4,2022-02-28,2021-12-31,22657000.0,88826000.0,34606000.0,4.02,88826000.0,1.0,11739616000.0,1516553000.0,805810000.0,0.0,10223063000.0,0.0,442306000.0,0.0,-45056000.0,0.0,0.0,0.013619951453267295,0.10543185764031986,0.017473949922619025,0.0,0.01493980098288685,0.0,0.0,0.0,0.4887231319239087,0.0,,0.007566346292757787,0.0,0.0019299609118390243,0.0,1.0,0.0,0.0,0.0,0.0,0.036742220873503116,-0.06248189680142343,0.0,0.0,0.0,0.0,Banks—Regional,Financial Services,OCFCP
2021Q3,2021,Q3,2021-11-04,2021-09-30,24167000.0,85678000.0,0.0,0.0,85678000.0,1.0,11829688000.0,1513249000.0,0.0,0.0,10316439000.0,0.0,430721000.0,0.0,-752239000.0,0.0,0.0,0.019348523815674597,0.1512553452868629,0.0,0.0,0.01597027323328811,0.0,0.0,0.0,0.45946952455828194,0.0,,0.007242625502887312,0.0,0.002042911021829147,0.0,1.0,0.0,0.0,0.0,0.0,0.01374887595248237,-0.20906561937489773,0.0,0.0,0.0,0.0,Banks—Regional,Financial Services,OCFCP
2021Q2,2021,Q2,2021-08-05,2021-06-30,30555000.0,84516000.0,0.0,0.0,84516000.0,1.0,11483901000.0,1508789000.0,9358179000.0,0.0,9975112000.0,0.0,417658000.0,0.0,-855465000.0,0.0,0.0,0.019902992894139368,0.15148837909078075,0.0,0.0,0.02025134064471573,0.0,0.0,0.0,0.36579937817051217,0.0,,0.0073595200794573205,0.0,0.002660681244117308,0.0,1.0,0.0,0.0,0.0,0.0,-0.09188004340958664,-0.06551059730250482,0.0,0.0,0.0,0.0,Banks—Regional,Financial Services,OCFCP
2021Q1,2021,Q1,2021-05-06,2021-03-31,32697000.0,93067000.0,0.0,0.0,93067000.0,1.0,11577472000.0,1498719000.0,9543791000.0,0.0,10078753000.0,0.0,398280000.0,0.0,-945489000.0,0.0,0.0,0.019708620327477364,0.1522473525724302,0.0,0.0,0.021816631403218347,0.0,0.0,0.0,0.3411933816558094,0.0,,0.008038628812922199,0.0,0.002824191671549713,0.0,1.0,-1.0,0.0,0.0,0.0,-0.09385923062692902,-0.011099685458504718,0.0,0.0,0.0,0.0,Banks—Regional,Financial Services,OCFCP
2020Q4,2020,Q4,2021-03-01,2020-12-31,33064000.0,102707000.0,0.0,1.004,102707000.0,1.0,11448313000.0,1484130000.0,9589598000.0,0.0,9964183000.0,0.0,378268000.0,0.0,-1036663000.0,0.0,0.0,0.02056818327730907,0.15865928186883899,0.0,0.0,0.022278371840741714,0.0,0.0,0.0,0.33855552867166705,0.0,,0.008971365475419829,0.0,0.0028881111129648532,0.0,1.0,-0.08142726440988103,0.0,0.0,0.0,0.22881720944701012,7.712139667072676,0.0,0.0,0.0,0.0,Banks—Regional,Financial Services,OCFCP
2020Q3,2020,Q3,2020-11-06,2020-09-30,-4926000.0,83582000.0,0.0,1.093,83582000.0,1.0,11651297000.0,1461714000.0,9916837000.0,0.0,10189583000.0,0.0,356397000.0,0.0,-390477000.0,0.0,0.0,0.05067186940647037,0.40390459419558133,0.0,0.0,-0.003370016295937509,0.0,0.0,0.0,-2.279537149817296,0.0,,0.007173621958139081,0.0,-0.00042278554911097025,0.0,1.0,0.0,0.0,0.0,0.0,-0.05883545216030268,-1.264298744500483,0.0,0.0,0.0,0.0,Banks—Regional,Financial Services,OCFCP
2020Q2,2020,Q2,2020-08-10,2020-06-30,18638000.0,88807000.0,0.0,0.0,88807000.0,1.0,11345365000.0,1476434000.0,9681557000.0,0.0,9868931000.0,0.0,372552000.0,0.0,-130817000.0,0.0,0.0,0.05202406445275229,0.39976863171669036,0.0,0.0,0.012623659438891275,0.0,0.0,0.0,0.5483420967915013,0.0,,0.00782760184445366,0.0,0.001642785401791833,0.0,1.0,0.0,0.0,0.0,0.0,-0.035398518454152456,0.12732111534506743,0.0,0.0,0.0,0.0,Banks—Regional,Financial Services,OCFCP
2020Q1,2020,Q1,2020-05-11,2020-03-31,16533000.0,92066000.0,0.0,0.0,92066000.0,1.0,10489074000.0,1409834000.0,8773743000.0,0.0,9079240000.0,0.0,364273000.0,0.0,689567000.0,0.0,0.0,0.09019261376171052,0.6710272273189609,0.0,0.0,0.01172691253012766,0.0,0.0,0.0,0.6214238190286094,0.0,,0.008777323908669154,0.0,0.0015762115893166546,0.0,1.0,0.0,0.0,0.0,0.0,0.26069452812619814,-0.2949680170575693,0.0,0.0,0.0,0.0,Banks—Regional,Financial Services,OCFCP
2019Q4,2019,Q4,2020-02-28,2019-12-31,23450000.0,73028000.0,0.0,0.0,73028000.0,1.0,8246145000.0,1153119000.0,6823246000.0,0.0,7093026000.0,0.0,358668000.0,0.0,495517000.0,0.0,0.0,0.07470897007025708,0.5342562216041883,0.0,0.0,0.02033614917454313,0.0,0.0,0.0,0.3538592750533049,0.0,,0.008856016963077898,0.0,0.0028437530506679183,0.0,1.0,0.0,0.0,0.0,0.0,-0.003656406898057193,-0.0609106563613792,0.0,0.0,0.0,0.0,Banks—Regional,Financial Services,OCFCP
2019Q3,2019,Q3,2019-11-07,2019-09-30,24971000.0,73296000.0,0.0,0.0,73296000.0,1.0,8135173000.0,1144528000.0,6683604000.0,0.0,6990645000.0,0.0,343629000.0,0.0,467915000.0,0.0,0.0,0.07483749884606018,0.5319363091160723,0.0,0.0,0.021817727482420703,0.0,0.0,0.0,0.3459613151255456,0.0,,0.009009765373151868,0.0,0.0030695106299521843,0.0,1.0,0.0,0.0,0.0,0.0,-0.0013352590129983377,0.3156480505795574,0.0,0.0,0.0,0.0,Banks—Regional,Financial Services,OCFCP
2019Q2,2019,Q2,2019-08-07,2019-06-30,18980000.0,73394000.0,0.0,0.0,73394000.0,1.0,8029057000.0,1137295000.0,6533548000.0,0.0,6891762000.0,0.0,327297000.0,0.0,401852000.0,0.0,0.0,0.0685234891220725,0.4837610294602544,0.0,0.0,0.01668872192351149,0.0,0.0,0.0,0.45626975763962063,0.0,,0.009141048568966442,0.0,0.002363913968975435,0.0,1.0,0.0,0.0,0.0,0.0,0.012861913830697468,-0.10357530817550654,0.0,0.0,0.0,0.0,Banks—Regional,Financial Services,OCFCP
2019Q1,2019,Q1,2019-05-09,2019-03-31,21173000.0,72462000.0,0.0,0.0,72462000.0,1.0,8092948000.0,1127163000.0,6553009000.0,0.0,6965785000.0,0.0,316976000.0,0.0,383360000.0,0.0,0.0,0.06395629874305384,0.4592015529253533,0.0,0.0,0.01878432844229273,0.0,0.0,0.0,0.40825579747792,0.0,,0.00895372119034992,0.0,0.0026162283509050103,0.0,1.0,0.0,0.0,0.0,0.0,0.0458691761445644,-0.2079530151129732,0.0,0.0,0.0,0.0,Banks—Regional,Financial Services,OCFCP
2018Q4,2018,Q4,2019-03-18,2018-12-31,26732000.0,69284000.0,0.0,0.0,69284000.0,1.0,7516154000.0,1039358000.0,6092350000.0,0.0,6476796000.0,0.0,305056000.0,0.0,428121000.0,0.0,0.0,0.0730311007464722,0.5281269783847337,0.0,0.0,0.025719723136782512,0.0,0.0,0.0,0.304466556935508,0.0,,0.009218012297246704,0.0,0.003556606211102114,0.0,1.0,0.0,0.0,0.0,0.0,0.004261487172053921,0.11054796227826015,0.0,0.0,0.0,0.0,Banks—Regional,Financial Services,OCFCP
2018Q3,2018,Q3,2018-11-08,2018-09-30,24071000.0,68990000.0,0.0,0.0,68990000.0,1.0,7562589000.0,1029844000.0,6101137000.0,0.0,6532745000.0,0.0,286462000.0,0.0,407917000.0,0.0,0.0,0.0735566880601339,0.5401585094441488,0.0,0.0,0.02337344296806118,0.0,0.0,0.0,0.2970794732250426,0.0,,0.009122537268652309,0.0,0.0031829046904439736,0.0,1.0,0.0,0.0,0.0,0.0,-0.0032363394688935763,0.5329894280983314,0.0,0.0,0.0,0.0,Banks—Regional,Financial Services,OCFCP
2018Q2,2018,Q2,2018-08-08,2018-06-30,15702000.0,69214000.0,0.0,0.0,69214000.0,1.0,7736903000.0,1012568000.0,6232536000.0,0.0,6724335000.0,0.0,273749000.0,0.0,519186000.0,0.0,0.0,0.09999543745087666,0.7640523895679106,0.0,0.0,0.015507106683205473,0.0,0.0,0.0,0.4565660425423513,0.0,,0.008945956799510088,0.0,0.00202949423044337,0.0,1.0,0.0,0.0,0.0,0.0,0.08772315815941664,1.8933112216694306,0.0,0.0,0.0,0.0,Banks—Regional,Financial Services,OCFCP
2018Q1,2018,Q1,2018-05-09,2018-03-31,5427000.0,63632000.0,0.0,0.0,63632000.0,1.0,7494899000.0,1007460000.0,5937059000.0,0.0,6487439000.0,0.0,268994000.0,0.0,321641000.0,0.0,0.0,0.058840686178693,0.43773946360153254,0.0,0.0,0.0053868143648383065,0.0,0.0,0.0,1.3091947669062096,0.0,,0.008490041026570205,0.0,0.0007240924794316775,0.0,1.0,0.0,0.0,0.0,0.0,0.3165604568401887,-0.4549015668943351,0.0,0.0,0.0,0.0,Banks—Regional,Financial Services,OCFCP
2017Q4,2017,Q4,2018-02-28,2017-12-31,9956000.0,48332000.0,0.0,0.0,48332000.0,1.0,5416006000.0,601941000.0,4300501000.0,0.0,4814065000.0,0.0,271023000.0,0.0,235597000.0,0.0,0.0,0.06373885110171591,0.5734947445015375,0.0,0.0,0.01653982699301094,0.0,0.0,0.0,0.4868421052631579,0.0,,0.0089239192127926,0.0,0.0018382549797766102,0.0,1.0,0.0,0.0,0.0,0.0,-0.024463103503956078,-0.22321916205040182,0.0,0.0,0.0,0.0,Banks—Regional,Financial Services,OCFCP
2017Q3,2017,Q3,2017-11-08,2017-09-30,12817000.0,49544000.0,0.0,0.0,49544000.0,1.0,5383912000.0,596252000.0,4352029000.0,0.0,4787660000.0,0.0,266053000.0,0.0,60394000.0,0.0,0.0,0.05862874430339872,0.5293936120968986,0.0,0.0,0.021495944667690843,0.0,0.0,0.0,0.38090036670047595,0.0,,0.009202230645671772,0.0,0.0023806109758108974,0.0,1.0,0.0,0.0,0.0,0.0,0.02507655383596789,0.6690975387420237,0.0,0.0,0.0,0.0,Banks—Regional,Financial Services,OCFCP
2017Q2,2017,Q2,2017-08-09,2017-06-30,7679000.0,48332000.0,0.0,0.0,48332000.0,1.0,5202200000.0,587303000.0,4201706000.0,0.0,4614897000.0,0.0,258470000.0,0.0,226504000.0,0.0,0.0,0.06423513129060782,0.5689805773169897,0.0,0.0,0.013075022603324007,0.0,0.0,0.0,0.6211746321135565,0.0,,0.009290684710314866,0.0,0.0014761062627349968,0.0,1.0,0.0,0.0,0.0,0.0,0.03883933369156368,-0.36104177067731735,0.0,0.0,0.0,0.0,Banks—Regional,Financial Services,OCFCP
2017Q1,2017,Q1,2017-05-09,2017-03-31,12018000.0,46525000.0,0.0,0.0,46525000.0,1.0,5196340000.0,582680000.0,4224297000.0,0.0,4613660000.0,0.0,256045000.0,0.0,131360000.0,0.0,0.0,0.0590053768614063,0.5262099265463033,0.0,0.0,0.020625386146770095,0.0,0.0,0.0,0.3983191878848394,0.0,,0.008953417212884453,0.0,0.002312781688650088,0.0,1.0,0.0,0.0,0.0,0.0,0.12517835981523132,0.9857898215465961,0.0,0.0,0.0,0.0,Banks—Regional,Financial Services,OCFCP
2016Q4,2016,Q4,2017-03-15,2016-12-31,6052000.0,41349000.0,0.0,0.0,41349000.0,1.0,5167052000.0,572038000.0,4328764000.0,0.0,4595014000.0,0.0,238192000.0,0.0,5684000.0,0.0,0.0,0.059425955070705694,0.5367772770340432,0.0,0.0,0.01057971673210521,0.0,0.0,0.0,0.6323529411764706,0.0,,0.00800243543126719,0.0,0.0011712674848250028,0.0,1.0,0.0,0.0,0.0,0.0,0.05460620281575189,-0.33698510078878174,0.0,0.0,0.0,0.0,Banks—Regional,Financial Services,OCFCP
2016Q3,2016,Q3,2016-11-09,2016-09-30,9128000.0,39208000.0,0.0,0.0,39208000.0,1.0,4151017000.0,417244000.0,3556376000.0,0.0,3733773000.0,0.0,236472000.0,0.0,-4038000.0,0.0,0.0,0.07408907262967124,0.7370866926786245,0.0,0.0,0.021876887384839568,0.0,0.0,0.0,0.3624014022787029,0.0,,0.009445396152316408,0.0,0.0021989791899190004,0.0,1.0,0.0,0.0,0.0,0.0,0.14455861746847268,1.4933078393881454,0.0,0.0,0.0,0.0,Banks—Regional,Financial Services,OCFCP
2016Q2,2016,Q2,2016-08-09,2016-06-30,3661000.0,34256000.0,0.0,0.0,34256000.0,1.0,4047493000.0,409258000.0,3400866000.0,0.0,3638235000.0,0.0,230895000.0,0.0,268881000.0,0.0,0.0,0.08279273120422938,0.8188062298110238,0.0,0.0,0.008945457388737667,0.0,0.0,0.0,0.8970226714012565,0.0,,0.008463510622501386,0.0,0.0009045105204629137,0.0,1.0,0.0,0.0,0.0,0.0,0.45677227301722306,-0.12936979785969085,0.0,0.0,0.0,0.0,Banks—Regional,Financial Services,OCFCP
2016Q1,2016,Q1,2016-05-09,2016-03-31,4205000.0,23515000.0,0.0,0.0,23515000.0,1.0,2588447000.0,241076000.0,2152033000.0,0.0,2347371000.0,0.0,231016000.0,0.0,240156000.0,0.0,0.0,0.10601607836668087,1.1383007848147473,0.0,0.0,0.017442632198974597,0.0,0.0,0.0,0.5224732461355529,0.0,,0.009084597830282018,0.0,0.0016245262120491554,0.0,1.0,0.0,0.0,0.0,0.0,-0.03540077118713594,-0.19583094281889463,0.0,0.0,0.0,0.0,Banks—Regional,Financial Services,OCFCP
2015Q4,2015,Q4,2016-03-15,2015-12-31,5229000.0,24378000.0,0.0,0.0,24378000.0,1.0,2593068000.0,238446000.0,2137856000.0,0.0,2354622000.0,0.0,229140000.0,0.0,302939000.0,0.0,0.0,0.13377396967607483,1.4547738271977722,0.0,0.0,0.021929493470219674,0.0,0.0,0.0,0.42015681774717917,0.0,,0.009401218942195115,0.0,0.002016530225971706,0.0,1.0,0.0,0.0,0.0,0.0,0.049102724103799976,0.11302681992337164,0.0,0.0,0.0,0.0,Banks—Regional,Financial Services,OCFCP
2015Q3,2015,Q3,2015-11-06,2015-09-30,4698000.0,23237000.0,0.0,0.0,23237000.0,1.0,2557898000.0,234688000.0,2104023000.0,0.0,2323210000.0,0.0,226115000.0,0.0,209930000.0,0.0,0.0,0.10184377954085738,1.1100098854649578,0.0,0.0,0.020018066539405507,0.0,0.0,0.0,0.46998722860791825,0.0,,0.009084412279144829,0.0,0.0018366643235969535,0.0,1.0,0.0,0.0,0.0,0.0,0.04902713195792515,-0.0847457627118644,0.0,0.0,0.0,0.0,Banks—Regional,Financial Services,OCFCP
2015Q2,2015,Q2,2015-08-07,2015-06-30,5133000.0,22151000.0,0.0,0.0,22151000.0,1.0,2395100000.0,221535000.0,0.0,0.0,2173565000.0,0.0,223644000.0,0.0,282757000.0,0.0,0.0,0.13490710199991648,1.458532511792719,0.0,0.0,0.023170153700318233,0.0,0.0,0.0,0.4172998246639392,0.0,,0.009248465617301992,0.0,0.0021431255479938205,0.0,1.0,0.0,0.0,0.0,0.0,0.0272689328943097,-0.02451539338654504,0.0,0.0,0.0,0.0,Banks—Regional,Financial Services,OCFCP
2015Q1,2015,Q1,2015-05-08,2015-03-31,5262000.0,21563000.0,0.0,0.0,21563000.0,1.0,2384141000.0,220302000.0,0.0,0.0,2163839000.0,0.0,220677000.0,0.0,244486000.0,0.0,0.0,0.11713988392465043,1.267705240987372,0.0,0.0,0.023885393686848055,0.0,0.0,0.0,0.40782972253895855,0.0,,0.009044347628768601,0.0,0.002207084228659295,0.0,1.0,0.0,0.0,0.0,0.0,-0.006816820966330432,0.06690997566909976,0.0,0.0,0.0,0.0,Banks—Regional,Financial Services,OCFCP
2014Q4,2014,Q4,2015-03-13,2014-12-31,4932000.0,21711000.0,0.0,0.0,21711000.0,1.0,2356714000.0,218259000.0,0.0,0.0,2138455000.0,0.0,217714000.0,0.0,296621000.0,0.0,0.0,0.14118726328268938,1.5245098712996945,0.0,0.0,0.022597006309018185,0.0,0.0,0.0,0.4399837793998378,0.0,,0.009212403371813466,0.0,0.002092744389009443,0.0,1.0,0.0,0.0,0.0,0.0,-0.05134143144280346,-0.04511132623426912,0.0,0.0,0.0,0.0,Banks—Regional,Financial Services,OCFCP
2014Q3,2014,Q3,2014-11-07,2014-09-30,5165000.0,22886000.0,0.0,0.0,22886000.0,1.0,2308701000.0,218650000.0,0.0,0.0,2090051000.0,0.0,214952000.0,0.0,205039000.0,0.0,0.0,0.10079087764071658,1.0642396524125315,0.0,0.0,0.023622227303910358,0.0,0.0,0.0,0.3883833494675702,0.0,,0.009912933723336197,0.0,0.0022371887914459255,0.0,1.0,0.0,0.0,0.0,0.0,0.016613361762615495,0.009380496384600352,0.0,0.0,0.0,0.0,Banks—Regional,Financial Services,OCFCP
2014Q2,2014,Q2,2014-08-08,2014-06-30,5117000.0,22512000.0,0.0,0.0,22512000.0,1.0,2329141000.0,215841000.0,0.0,0.0,2113300000.0,0.0,211819000.0,0.0,288683000.0,0.0,0.0,0.14275649262968623,1.5404858205808905,0.0,0.0,0.023707265996729072,0.0,0.0,0.0,0.3967168262653899,0.0,,0.009665365900990966,0.0,0.00219694728657475,0.0,1.0,0.0,0.0,0.0,0.0,0.04140259980570847,0.08710431272572763,0.0,0.0,0.0,0.0,Banks—Regional,Financial Services,OCFCP
2014Q1,2014,Q1,2014-05-09,2014-03-31,4707000.0,21617000.0,0.0,0.0,21617000.0,1.0,2281711000.0,216190000.0,0.0,0.0,2065521000.0,0.0,208732000.0,0.0,223054000.0,0.0,0.0,0.11386192204008308,1.201720708635922,0.0,0.0,0.02177251491743374,0.0,0.0,0.0,0.432334820480136,0.0,,0.009474030672596135,0.0,0.002062925585229681,0.0,1.0,0.0,0.0,0.0,0.0,0.26356090717792846,1.4287925696594428,0.0,0.0,0.0,0.0,Banks—Regional,Financial Services,OCFCP
2013Q4,2013,Q4,2014-03-14,2013-12-31,1938000.0,17108000.0,0.0,0.0,17108000.0,1.0,2249711000.0,214350000.0,0.0,0.0,2035361000.0,0.0,206201000.0,0.0,168542000.0,0.0,0.0,0.09001156148500852,0.9447165850244926,0.0,0.0,0.009041287613715886,0.0,0.0,0.0,1.0479876160990713,0.0,,0.007604532315484078,0.0,0.0008614439810268964,0.0,1.0,0.0,0.0,0.0,0.0,-0.21001108237901736,-0.6099033816425121,0.0,0.0,0.0,0.0,Banks—Regional,Financial Services,OCFCP
2013Q3,2013,Q3,2013-11-08,2013-09-30,4968000.0,21656000.0,0.0,0.0,21656000.0,1.0,2286288000.0,213769000.0,0.0,0.0,2072519000.0,0.0,206291000.0,0.0,172445000.0,0.0,0.0,0.09469498155962854,1.012775472589571,0.0,0.0,0.023240039481870617,0.0,0.0,0.0,0.4140499194847021,0.0,,0.00947212249725319,0.0,0.0021729545883983122,0.0,1.0,0.0,0.0,0.0,0.0,-0.009422742658494191,-0.0038099057549629035,0.0,0.0,0.0,0.0,Banks—Regional,Financial Services,OCFCP
2013Q2,2013,Q2,2013-08-09,2013-06-30,4987000.0,21862000.0,0.0,0.0,21862000.0,1.0,2305664000.0,216278000.0,0.0,0.0,2089386000.0,0.0,203380000.0,0.0,254523000.0,0.0,0.0,0.12876984677732747,1.3727702309065184,0.0,0.0,0.023058286094748425,0.0,0.0,0.0,0.41347503509123723,0.0,,0.009481867262532615,0.0,0.0021629344084827624,0.0,1.0,0.0,0.0,0.0,0.0,0.08297419131123991,0.12421100090171326,0.0,0.0,0.0,0.0,Banks—Regional,Financial Services,OCFCP
2013Q1,2013,Q1,2013-05-10,2013-03-31,4436000.0,20187000.0,0.0,0.0,20187000.0,1.0,2303711000.0,219554000.0,0.0,0.0,2084157000.0,0.0,200467000.0,0.0,181139000.0,0.0,0.0,0.10960576218110692,1.1500587554770125,0.0,0.0,0.020204596591271395,0.0,0.0,0.0,0.47091974752028853,0.0,,0.008762817905544576,0.0,0.001925588756575803,0.0,1.0,0.0,0.0,0.0,0.0,-0.04117982331148475,0.09774808215788171,0.0,0.0,0.0,0.0,Banks—Regional,Financial Services,OCFCP
2012Q4,2012,Q4,2013-03-15,2012-12-31,4041000.0,21054000.0,0.0,0.0,21054000.0,1.0,2269228000.0,219792000.0,0.0,0.0,2049436000.0,0.0,198109000.0,0.0,189956000.0,0.0,0.0,0.11127132222941018,1.148813423600495,0.0,0.0,0.018385564533740992,0.0,0.0,0.0,0.5236327641672853,0.0,,0.009278045220665354,0.0,0.0017807818341744417,0.0,1.0,0.0,0.0,0.0,0.0,-0.07972724888539208,-0.1851179673321234,0.0,0.0,0.0,0.0,Banks—Regional,Financial Services,OCFCP
2012Q3,2012,Q3,2012-11-09,2012-09-30,4959000.0,22878000.0,0.0,0.0,22878000.0,1.0,2304426000.0,219687000.0,1709114000.0,28855000.0,2084739000.0,0.0,196184000.0,0.0,197135000.0,0.0,59.231121122855654,0.10957175452802563,1.149362502105268,0.0,0.0,0.02257302434827732,0.0,0.0,0.0,0.4277071990320629,0.0,,0.00992785188155315,2.1600415872465777,0.002151945864176155,0.0,1.0,0.0,0.0,0.0,0.0,-0.0024852844996729887,-0.07705192629815745,0.0,0.0,0.0,0.0,Banks—Regional,Financial Services,OCFCP
2012Q2,2012,Q2,2012-08-09,2012-06-30,5373000.0,22935000.0,0.0,0.0,22935000.0,1.0,2287532000.0,218836000.0,1689541000.0,27500000.0,2068696000.0,0.0,193377000.0,0.0,234588000.0,0.0,61.43785454545455,0.11999832133495837,1.254363998610832,0.0,0.0,0.02455263302198907,0.0,0.0,0.0,0.40312674483528754,0.0,,0.010026089252521932,1.6862181818181818,0.002348819601212136,0.0,1.0,0.0,0.0,0.0,0.0,-0.02054151007857875,-0.04852133876394546,0.0,0.0,0.0,0.0,Banks—Regional,Financial Services,OCFCP
2012Q1,2012,Q1,2012-05-10,2012-03-31,5647000.0,23416000.0,0.0,0.0,23416000.0,1.0,2261214000.0,220471000.0,1691406000.0,27500000.0,2040743000.0,0.0,190173000.0,0.0,234405000.0,0.0,61.505672727272724,0.12051048684467724,1.235990220936087,0.0,0.0,0.025613345972939752,0.0,0.0,0.0,0.385337347264034,0.0,,0.010355499302587017,1.6173090909090908,0.002497331079676669,0.0,1.0,0.0,0.0,0.0,0.0,-0.002980499020693179,0.03443854185748305,0.0,0.0,0.0,0.0,Banks—Regional,Financial Services,OCFCP
2011Q4,2011,Q4,2012-03-15,2011-12-31,5459000.0,23486000.0,0.0,0.0,23486000.0,1.0,2302094000.0,216849000.0,1744789000.0,32686000.0,2085245000.0,0.0,186666000.0,0.0,215973000.0,0.0,53.380315731505846,0.12749262193463864,1.3534763821829936,0.0,0.0,0.02517419955821793,0.0,0.0,0.0,0.4028210294925811,0.0,,0.010202016077536364,2.568653246038059,0.0023713193292715243,0.0,1.0,0.0,0.0,0.0,0.0,0.02331053113154111,0.07587702010248325,0.0,0.0,0.0,0.0,Banks—Regional,Financial Services,OCFCP
2011Q3,2011,Q3,2011-11-09,2011-09-30,5074000.0,22951000.0,0.0,0.0,22951000.0,1.0,2281792000.0,215897000.0,1751068000.0,27500000.0,2065895000.0,0.0,183405000.0,0.0,223043000.0,0.0,63.6752,0.1286269738871904,1.3594445499474286,0.0,0.0,0.0235019476880179,0.0,0.0,0.0,0.43299172250689794,0.0,,0.01005832258154994,2.7949454545454544,0.0022236908535046137,0.0,1.0,0.0,0.0,0.0,0.0,-0.025104069322912242,-0.005682931608857535,0.0,0.0,0.0,0.0,Banks—Regional,Financial Services,OCFCP
2011Q2,2011,Q2,2011-08-09,2011-06-30,5103000.0,23542000.0,0.0,0.0,23542000.0,1.0,2239011000.0,213367000.0,1741524000.0,27500000.0,2025644000.0,0.0,180530000.0,0.0,272566000.0,0.0,63.32814545454546,0.1346576680507599,1.4130582517446466,0.0,0.0,0.023916538171319838,0.0,0.0,0.0,0.43092298647854205,0.0,,0.010514463752076252,1.2946545454545455,0.0022791312771576378,0.0,1.0,0.0,0.0,0.0,0.0,0.03272503948061063,-0.0005875440658049354,0.0,0.0,0.0,0.0,Banks—Regional,Financial Services,OCFCP
2011Q1,2011,Q1,2011-05-09,2011-03-31,5106000.0,22796000.0,0.0,0.0,22796000.0,1.0,2263283000.0,205986000.0,1762162000.0,27500000.0,2057297000.0,0.0,177624000.0,0.0,286838000.0,0.0,64.07861818181819,0.140592228192409,1.5447651782159952,0.0,0.0,0.02478809239462876,0.0,0.0,0.0,0.42969056012534274,0.0,,0.010072094386782386,1.3862545454545454,0.002256014824482842,0.0,1.0,0.0,0.0,0.0,0.0,-0.026061693582842008,-0.11721991701244813,0.0,0.0,0.0,0.0,Banks—Regional,Financial Services,OCFCP
2010Q4,2010,Q4,2011-03-15,2010-12-31,5784000.0,23406000.0,0.0,0.0,23406000.0,1.0,2251330000.0,201251000.0,1790096000.0,27500000.0,2050079000.0,0.0,174677000.0,0.0,261045000.0,0.0,65.0944,0.12992320095232596,1.4534089271606103,0.0,0.0,0.028740229862211863,0.0,0.0,0.0,0.3789764868603043,0.0,,0.010396521167487663,1.3782181818181818,0.002569148014729071,0.0,1.0,0.0,0.0,0.0,0.0,-0.0160171522260058,0.10423825887743414,0.0,0.0,0.0,0.0,Banks—Regional,Financial Services,OCFCP
2010Q3,2010,Q3,2010-11-09,2010-09-30,5238000.0,23787000.0,0.0,0.0,23787000.0,1.0,2225378000.0,199429000.0,1785545000.0,27500000.0,2025949000.0,0.0,171085000.0,0.0,277868000.0,0.0,64.92890909090909,0.13817877232542067,1.541902130582814,0.0,0.0,0.026264986536561886,0.0,0.0,0.0,0.4182894234440626,0.0,,0.010688970592861079,1.3351636363636363,0.0023537574290749706,0.0,1.0,0.0,0.0,0.0,0.0,0.02112041210560206,0.05796808725509998,0.0,0.0,0.0,0.0,Banks—Regional,Financial Services,OCFCP
2010Q2,2010,Q2,2010-08-09,2010-06-30,4951000.0,23295000.0,0.0,0.0,23295000.0,1.0,2219682000.0,194828000.0,1793234000.0,27500000.0,2024854000.0,0.0,168038000.0,0.0,366548000.0,0.0,65.20850909090909,0.17907970601194226,2.0402611534276387,0.0,0.0,0.02541215841665469,0.0,0.0,0.0,0.4425368612401535,0.0,,0.010494746544775333,1.3782181818181818,0.0022304996841889966,0.0,1.0,0.0,0.0,0.0,0.0,0.061856140030996445,0.12420526793823797,0.0,0.0,0.0,0.0,Banks—Regional,Financial Services,OCFCP
2010Q1,2010,Q1,2010-05-10,2010-03-31,4404000.0,21938000.0,0.0,0.0,21938000.0,1.0,2199233000.0,187181000.0,1764858000.0,27500000.0,2012052000.0,0.0,165277000.0,0.0,527716000.0,0.0,64.17665454545454,0.24945060391509222,2.930853024612541,0.0,0.0,0.023528029020039427,0.0,0.0,0.0,0.49727520435967304,0.0,,0.009975295932718361,1.0073454545454545,0.0020025163318302336,0.0,1.0,0.0,0.0,0.0,0.0,0.06283610290199118,0.23465096719932715,0.0,0.0,0.0,0.0,Banks—Regional,Financial Services,OCFCP
2009Q4,2009,Q4,2010-03-15,2009-12-31,3567000.0,20641000.0,0.0,0.0,20641000.0,1.0,2030028000.0,183536000.0,1750536000.0,27500000.0,1846492000.0,0.0,163063000.0,0.0,337484000.0,0.0,63.655854545454545,0.17758375746541427,1.9641923110452446,0.0,0.0,0.019434879260744487,0.0,0.0,0.0,0.8617886178861789,0.0,,0.010167840049496854,1.0572727272727274,0.0017571186210239465,0.0,1.0,0.0,0.0,0.0,0.0,-0.02852167364804443,-0.2132774591971769,0.0,0.0,0.0,0.0,Banks—Regional,Financial Services,OCFCP
2009Q3,2009,Q3,2009-11-09,2009-09-30,4534000.0,21247000.0,0.0,0.0,21247000.0,1.0,1873003000.0,166172000.0,1727479000.0,27500000.0,1706831000.0,0.0,163487000.0,0.0,236233000.0,0.0,62.817418181818184,0.13774670942865547,1.5526081409623764,0.0,0.0,0.027284981826059745,0.0,0.0,0.0,0.6246140273489192,0.0,,0.01134381525283195,1.024690909090909,0.0024207115525175346,0.0,1.0,0.0,0.0,0.0,0.0,0.04618641981387562,0.25979438732981386,0.0,0.0,0.0,0.0,Banks—Regional,Financial Services,OCFCP
2009Q2,2009,Q2,2009-08-10,2009-06-30,3599000.0,20309000.0,0.0,0.0,20309000.0,1.0,1909585000.0,161909000.0,1760226000.0,27500000.0,1747676000.0,0.0,162088000.0,0.0,263077000.0,0.0,64.00821818181818,0.14950892471400853,1.7633361950231303,0.0,0.0,0.022228535782445696,0.0,0.0,0.0,0.7868852459016393,0.0,,0.010635295103386337,1.0485090909090908,0.0018847026971828959,0.0,1.0,0.0,0.0,0.0,0.0,0.07705770046669495,-0.08955223880597014,0.0,0.0,0.0,0.0,Banks—Regional,Financial Services,OCFCP
2009Q1,2009,Q1,2009-05-11,2009-03-31,3953000.0,18856000.0,0.0,0.0,18856000.0,1.0,1913733000.0,158198000.0,1761182000.0,27500000.0,1755535000.0,0.0,161409000.0,0.0,323731000.0,0.0,64.04298181818181,0.18158227924167059,2.196614369334631,0.0,0.0,0.02498767367476201,0.0,0.0,0.0,0.6342018719959525,0.0,,0.009852994121959542,1.1034545454545455,0.002065596402423954,0.0,1.0,0.0,0.0,0.0,0.0,0.06392822885515996,0.1291059697229363,0.0,0.0,0.0,0.0,Banks—Regional,Financial Services,OCFCP
2008Q4,2008,Q4,2009-03-13,2008-12-31,3501000.0,17723000.0,0.0,0.0,17723000.0,1.0,1857946000.0,119783000.0,1754216000.0,7581000.0,1738163000.0,0.0,160267000.0,0.0,376506000.0,0.0,231.39638570109483,0.21259013986412953,3.2974712605294574,0.0,0.0,0.02922785370211132,0.0,0.0,0.0,0.6686660954013139,0.0,,0.009539028583177336,3.267774699907664,0.0018843389420359904,0.0,1.0,0.0,0.0,0.0,0.0,-0.02818446016340407,-0.05937667920472864,0.0,0.0,0.0,0.0,Banks—Regional,Financial Services,OCFCP
2008Q3,2008,Q3,2008-11-10,2008-09-30,3722000.0,18237000.0,0.0,0.0,18237000.0,1.0,1876258000.0,124045000.0,0.0,0.0,1752213000.0,0.0,159107000.0,0.0,324270000.0,0.0,0.0,0.1870744854918673,2.8296182836873713,0.0,0.0,0.03000524003385868,0.0,0.0,0.0,0.6295002686727565,0.0,,0.00971987860944497,0.0,0.0019837357122527927,0.0,1.0,0.0,0.0,0.0,0.0,0.08026300201397939,0.0528995756718529,0.0,0.0,0.0,0.0,Banks—Regional,Financial Services,OCFCP
2008Q2,2008,Q2,2008-08-08,2008-06-30,3535000.0,16882000.0,0.0,0.0,16882000.0,1.0,1874239000.0,124389000.0,0.0,8881000.0,1749850000.0,0.0,157728000.0,0.0,337160000.0,0.0,0.0,0.1952291036522023,2.9416266711686725,0.0,0.0,0.028418911640096793,0.0,0.0,0.0,0.6628005657708628,0.0,,0.009007389132335845,3.236797657921405,0.0018860988379817089,0.0,1.0,0.0,0.0,0.0,0.0,-0.06237156345459594,-0.11757363954068897,0.0,0.0,0.0,0.0,Banks—Regional,Financial Services,OCFCP
2008Q1,2008,Q1,2008-05-09,2008-03-31,4006000.0,18005000.0,0.0,0.0,18005000.0,1.0,1905471000.0,123253000.0,0.0,8818000.0,1782218000.0,0.0,156537000.0,0.0,378790000.0,0.0,0.0,0.21596655105220705,3.338807168993858,0.0,0.0,0.03250225146649575,0.0,0.0,0.0,0.5838741887169246,0.0,,0.009449107333567396,4.462803356770243,0.0021023673411980554,0.0,1.0,0.0,0.0,0.0,0.0,0.05286240570726858,0.29476405946994183,0.0,0.0,0.0,0.0,Banks—Regional,Financial Services,OCFCP
2007Q4,2007,Q4,2008-03-17,2007-12-31,3094000.0,17101000.0,0.0,0.0,17101000.0,1.0,1927499000.0,124306000.0,0.0,7588000.0,1803193000.0,0.0,154929000.0,0.0,400541000.0,0.0,0.0,0.22209505685865466,3.443824111466864,0.0,0.0,0.024890190336749635,0.0,0.0,0.0,0.8009049773755657,0.0,,0.008872118740398827,3.6303373748023193,0.0016051889002277045,0.0,1.0,0.0,0.0,0.0,0.0,-0.016788363134594378,-0.010236724248240563,0.0,0.0,0.0,0.0,Banks—Regional,Financial Services,OCFCP
2007Q3,2007,Q3,2007-11-08,2007-09-30,3126000.0,17393000.0,0.0,0.0,17393000.0,1.0,1936830000.0,123571000.0,1803017000.0,0.0,1813259000.0,0.0,154317000.0,0.0,369544000.0,0.0,0.0,0.20600672232462322,3.228912932646009,0.0,0.0,0.025297197562534898,0.0,0.0,0.0,0.7236084452975048,0.0,,0.008980137647599428,0.0,0.0016139774786635894,0.0,1.0,0.0,0.0,0.0,0.0,0.3457907768492727,10.28519855595668,0.0,0.0,0.0,0.0,Banks—Regional,Financial Services,OCFCP
2007Q2,2007,Q2,2007-08-09,2007-06-30,277000.0,12924000.0,0.0,0.0,12924000.0,1.0,1977762000.0,123674000.0,1831552000.0,0.0,1854088000.0,0.0,153584000.0,0.0,415854000.0,0.0,0.0,0.22459729734922604,3.5917007616799004,0.0,0.0,0.002239759367369051,0.0,0.0,0.0,8.169675090252708,0.0,,0.006534658871997743,0.0,0.0001400572970863026,0.0,1.0,0.0,0.0,0.0,0.0,0.6082628173220508,1.051088159350793,0.0,0.0,0.0,0.0,Banks—Regional,Financial Services,OCFCP
2007Q1,2007,Q1,2007-05-10,2007-03-31,-5422000.0,8036000.0,0.0,0.0,8036000.0,1.0,2048285000.0,125293000.0,1893371000.0,0.0,1922992000.0,0.0,155574000.0,0.0,425745000.0,0.0,0.0,0.2249198719904701,3.6769811561699375,0.0,0.0,-0.04327456442099718,0.0,0.0,0.0,-0.416635927701955,0.0,,0.00392328216044154,0.0,-0.002647092567684673,0.0,1.0,0.0,0.0,0.0,0.0,-0.18565058775841103,-2.765277777777778,0.0,0.0,0.0,0.0,Banks—Regional,Financial Services,OCFCP
