Year,Date,FillingDate,NetIncome,Revenue,OperatingIncome,EPSDiluted,GrossProfit,GrossProfitRatio,TotalAssets,CommonStockEquity,CurrentAssets,CurrentLiability,TotalLiability,Inventory,RetainedEarnings,EnterpriseValue,bookValuePerShare,currentRatio,debtToAssets,debtToEquity,roic,shareholdersEquityPerShare,roe,priceToSalesRatio,peRatio,pbRatio,payoutRatio,inventoryTurnover,dividendYield,assetTurnover,quickRatio,returnOnAssets,priceToFreeCashFlowsRatio,grossProfitMargin,epsdilutedGrowth,fiveYNetIncomeGrowthPerShare,fiveYRevenueGrowthPerShare,fiveYShareholdersEquityGrowthPerShare,grossProfitGrowth,netIncomeGrowth,operatingIncomeGrowth,threeYNetIncomeGrowthPerShare,threeYRevenueGrowthPerShare,threeYShareholdersEquityGrowthPerShare,Industry,Sector,Price,MarketCap,AvgVolume,Symbol
2022,2022-12-31,2023-02-24,146603000.0,431600000.0,258626000.0,2.42,388165000.0,0.899362836,13103896000.0,1584662000.0,670298000.0,0.0,11518432000.0,0.0,540507000.0,2706878873.0,26.982155627447643,0.0,0.10733975605422998,0.8876145196893722,0.06565763183338574,26.982155627447643,0.0925137347901319,3.401890345227062,10.015182997619421,0.9265419837164013,0.3240793162486443,0.0,0.03235880126460764,0.032936769339439204,0.0,0.011187741416751171,6.39612410587487,0.8993628359592215,0.0,0.0,0.0,0.0,0.10246899203889948,0.33183436898143104,0.44487834855722225,0.0,0.0,0.0,Banks—Regional,Financial Services,22.8001,1344368088,5668,OCFCP
2021,2021-12-31,2022-02-28,110076000.0,352087000.0,178995000.0,0.0,352087000.0,1.0,11739616000.0,1516553000.0,805810000.0,0.0,229141000.0,0.0,442306000.0,24192000.0,0.0,0.0,0.019518611170927565,0.1510933017177771,0.07926239727580045,0.0,0.072583022156166,0.0,0.0,0.0,0.4043569897161961,0.0,,0.02999135576495858,0.0,0.00937645660641711,0.0,1.0,0.0,0.0,0.0,0.0,-0.041058170507841225,0.7387101359996209,0.21189039871630816,0.0,0.0,0.0,Banks—Regional,Financial Services,22.8001,1344368088,5668,OCFCP
2020,2020-12-31,2021-03-01,63309000.0,367162000.0,147699000.0,0.0,367162000.0,1.0,11448313000.0,1484130000.0,1490705000.0,0.0,235471000.0,0.0,378268000.0,-1036663000.0,0.0,0.0,0.02056818327730907,0.15865928186883899,0.06709731928892868,0.0,0.04265731438620606,0.0,0.0,0.0,0.6778972973826786,0.0,,0.03207127547962744,0.0,0.0055299850729098685,0.0,1.0,0.0,0.0,0.0,0.0,0.256629474981176,-0.2852417187888094,-0.07792434808123311,0.0,0.0,0.0,Banks—Regional,Financial Services,22.8001,1344368088,5668,OCFCP
2019,2019-12-31,2020-02-28,88574000.0,292180000.0,160181000.0,0.0,292180000.0,1.0,8246145000.0,1153119000.0,293178000.0,0.0,616061000.0,0.0,358668000.0,495517000.0,0.0,0.0,0.07470897007025708,0.5342562216041883,0.07469831837199799,0.0,0.07681254059641719,0.0,0.0,0.0,0.3865807121728724,0.0,,0.035432314129814596,0.0,0.010741261522808536,0.0,1.0,0.0,0.0,0.0,0.0,0.07767778105635881,0.23135739309347716,0.0,0.0,0.0,0.0,Banks—Regional,Financial Services,22.8001,1344368088,5668,OCFCP
2018,2018-12-31,2019-03-18,71932000.0,271120000.0,0.0,0.0,271120000.0,1.0,7516154000.0,1039358000.0,6092350000.0,0.0,6476796000.0,0.0,305056000.0,428121000.0,0.0,0.0,0.0730311007464722,0.5281269783847337,0.0,0.0,0.06920810731239861,0.0,0.0,0.0,0.4109992770950342,0.0,,0.036071639830690005,0.0,0.0095703201397949,0.0,1.0,0.0,0.0,0.0,0.0,0.4067421093867555,0.6937132093242289,0.0,0.0,0.0,0.0,Banks—Regional,Financial Services,22.8001,1344368088,5668,OCFCP
2017,2017-12-31,2018-02-28,42470000.0,192729000.0,0.0,0.0,192729000.0,1.0,5416006000.0,601941000.0,4300501000.0,0.0,4814065000.0,0.0,271023000.0,235597000.0,0.0,0.0,0.06373885110171591,0.5734947445015375,0.0,0.0,0.07055508762486688,0.0,0.0,0.0,0.45410878267012006,0.0,,0.03558507874622,0.0,0.007841571815097695,0.0,1.0,0.0,0.0,0.0,0.0,0.3932754033890463,0.8428360669964419,0.0,0.0,0.0,0.0,Banks—Regional,Financial Services,22.8001,1344368088,5668,OCFCP
2016,2016-12-31,2017-03-15,23046000.0,138328000.0,0.0,0.0,138328000.0,1.0,5167052000.0,572038000.0,4328764000.0,0.0,4595014000.0,0.0,238192000.0,5684000.0,0.0,0.0,0.059425955070705694,0.5367772770340432,0.0,0.0,0.04028753334568683,0.0,0.0,0.0,0.5474268853597154,0.0,,0.02677116467958906,0.0,0.004460183485670359,0.0,1.0,0.0,0.0,0.0,0.0,0.5146120071390249,0.13404192500738116,0.0,0.0,0.0,0.0,Banks—Regional,Financial Services,22.8001,1344368088,5668,OCFCP
2015,2015-12-31,2016-03-15,20322000.0,91329000.0,0.0,0.0,91329000.0,1.0,2593068000.0,238446000.0,2137856000.0,0.0,2354622000.0,0.0,229140000.0,302939000.0,0.0,0.0,0.13377396967607483,1.4547738271977722,0.0,0.0,0.08522684381369366,0.0,0.0,0.0,0.42776301545123513,0.0,,0.03522044157731305,0.0,0.007837048623483842,0.0,1.0,0.0,0.0,0.0,0.0,0.030999175914114448,0.020180722891566263,0.0,0.0,0.0,0.0,Banks—Regional,Financial Services,22.8001,1344368088,5668,OCFCP
2014,2014-12-31,2015-03-13,19920000.0,88583000.0,0.0,0.0,88583000.0,1.0,2356714000.0,218259000.0,0.0,0.0,2138455000.0,0.0,217714000.0,296621000.0,0.0,0.0,0.14118726328268938,1.5245098712996945,0.0,0.0,0.09126771404615618,0.0,0.0,0.0,0.41370481927710845,0.0,,0.0375875053146033,0.0,0.008452446923979744,0.0,1.0,0.0,0.0,0.0,0.0,0.09613433316009602,0.2198407838334354,0.0,0.0,0.0,0.0,Banks—Regional,Financial Services,22.8001,1344368088,5668,OCFCP
2013,2013-12-31,2014-03-14,16330000.0,80814000.0,0.0,0.0,80814000.0,1.0,2249711000.0,214350000.0,0.0,0.0,2035361000.0,0.0,206201000.0,168542000.0,0.0,0.0,0.09001156148500852,0.9447165850244926,0.0,0.0,0.0761838115232097,0.0,0.0,0.0,0.5045315370483772,0.0,,0.03592194730789866,0.0,0.007258710118766366,0.0,1.0,0.0,0.0,0.0,0.0,-0.10488131763454914,-0.18431568431568432,0.0,0.0,0.0,0.0,Banks—Regional,Financial Services,22.8001,1344368088,5668,OCFCP
2012,2012-12-31,2013-03-15,20020000.0,90283000.0,0.0,0.0,90283000.0,1.0,2269228000.0,219792000.0,0.0,0.0,2049436000.0,0.0,198109000.0,189956000.0,0.0,0.0,0.11127132222941018,1.148813423600495,0.0,0.0,0.09108611778408678,0.0,0.0,0.0,0.42852147852147854,0.0,,0.039785777365694414,0.0,0.00882238364765462,0.0,1.0,0.0,0.0,0.0,0.0,-0.026871173579373978,-0.03476206547418157,0.0,0.0,0.0,0.0,Banks—Regional,Financial Services,22.8001,1344368088,5668,OCFCP
2011,2011-12-31,2012-03-15,20741000.0,92776000.0,0.0,0.0,92776000.0,1.0,2302094000.0,216849000.0,1744789000.0,32686000.0,2085245000.0,0.0,186666000.0,215973000.0,0.0,53.380315731505846,0.12749262193463864,1.3534763821829936,0.0,0.0,0.09564720150888406,0.0,0.0,0.0,0.4237500602671038,0.0,,0.040300700145172175,2.568653246038059,0.009009623412423645,0.0,1.0,0.0,0.0,0.0,0.0,0.0037868132343712806,0.017813328098930218,0.0,0.0,0.0,0.0,Banks—Regional,Financial Services,22.8001,1344368088,5668,OCFCP
2010,2010-12-31,2011-03-15,20378000.0,92426000.0,0.0,0.0,92426000.0,1.0,2251330000.0,201251000.0,1790096000.0,27500000.0,2050079000.0,0.0,174677000.0,261045000.0,0.0,65.0944,0.12992320095232596,1.4534089271606103,0.0,0.0,0.1012566397185604,0.0,0.0,0.0,0.4300716458926293,0.0,,0.04105395477340061,1.3782181818181818,0.00905153842395384,0.0,1.0,0.0,0.0,0.0,0.0,0.1403296649064798,0.3018590685491599,0.0,0.0,0.0,0.0,Banks—Regional,Financial Services,22.8001,1344368088,5668,OCFCP
2009,2009-12-31,2010-03-15,15653000.0,81052000.0,0.0,0.0,81052000.0,1.0,2030028000.0,183536000.0,1750536000.0,27500000.0,1846492000.0,0.0,163063000.0,337484000.0,0.0,63.655854545454545,0.17758375746541427,1.9641923110452446,0.0,0.0,0.08528572051259699,0.0,0.0,0.0,0.718392640388424,0.0,,0.03992654288512277,1.0572727272727274,0.007710731083512149,0.0,1.0,0.0,0.0,0.0,0.0,0.1440589447534088,0.06021403413709022,0.0,0.0,0.0,0.0,Banks—Regional,Financial Services,22.8001,1344368088,5668,OCFCP
2008,2008-12-31,2009-03-13,14764000.0,70846000.0,0.0,0.0,70846000.0,1.0,1857946000.0,119783000.0,1754216000.0,7581000.0,1738163000.0,0.0,160267000.0,376506000.0,0.0,231.39638570109483,0.21259013986412953,3.2974712605294574,0.0,0.0,0.12325622166751542,0.0,0.0,0.0,0.6343809265781631,0.0,,0.03813135580904935,3.267774699907664,0.007946409637309158,0.0,1.0,0.0,0.0,0.0,0.0,0.27754034802993416,12.733953488372093,0.0,0.0,0.0,0.0,Banks—Regional,Financial Services,22.8001,1344368088,5668,OCFCP
TTM,,,,,,,,,,,,,,,,2390404088.0,27.385459556946948,0.0,0.1137741858736608,0.9581722378821946,0.03667825843039359,27.385459556946948,0.09512506963592325,3.061665390562905,9.010153350770203,0.8325622563531614,0.33129828477680584,0.0,0.0768417682378586,0.03239331104172392,0.0,0.01097197195904885,6.660596257413086,0.925476603119584,,,,,,,,,,,Banks—Regional,Financial Services,22.8001,1344368088,5668,OCFCP
