Year,Date,FillingDate,NetIncome,Revenue,OperatingIncome,EPSDiluted,GrossProfit,GrossProfitRatio,TotalAssets,CommonStockEquity,CurrentAssets,CurrentLiability,TotalLiability,Inventory,RetainedEarnings,EnterpriseValue,bookValuePerShare,currentRatio,debtToAssets,debtToEquity,roic,shareholdersEquityPerShare,roe,priceToSalesRatio,peRatio,pbRatio,payoutRatio,inventoryTurnover,dividendYield,assetTurnover,quickRatio,returnOnAssets,priceToFreeCashFlowsRatio,grossProfitMargin,epsdilutedGrowth,fiveYNetIncomeGrowthPerShare,fiveYRevenueGrowthPerShare,fiveYShareholdersEquityGrowthPerShare,grossProfitGrowth,netIncomeGrowth,operatingIncomeGrowth,threeYNetIncomeGrowthPerShare,threeYRevenueGrowthPerShare,threeYShareholdersEquityGrowthPerShare,Industry,Sector,Price,MarketCap,AvgVolume,Symbol
2022,2022-12-31,2023-03-29,-28317000.0,-134000.0,-27219000.0,-0.95,-134000.0,1.0,45531000.0,21039000.0,36881000.0,7939000.0,24492000.0,395000.0,-136801000.0,-6400257.639899999,0.7047296136467863,4.645547298148381,0.4251608794008478,0.9201007652454964,-0.607852220357801,0.7047296136467863,-1.3459289890203907,-41.59509223955224,-0.19683378748101846,0.26492430058938166,0.0,0.0,0.0,-0.0029430497902527947,4.269933240962338,-0.621927917243197,-0.19085544309341188,1.0,0.31654676258992803,0.8532739145367957,0.0,-0.9670304492427727,0.0,0.21832385579418098,-1.7675540014663584,0.711069138535732,0.0,-0.9531393858438004,Biotechnology,Healthcare,0.4169,19168937,224626,PHGE
2021,2021-12-31,2022-03-30,-36226000.0,0.0,35462000.0,-1.39,0.0,0.0,77990000.0,47535000.0,66638000.0,11043000.0,30455000.0,108000.0,-108484000.0,-470284.799999997,1.8277105839995753,6.034410939056416,0.2566482882420823,0.42107920479646577,0.4856364874125236,1.8277105839995753,-0.7620910907752183,0.0,-1.14869748799205,0.8754121215946145,0.0,0.0,0.0,0.0,5.703794258806484,-0.4644954481343762,-1.331393863381859,0.0,-0.061068702290076216,0.7845348809351521,0.0,-0.9144937353251378,0.0,-0.19715796430931923,2.1719875735342717,0.7845348809351521,0.0,-0.9144937353251378,Biotechnology,Healthcare,0.4169,19168937,224626,PHGE
2020,2020-12-31,2021-03-31,-30260000.0,0.0,-30258000.0,-1.31,0.0,0.0,70363000.0,57469000.0,60667000.0,7161000.0,12894000.0,0.0,-72258000.0,116554938.07999998,2.491911445110045,8.471861471861471,0.08377982746613988,0.1025770415354365,-0.4394085208909738,2.491911445110045,-0.526544745862987,0.0,-4.8624235981493715,2.560283597765752,0.0,0.0,0.0,0.0,7.865940511101801,-0.430055568978014,-5.780049421747328,0.0,0.600609756097561,0.7970306080610358,0.0,-0.8834202518510188,0.0,-0.6413538728574528,-0.36254334218939976,0.7970306080610358,0.0,-0.8834202518510188,Biotechnology,Healthcare,0.4169,19168937,224626,PHGE
2019,2019-12-31,2020-03-26,-18436000.0,0.0,-22207000.0,-3.28,0.0,0.0,92121000.0,84456000.0,84531000.0,6224000.0,7665000.0,1978000.0,-42172000.0,-16635434.64,15.038847149926921,13.581458868894602,0.013362859717111191,0.014575637018092261,-0.2290658733029158,15.038847149926921,-0.21829118120678223,0.0,-2.950182542850944,0.643998832054561,0.0,0.0,0.0,0.0,13.224453727506427,-0.20012809240021276,-2.8794306400550584,0.0,0.49226006191950467,0.49217579347663504,0.0,-0.2964336607426754,0.0,-0.4241792197759753,-0.7772709083633453,0.49217579347663504,0.0,-0.2964336607426754,Biotechnology,Healthcare,0.4169,19168937,224626,PHGE
2018,2018-12-31,2018-12-31,-12945000.0,0.0,-12495000.0,-6.46,0.0,0.0,45331000.0,42803000.0,39888000.0,1639000.0,2528000.0,0.0,0.0,10719777.600000001,21.375165795739647,24.33679072605247,0.0,0.0,-0.2970824485940194,21.375165795739647,-0.3024320725182814,0.0,-1.492759953650058,0.4514584865546808,0.0,0.0,0.0,0.0,24.19707138499085,-0.2855661688469259,-1.6889937592867759,0.0,0.0,0.0,0.0,0.0,0.0,0.0,0.0,0.0,0.0,0.0,Biotechnology,Healthcare,0.4169,19168937,224626,PHGE
TTM,,,,,,,,,,,,,,,,8600937.0,0.5025956703745627,3.228823529411765,0.4534982007873065,1.1630125108385978,-0.6559752548525061,0.5025956703745627,-1.0990236520801808,-69.20193862815884,-0.5052249098909803,0.8294938149572649,0.0,0.0,0.0,-0.006689690149008622,2.9606862745098037,-0.6402057623107205,-0.7132362330703974,1.0,,,,,,,,,,,Biotechnology,Healthcare,0.4169,19168937,224626,PHGE
