Quarters,Year,Quarter,FillingDate,Date,NetIncome,Revenue,OperatingIncome,EPSDiluted,GrossProfit,GrossProfitRatio,TotalAssets,CommonStockEquity,CurrentAssets,CurrentLiability,TotalLiability,Inventory,RetainedEarnings,MarketCap,EnterpriseValue,bookValuePerShare,currentRatio,debtToAssets,debtToEquity,roic,shareholdersEquityPerShare,roe,priceToSalesRatio,peRatio,pbRatio,payoutRatio,inventoryTurnover,dividendYield,assetTurnover,quickRatio,returnOnAssets,priceToFreeCashFlowsRatio,grossProfitMargin,epsdilutedGrowth,fiveYNetIncomeGrowthPerShare,fiveYRevenueGrowthPerShare,fiveYShareholdersEquityGrowthPerShare,grossProfitGrowth,netIncomeGrowth,operatingIncomeGrowth,threeYNetIncomeGrowthPerShare,threeYRevenueGrowthPerShare,threeYShareholdersEquityGrowthPerShare,Industry,Sector,Symbol
2023Q1,2023,Q1,2023-05-05,2023-03-31,-159321000.0,1821939000.0,1763000.0,-0.38,541521000.0,0.2972223549,18350691000.0,-99548000.0,1644670000.0,5699536000.0,18450239000.0,145948000.0,-7225636000.0,5684712641.75,18114864641.75,-0.23553004072125314,0.28856208645756426,0.715545371016274,-131.9037248362599,0.00012717052474953646,-0.23553004072125314,1.600444006911239,3.120144330710304,-8.920218680760854,-57.10524211184554,0.0,8.773110971030778,0.0,0.09928449015898093,0.16841528854278665,-0.008682016388374694,21.39869320872403,0.29722235486478965,0.6666666666666666,-1.8307669237471433,-0.24230150380737922,-1.0094955752387893,0.8070577635398939,0.6697873486983916,1.0062747135805017,0.9571877232918511,-0.26143944756880244,-1.0115018171842285,Travel Services,Consumer Cyclical,NCLH
2022Q4,2022,Q4,2023-02-28,2022-12-31,-482480000.0,1519129000.0,-280969000.0,-1.14,299670000.0,0.1972643535,18557694000.0,68591000.0,1872869000.0,5054851000.0,18489103000.0,148717000.0,-7066315000.0,5157945363.6,17832488363.6,0.16276904480702592,0.370509239540394,0.734009839800139,198.59063142394774,-0.020539875522031067,0.16276904480702592,-7.034159000451955,3.395330721485799,-2.672621333319516,75.19857362627751,0.0,8.199862826711136,0.0,0.08185979357133488,0.25188853242162823,-0.025998919908906785,63.533231059924866,0.19726435345517068,-0.6285714285714286,-3.64785107426001,-0.3408291862517372,-0.9935319262826309,-0.20430044714454132,-0.6333439406352194,-0.8272148482463956,-3.009599178378482,-0.48163959754305125,-0.9946814369940512,Travel Services,Consumer Cyclical,NCLH
2022Q3,2022,Q3,2022-11-08,2022-09-30,-295394000.0,1615510000.0,-153769000.0,-0.7,376612000.0,0.2331226671,18950929000.0,399783000.0,2157384000.0,4662754000.0,18551146000.0,155880000.0,-6583835000.0,4780271391.679999,17499686391.68,0.9500579586139152,0.4626844993323688,0.7337966914445196,34.78419292466163,-0.010372728239722009,0.9500579586139152,-0.7388858455712224,2.9589859497496143,-4.045674075709052,11.957165241343429,0.0,7.947767513471901,0.0,0.0852470082073549,0.33881950452457926,-0.015587309730303986,-3.9185957072335786,0.23312266714535967,0.42622950819672134,-1.3999083673823192,-0.46943575011022604,-0.9608373636492036,2.3075308479339567,0.4200239141916395,0.612479271777864,-1.333723501719528,-0.5703029070701406,-0.9675600205912578,Travel Services,Consumer Cyclical,NCLH
2022Q2,2022,Q2,2022-08-09,2022-06-30,-509321000.0,1187181000.0,-396802000.0,-1.22,113865000.0,0.0959120808,19113200000.0,901815000.0,3131747000.0,5033462000.0,18211385000.0,154397000.0,-6288441000.0,4660473509.599999,16001795509.599998,2.151751915195566,0.6221854858544675,0.6929535608898563,14.686559882015713,-0.02800206308478014,2.151751915195566,-0.564773262808891,3.925663828514775,-2.2875914745317787,5.167882004180457,0.0,6.951663568592654,0.0,0.06211314693510244,0.49697285883950254,-0.026647604796685015,46.06713166941789,0.09591208080317996,0.48085106382978726,-2.3956243733491904,-0.5196444824101386,-0.9017476126566162,1.5333929817822394,0.4817200121296735,0.42388596251793087,-2.08995962565189,-0.6333386980668787,-0.924631153578668,Travel Services,Consumer Cyclical,NCLH
2022Q1,2022,Q1,2022-05-10,2022-03-31,-982714000.0,521940000.0,-688756000.0,-2.35,-213473000.0,-0.4089991187,19255492000.0,1507602000.0,3214510000.0,4176680000.0,17747890000.0,141956000.0,-5779120000.0,9140032851.08,20576451851.08,3.6089948797177778,0.7696328184107952,0.7049032556529846,9.00321105968286,-0.04587594520618401,3.6089948797177778,-0.6518391458753703,17.5116543109936,-2.3252016484653724,6.0626298260946845,0.0,5.1805700357857365,0.0,0.027106032917777433,0.6420891713035234,-0.05103551755519932,-17.04292012992849,-0.4089991186726444,0.4139650872817955,-9.643451780539513,-0.7530274005899972,-0.8225118499518624,0.07291259521762167,0.375150455802396,-0.11021095033229472,-5.325237774767086,-0.8066205862986987,-0.8672339934995115,Travel Services,Consumer Cyclical,NCLH
2021Q4,2021,Q4,2022-03-01,2021-12-31,-1572721000.0,487437000.0,-620383000.0,-4.01,-230262000.0,-0.4723933554,18729837000.0,2432650000.0,3301568000.0,3730432000.0,16297187000.0,118205000.0,-4796406000.0,8124637035.879999,19064580035.879997,6.209897227062438,0.8850363711227011,0.6645327452662829,5.116473804287505,-0.041756078869279845,6.209897227062438,-0.6465052514747293,16.668076153184924,-1.2914936972101219,3.33982982997143,0.0,6.071646715451969,0.0,0.026024625841645072,0.7811749416689542,-0.08396874996829924,-15.359324113949535,-0.4723933554490119,-0.7510917030567684,-13.626871995814081,-0.7487611379783953,-0.6891040300569694,0.1967838144239993,-0.8592610106574771,0.09972776321785037,-6.71028667485762,-0.8018585487014597,-0.7709522854004205,Travel Services,Consumer Cyclical,NCLH
2021Q3,2021,Q3,2021-11-09,2021-09-30,-845885000.0,153081000.0,-689106000.0,-2.29,-286675000.0,-1.8727013803149966,18730027000.0,2883239000.0,3281201000.0,2939848000.0,15846788000.0,108177000.0,-3223685000.0,9883140154.09,20356857154.09,7.792190790508009,1.1161124656784978,0.6624941330837377,4.303678259069054,-0.04507951023494843,7.792190790508009,-0.2933801186790273,64.56150765993168,-2.9209467463337218,3.4277908123780234,0.0,4.065152481581112,0.0,0.008173026125376114,0.9950174294725441,-0.045161974406123385,-10.977058965274423,-1.8727013803149966,-0.18041237113402067,-2.5163315215367614,-0.9367208347014749,-0.6099442469753417,-0.16838999180792227,-0.17845912935416955,-0.1388224173034718,-2.0765638418099104,-0.9506862711263208,-0.7215172927020392,Travel Services,Consumer Cyclical,NCLH
2021Q2,2021,Q2,2021-08-09,2021-06-30,-717789000.0,4368000.0,-605104000.0,-1.94,-245359000.0,-56.171932234432234,18526579000.0,3719252000.0,3465450000.0,2180567000.0,14807327000.0,92041000.0,-2377800000.0,10879734206.19,20415461206.190002,10.053848673781633,1.5892426144209282,0.6631481721477019,3.303316634635136,-0.037855793619288064,10.053848673781633,-0.1929928383449145,2490.781640611264,-3.7893218641515825,2.9252479278602257,0.0,2.7132147629860603,0.0,0.0002357693776060869,1.4550059686310945,-0.03874374216632223,-13.545907437594547,-56.171932234432234,0.5336538461538461,-4.032087893853558,-0.9977419089299112,-0.4459099371623652,-0.24072210563576144,0.4761398402559641,-0.05923335188861231,-2.911494090672311,-0.9982677920332748,-0.6052065973753811,Travel Services,Consumer Cyclical,NCLH
2021Q1,2021,Q1,2021-05-10,2021-03-31,-1370192000.0,3100000.0,-571266000.0,-4.16,-197755000.0,-63.791935483870965,18973793000.0,4377261000.0,3779323000.0,1810054000.0,14596532000.0,84691000.0,-1660011000.0,9087517141.13,17798219141.129997,13.289507916678643,2.087961464133114,0.6439795669742998,2.7914111130225043,-0.03446538276388783,13.289507916678643,-0.3130249715518449,2931.4571422999998,-1.658073675282369,2.076073860144506,0.0,2.3716215418403372,0.0,0.00016338325183583484,1.9483473973704653,-0.07221497567724071,-9.19453230259996,-63.791935483870965,-0.657370517928287,-13.908883146167021,-0.9980153608227191,-0.23110980879067253,-0.0017324087066201315,-0.8542844885801555,-0.04459113516676419,-10.168120028340606,-0.9983456896907018,-0.4642232391126094,Travel Services,Consumer Cyclical,NCLH
2020Q4,2020,Q4,2021-02-26,2020-12-31,-738933000.0,9579000.0,-546880000.0,-2.51,-197413000.0,-20.608936214636184,18399317000.0,4354105000.0,3557544000.0,1913903000.0,14045212000.0,82381000.0,-295449000.0,7473695760.39,15979332760.39,14.815279307572728,1.8587901267723599,0.6416607203408692,2.711491569449979,-0.03534916389912939,14.815279307572728,-0.16970950401976984,780.2166990698403,-2.5285431021452554,1.7164711830307262,0.0,2.5126182007987277,0.0,0.0005206171511692526,1.7352290058587085,-0.0401608929287973,-10.51123141457343,-20.608936214636184,-0.003999999999999915,-16.02344511639718,-0.9928015245712934,-0.10297344273057456,-0.07500585387635524,-0.09089177785717027,-0.05619535596958571,-6.814676623357298,-0.9940402265129124,-0.41127430698875234,Travel Services,Consumer Cyclical,NCLH
2020Q3,2020,Q3,2020-11-09,2020-09-30,-677366000.0,6518000.0,-517783000.0,-2.5,-183639000.0,-28.17413316968395,17402037000.0,4087766000.0,2652499000.0,2334266000.0,13314271000.0,81259000.0,557410000.0,4644258838.5,13225501838.5,15.059814427266014,1.1363310779491282,0.6285157306584281,2.6756556025956475,-0.03427064240067542,15.059814427266014,-0.1657056690622702,712.528204740718,-1.7140876713992141,1.136136177682382,0.0,2.340134631240847,0.0,0.0003745538525173806,1.0430289435736972,-0.0389245236060583,-6.293792664020458,-28.17413316968395,0.16387959866220742,-3.253641140911766,-0.995750514820886,-0.12618965438331772,0.3550257618808456,0.052956827260106004,0.13037716804022767,-2.4216412964539327,-0.9966814336565004,-0.37921467782243723,Travel Services,Consumer Cyclical,NCLH
2020Q2,2020,Q2,2020-08-10,2020-06-30,-715243000.0,16929000.0,-595411000.0,-2.99,-284723000.0,-16.81865438005789,17528059000.0,4337025000.0,2750668000.0,2583855000.0,13191034000.0,82263000.0,1234776000.0,3932401300.35,12021662300.35,18.120561790999766,1.06455973729176,0.590436739173459,2.3862463324513925,-0.04003150697481922,18.120561790999766,-0.16491558153342442,232.28786699450646,-1.3744983524305725,0.9067047804312863,0.0,3.666921945467586,0.0,0.0009658228557993786,0.9033641593665279,-0.040805602035,-2.827029815471017,-16.81865438005789,0.6602272727272728,-5.2554783284418765,-0.9852926009208317,0.09338996686469564,-2.1270712764525657,0.6197481940188371,0.6735794471785758,-4.4319074487276495,-0.9880055002406553,-0.17258655916789695,Travel Services,Consumer Cyclical,NCLH
2020Q1,2020,Q1,2020-05-15,2020-03-31,-1880972000.0,1246882000.0,-1824061000.0,-8.8,252622000.0,0.20260297285549073,16462509000.0,4374654000.0,1696335000.0,2959793000.0,12087855000.0,85516000.0,1950019000.0,2341393546.0800004,9587354546.08,20.477637311451694,0.5731262287599167,0.5227770566442819,1.9672920418391946,-0.14005944997355738,20.477637311451694,-0.4299704616639396,1.8777988182362086,-0.31119463049955026,0.5352179957729228,0.0,11.626596192525376,0.0,0.07574070270819594,0.49210806296251125,-0.11425791779369718,-3.532280836380753,0.20260297285549073,-16.714285714285715,-91.0451995923484,0.395422858101646,0.3201033176139658,-0.5741340130412208,-16.50716011113218,-10.148849410159698,-33.350349527298285,0.1536926432718524,0.00707761714821274,Travel Services,Consumer Cyclical,NCLH
2019Q4,2019,Q4,2020-02-27,2019-12-31,121297000.0,1480618000.0,199376000.0,0.56,593196000.0,0.4006408134981474,16684599000.0,6515579000.0,730145000.0,3584390000.0,10169020000.0,95427000.0,3829068000.0,12435484619.25,18984301619.25,30.603951598385954,0.2037013271435307,0.407662959115769,1.0439122908340148,0.015274207575158091,30.603951598385954,0.0186164575703863,8.398847386192793,25.630239452026842,1.908577061109995,0.0,9.299485470569126,0.0,0.08874159936358075,0.09150371471854346,0.007269997918439634,-18.305405911157102,0.4006408134981474,-0.7320574162679425,5.732020391237013,0.8750173126595802,0.849890384266339,-0.35737801528999974,-0.7308004722759797,-0.6103837224753969,0.7919003713649028,0.40420675515425536,0.532174344980363,Travel Services,Consumer Cyclical,NCLH
2019Q3,2019,Q3,2019-11-08,2019-09-30,450584000.0,1913851000.0,511724000.0,2.09,923087000.0,0.482319156506959,15938896000.0,6273424000.0,842716000.0,3399591000.0,9665472000.0,94254000.0,3707771000.0,11089533457.320002,16960007457.320002,29.28663876888543,0.24788746646287746,0.3938624105458747,1.0006867063345313,0.03978195500529139,29.28663876888543,0.07182425418718709,5.794355703406379,6.152866866843919,1.7677002952964762,0.0,10.511638763341608,0.0,0.12007425106481653,0.13970974743726525,0.02826946107183333,50.66420625320377,0.482319156506959,0.8828828828828826,1.1259008791854404,1.0018175792916473,1.0863815741853953,0.30776096439343603,0.8759482076689288,0.6577761507834949,0.3952260014677145,0.36657518496395336,0.46600901411116685,Travel Services,Consumer Cyclical,NCLH
2019Q2,2019,Q2,2019-08-08,2019-06-30,240190000.0,1664277000.0,308681000.0,1.11,705853000.0,0.4241199031170893,15965977000.0,6150343000.0,903564000.0,3582551000.0,9815634000.0,90956000.0,3257187000.0,11378824613.62,17307967613.620003,28.54961986769303,0.252212459780754,0.3976623541421862,1.0323112060579385,0.024080277720722642,28.54961986769303,0.03905310646902132,6.837097798996202,11.843566149319289,1.8501121992090523,0.0,10.537226790975856,0.0,0.10423897015509918,0.13818616957581342,0.015043864838337171,35.00444403515572,0.4241199031170893,1.0555555555555556,1.0474376686886215,1.0673806811929951,1.1788668385706325,0.22335994897561262,1.0328038118774174,0.950024005660282,0.7423049258812275,0.47743604191252437,0.5734333368010072,Travel Services,Consumer Cyclical,NCLH
2019Q1,2019,Q1,2019-05-10,2019-03-31,118157000.0,1403630000.0,158296000.0,0.54,576979000.0,0.41106203201698455,15761093000.0,5905302000.0,768395000.0,3429420000.0,9855791000.0,90101000.0,3016997000.0,12189419050.03,18427203050.03,27.183124467214416,0.2240597535443311,0.41510395249872584,1.1079013401854807,0.017811708583669067,27.183124467214416,0.020008629533256723,8.68421097442346,25.790725581281684,2.0641482941990095,0.0,9.174715042008414,0.0,0.08905664093219931,0.10548780843407923,0.007496751652946912,37.994810297520715,0.41106203201698455,-0.22857142857142848,1.176598849139954,0.9962875269671834,1.1165163773337843,0.023130325303448093,-0.23589249453548378,-0.24469892165282947,0.6877864713419406,0.3624585917866679,0.5727322561757461,Travel Services,Consumer Cyclical,NCLH
2018Q4,2018,Q4,2019-02-27,2018-12-31,154634000.0,1381193000.0,209580000.0,0.7,563935000.0,0.4082955821525305,15205970000.0,5963001000.0,550313000.0,3150500000.0,9242969000.0,90202000.0,2898840000.0,9323304076.8,15651544076.8,27.11180610519761,0.17467481352166322,0.42694356229822894,1.0887288128913613,0.017266000621552664,27.11180610519761,0.02593224451916074,6.750181963563382,15.07317937322969,1.5635254927510494,0.0,9.060309084055786,0.0,0.09083228495123954,0.06954451674337407,0.010169295349129323,62.17525659411011,0.4082955821525305,-0.6682464454976303,2.9955706476898523,1.1455480410684429,1.1315272554666098,-0.3932346472823678,-0.6712558835659831,-0.6191365787350348,3.2009942288473505,0.38693894773504645,0.6415492132821684,Travel Services,Consumer Cyclical,NCLH
2018Q3,2018,Q3,2018-11-09,2018-09-30,470378000.0,1858356000.0,550276000.0,2.11,929412000.0,0.5001259177466535,15316122000.0,6198090000.0,727408000.0,3052179000.0,9118032000.0,95950000.0,2744206000.0,12573000118.8,18841699118.8,27.980878475771227,0.23832416119762306,0.4279908452021994,1.0576096829829835,0.04220962856420003,27.980878475771227,0.0758907986169933,6.765657451424807,6.682391671591783,2.028528162514581,0.0,9.681542470036478,0.0,0.12133332445380103,0.1091099178652366,0.030711298852281275,35.31186138921967,0.5001259177466535,1.089108910891089,1.5406790747956383,1.1494470028255082,1.2407671966238467,0.4095005846303635,1.0751116130512273,0.8835263835263836,0.9176892936021018,0.48463861018355364,0.6235247259956268,Travel Services,Consumer Cyclical,NCLH
2018Q2,2018,Q2,2018-08-09,2018-06-30,226676000.0,1522174000.0,292152000.0,1.01,659391000.0,0.4331902923056103,15329646000.0,5686793000.0,671490000.0,3306165000.0,9642853000.0,93136000.0,2273828000.0,10551319537.5,17175300537.5,25.466101021300815,0.20310238599706912,0.4454759098807631,1.2008504617628952,0.022798564631429097,25.466101021300815,0.03986007579315794,6.931743373293723,11.637005613187986,1.85540770298831,0.0,9.263689658134341,0.0,0.09929609594376804,0.07538008538593809,0.014786773288828717,-22.71445693942134,0.4331902923056103,1.2444444444444445,24.42200208325717,1.1577761746841018,1.2072160761862538,0.25523688779239767,1.197431050361107,0.7488581468156813,0.44549173351264426,0.41737306868868357,0.536617885968801,Travel Services,Consumer Cyclical,NCLH
2018Q1,2018,Q1,2018-05-07,2018-03-31,103155000.0,1293403000.0,167053000.0,0.45,525312000.0,0.40614719464853566,14484985000.0,5639073000.0,760775000.0,3093543000.0,8845912000.0,80427000.0,2047152000.0,12042389273.69,18093118273.690002,24.804188771957257,0.2459235252265768,0.4385559943624381,1.1265108644630066,0.01359688584251356,24.804188771957257,0.018292900269246383,9.310624201188647,29.18518073212641,2.135526401890878,0.0,9.55016350230644,0.0,0.08929267099689782,0.11084604287058561,0.007121512379888554,25.79294191890115,0.40614719464853566,0.046511627906976785,1.9336545967398369,1.1387204602018741,1.073540894347387,0.058853408692357,0.044110651133131576,-0.057231057485016425,5.743405691731445,0.36017727649372805,0.5990170833952803,Travel Services,Consumer Cyclical,NCLH
2017Q4,2017,Q4,2018-02-27,2017-12-31,98797000.0,1249553000.0,177194000.0,0.43,496114000.0,0.3970331790648336,14094869000.0,5749766000.0,518337000.0,2490021000.0,8345103000.0,82121000.0,1963128000.0,12166703615.25,18298278615.25,25.164995316910147,0.20816571426506042,0.447522073458079,1.0970472537491092,0.015417778844904457,25.164995316910147,0.017182786221213175,9.736844787896151,30.787128190253753,2.116034568232864,0.0,9.174742148780458,0.0,0.08865304104635524,0.0884133105704731,0.007009430169233925,-733.0664346116768,0.3970331790648336,-0.7528735632183908,27.43941829590527,1.1788683634267023,1.4989192971560943,-0.39020346053765304,-0.7534340590777954,-0.6283838765152469,4.591389403559155,0.47448083035901545,0.5211265351535421,Travel Services,Consumer Cyclical,NCLH
2017Q3,2017,Q3,2017-11-09,2017-09-30,400692000.0,1651738000.0,476820000.0,1.74,813573000.0,0.4925557200960443,14265117000.0,5537604000.0,864834000.0,2528662000.0,8727513000.0,78915000.0,1864331000.0,12337847943.349998,18423647943.35,24.25929526561594,0.3420124951456541,0.46327723775416635,1.1934230038839904,0.03862716301350849,24.25929526561594,0.07235837015431222,7.469615606924342,7.697837705363471,2.2280119602900457,0.0,10.621111322308813,0.0,0.11578860516881845,0.22923902047802355,0.028088938913014172,32.8432988072928,0.4925557200960443,1.0,1.7451420074157604,1.1508891595677686,1.4176909429578932,0.37460146892598095,1.0188741037823785,0.733443365531081,0.7740641196240077,0.6212460499858642,0.72823337783226,Travel Services,Consumer Cyclical,NCLH
2017Q2,2017,Q2,2017-08-09,2017-06-30,198473000.0,1344103000.0,275071000.0,0.87,591861000.0,0.4403390216374787,13946176000.0,4991749000.0,513916000.0,2654127000.0,8954427000.0,77089000.0,1463639000.0,12374381319.15,18838792319.15,21.900250705108803,0.19362901624526632,0.4792515166881588,1.3389547431170918,0.022780049476063144,21.900250705108803,0.03976021230234132,9.206423405907136,15.586983266174743,2.4789670552645977,0.0,9.758097783081892,0.0,0.09637788882056271,0.1016055373386428,0.014231356323052283,-26.74379635909583,0.4403390216374787,2.222222222222222,3.8446978489525456,1.026895202282082,1.3794974078654652,0.37328154474770464,2.2058310450654175,1.297350794260611,0.5990150627378505,0.5780572188718547,0.671396335183518,Travel Services,Consumer Cyclical,NCLH
2017Q1,2017,Q1,2017-05-10,2017-03-31,61910000.0,1150781000.0,119734000.0,0.27,430983000.0,0.3745134825826982,13076251000.0,4625282000.0,488351000.0,2506759000.0,8450969000.0,71439000.0,1265166000.0,11539478323.98,17495642323.98,20.333723004825732,0.19481370167614837,0.47230303242114274,1.3352597744310508,0.010730086312955906,20.333723004825732,0.013385129814787509,10.027518984046486,46.59779649483121,2.4948702206654643,0.0,10.075700947661641,0.0,0.08800542296106124,0.10680643811391521,0.004734537445021512,36.3829727682262,0.3745134825826982,-0.15624999999999997,15.614281826242399,0.967645731719997,1.1801738945952953,0.002223116222934839,-0.14290065344999447,-0.22022793878215566,0.08918378928320526,0.5630920695913415,0.583212327331574,Travel Services,Consumer Cyclical,NCLH
2016Q4,2016,Q4,2017-02-27,2016-12-31,72232000.0,1125137000.0,153550000.0,0.32,430027000.0,0.3821996787946712,12973911000.0,4537726000.0,411093000.0,2312818000.0,8436185000.0,66255000.0,1201103000.0,9661939882.0,15932279882.0,19.974196604093503,0.1777455035372433,0.4931964617300057,1.410108719653853,0.014383960497204553,19.974196604093503,0.015918105235970616,8.587345258399644,33.440649165189946,2.129247090282666,0.0,10.491434608708778,0.0,0.08672303979887021,0.0828262318954626,0.005567480769676931,-382.68139583333334,0.3821996787946712,-0.7866666666666666,21.094293626681893,1.032046116512427,1.1709239181079505,-0.3856774694929443,-0.7890285006630099,-0.6287601483508779,0.8069284170710885,0.6921028827597702,0.5703691706290176,Travel Services,Consumer Cyclical,NCLH
2016Q3,2016,Q3,2016-11-09,2016-09-30,342378000.0,1484736000.0,413614000.0,1.5,700002000.0,0.47146563429458166,12943340000.0,4536727000.0,436699000.0,2348989000.0,8406613000.0,65983000.0,1128871000.0,8561524553.400001,14788252553.400002,19.977120527217057,0.18590934227448488,0.49308439707216223,1.406776074469546,0.037309484062124205,19.977120527217057,0.07546806320944593,5.766361530534722,6.251514812137462,1.8871588599887101,0.0,11.892972432293167,0.0,0.11471042250300155,0.08994039563403661,0.026452059514777485,45.13572337888278,0.47146563429458166,1.34375,1.7426324664624602,0.9660622002649872,1.170652108127742,0.4555023028059925,1.3572284262561447,0.821943634425464,0.8038292990150244,0.6750734025271705,0.5998095413319595,Travel Services,Consumer Cyclical,NCLH
2016Q2,2016,Q2,2016-08-09,2016-06-30,145246000.0,1186835000.0,227018000.0,0.64,480935000.0,0.4052248206363985,12957749000.0,4118361000.0,440030000.0,2592264000.0,8839388000.0,67697000.0,786493000.0,9042567507.84,15449550507.84,18.144791520521668,0.16974737140970209,0.5057164635616881,1.5911541023237157,0.020899706043308746,18.144791520521668,0.03526791361903437,7.619060364616817,15.564228116161548,2.195671410990926,0.0,10.427345377195444,0.0,0.09159268326620619,0.07959451660787636,0.01120919999299261,-42.07215143460662,0.4052248206363985,1.0,3.3969470089955953,0.843601208534342,1.0560749377201706,0.16406592262877254,0.9834491799696842,0.7292393473591201,15.765739035671556,0.6552552417872893,0.5726583158389478,Travel Services,Consumer Cyclical,NCLH
2016Q1,2016,Q1,2016-05-10,2016-03-31,73229000.0,1077632000.0,131282000.0,0.32,413151000.0,0.38338783555054046,12405739000.0,3927611000.0,392916000.0,2490089000.0,8478128000.0,62383000.0,641247000.0,12564073779.57,18709303779.57,17.284012813034604,0.15779195040819827,0.5078373001398788,1.6040532018063907,0.012645275817183792,17.284012813034604,0.018644667203549434,11.658965008063976,42.89309487897554,3.198909917395078,0.0,10.65163586233429,0.0,0.08686560308902194,0.08051117851610927,0.0059028325519342294,63.43281270451206,0.38338783555054046,0.8823529411764705,7.08016699601297,0.9185777274070779,0.9927309731869877,0.09075572569467362,0.9113854666945083,0.11329522904971083,1.6630982177931029,0.7827458746765358,0.4448812543617593,Travel Services,Consumer Cyclical,NCLH
2015Q4,2015,Q4,2016-02-29,2015-12-31,38312000.0,1036523000.0,117922000.0,0.17,378775000.0,0.3654284564838407,12264757000.0,3780880000.0,340411000.0,2366519000.0,8483877000.0,58173000.0,568018000.0,13414854515.2,19696454515.2,16.515987389125762,0.14384460889601985,0.5216195477823165,1.6920761833224012,0.011633776825415191,16.515987389125762,0.010133090709041281,12.942167723436913,87.53689780747547,3.548077303484903,0.0,11.30675743042305,0.0,0.08451231443068949,0.06800410222778688,0.003123747172487804,-18.5422759009999,0.3654284564838407,-0.8440366972477064,1.8534273658056724,0.8769130016976506,0.9119879106169625,-0.33218791652855845,-0.8478396422372879,-0.615678938311519,10.007197048737726,0.8039322399323372,0.6400606905950584,Travel Services,Consumer Cyclical,NCLH
2015Q3,2015,Q3,2015-11-04,2015-09-30,251787000.0,1284910000.0,306832000.0,1.09,567188000.0,0.4414223564296332,11747165000.0,3918894000.0,441196000.0,2431282000.0,7828271000.0,54946000.0,529706000.0,13029138496.8,18482699496.8,17.23464880315386,0.1814664033213753,0.48383937741574246,1.4503431325266771,0.031511363966875344,17.23464880315386,0.0642495050899565,10.140117593294471,12.936667199656851,3.324697860365705,0.0,13.062315728169475,0.0,0.10938043349182547,0.11194711267553496,0.021433852337989633,95.60635532106927,0.4414223564296332,0.5797101449275365,1.3868758878806755,0.7864698198078935,0.9586716821419168,0.3216421144857091,0.5886216512927934,0.4114811185787297,0.7316897404498915,0.6797019103918593,0.7176119034052754,Travel Services,Consumer Cyclical,NCLH
2015Q2,2015,Q2,2015-08-07,2015-06-30,158494000.0,1085433000.0,217383000.0,0.69,429154000.0,0.39537585461285957,11687387000.0,3740455000.0,399917000.0,2474088000.0,7946932000.0,59801000.0,277919000.0,12648120291.119999,18239081291.12,16.57282610975535,0.161642188960134,0.4931743083376977,1.5409673422083676,0.022485159344849466,16.57282610975535,0.04237291987204765,11.652603422892062,19.950471770414023,3.3814389669492084,0.0,10.974381699302688,0.0,0.09287217065713663,0.08478235212328745,0.013561115072171392,47.73235825767982,0.39537585461285957,7.899999999999999,10.422791874623996,1.0172964750840152,1.0001171721237259,0.3646377217138024,8.38693139448173,2.6020977978094084,2.907094185753449,0.6530179051457513,0.8006641704776795,Travel Services,Consumer Cyclical,NCLH
2015Q1,2015,Q1,2015-05-08,2015-03-31,-21456000.0,938182000.0,60349000.0,-0.1,314482000.0,0.3352036172086013,11592737000.0,3479392000.0,324626000.0,2373774000.0,8113345000.0,56635000.0,119425000.0,12114503329.17,17951833329.17,15.512147449537668,0.1367552260661714,0.5140073478765196,1.7125842675961778,0.00660248763202897,15.512147449537668,-0.006166594623428461,12.9127432941263,-141.1551935259368,3.481787429864183,0.0,11.012624702039375,0.0,0.08092842958483402,0.064193137173126,-0.0018508140053552496,50.33887504381718,0.3352036172086013,0.1666666666666666,-0.188705690498875,1.0131855276115822,0.8395843520887354,0.1635027692580904,0.16216954976765982,0.2994487748158994,-6.839281424825777,0.6267888920343777,0.6632064334981265,Travel Services,Consumer Cyclical,NCLH
2014Q4,2014,Q4,2015-02-27,2014-12-31,-25609000.0,788909000.0,46442000.0,-0.12,270289000.0,0.3426111249839969,11573077000.0,3518813000.0,283735000.0,2086599000.0,8054264000.0,56555000.0,140881000.0,9945787564.72,16045067564.72,16.543656780249382,0.13597964918031688,0.5343526185819035,1.757440364122788,0.0050824491334104166,16.543656780249382,-0.007277738260032573,12.607014959545397,-97.09269753524151,2.82646095848799,0.0,9.170188312262399,0.0,0.0681676100487364,0.056194793537234514,-0.002212808227232913,-39.42673259621026,0.3426111249839969,-1.1237113402061853,0.381116979406255,0.8511994233181163,0.9456590685263014,-0.3169673429883326,-1.1273585374829669,-0.8022246637878904,-6.609217466316536,0.5218061531092509,0.7980708265308523,Travel Services,Consumer Cyclical,NCLH
2014Q3,2014,Q3,2014-10-31,2014-09-30,201078000.0,907017000.0,234822000.0,0.97,395719000.0,0.43628619970739246,7374049000.0,2852612000.0,190636000.0,1303024000.0,4490065000.0,51263000.0,166490000.0,7319992252.360001,10728034252.36,14.037048223223538,0.14630275420867153,0.46974342047360956,1.2142944781835034,0.03672382566709497,14.037048223223538,0.07048908158557841,8.070402486789114,9.100936268960305,2.56606655667157,0.0,9.974016347072938,0.0,0.12300121683487593,0.06278088507963016,0.027268329787339358,70.15182569706263,0.43628619970739246,0.7962962962962962,1.3165532646365845,0.6247913408696611,0.0,0.34082492181438073,0.8015159116972477,0.5803564217837242,0.7999861457059796,0.3421661607789903,0.5252222299064014,Travel Services,Consumer Cyclical,NCLH
2014Q2,2014,Q2,2014-07-31,2014-06-30,111616000.0,765927000.0,148588000.0,0.54,295131000.0,0.3853252333446921,7314803000.0,2685659000.0,210224000.0,1379900000.0,4600022000.0,52566000.0,-34588000.0,6497413260.599999,9936178260.599998,13.102966809308082,0.15234727154141606,0.4787891075125332,1.3040553547565048,0.023368196310454167,13.102966809308082,0.04156000445328316,8.483071181196118,14.553050773634604,2.41929941984444,0.0,8.95628352927748,0.0,0.1047091767201386,0.06567722298717299,0.01525892084858608,26.019002477194274,0.3853252333446921,1.2500000000000002,6.080016157594431,0.5658306093658868,0.0,0.35307952576128515,1.177150993816685,1.0329734980640042,2.7416633237574906,0.31751394272985894,0.4847611578191903,Travel Services,Consumer Cyclical,NCLH
2014Q1,2014,Q1,2014-05-01,2014-03-31,51267000.0,664028000.0,73089000.0,0.24,218118000.0,0.3284771124109224,7318899000.0,2634980000.0,187225000.0,1256890000.0,4648934000.0,48106000.0,-146204000.0,6620618271.120001,10210048271.12,12.84333292117376,0.14895893833191448,0.4992813809836698,1.3867998998094861,0.014200064664039036,12.84333292117376,0.01945631465893479,9.970390211135676,32.2849897161917,2.512587674714799,0.0,9.269321914106348,0.0,0.09072785401192174,0.06584506201815593,0.007004742106702115,-12.776775209812884,0.3284771124109224,0.4117647058823528,8.653835225499694,0.5286229895720268,0.0,0.19480049957273385,0.42045328604676935,0.189793260621846,5.714705975069921,0.3094219511993594,0.48075030884460285,Travel Services,Consumer Cyclical,NCLH
2013Q4,2013,Q4,2014-02-21,2013-12-31,36092000.0,600345000.0,61430000.0,0.17,182556000.0,0.30408515103815303,6650978000.0,2608908000.0,182924000.0,1075488000.0,4019712000.0,43715000.0,-197471000.0,7275324910.08,10346646910.08,12.7194273663006,0.17008464994495523,0.4702750482710964,1.1988881938343552,0.010527526161652579,12.7194273663006,0.013834140567624461,12.11857333713115,50.39430420924304,2.7886475529531896,0.0,9.557108543978039,0.0,0.0902641686681267,0.06948194679996429,0.005426570347999949,407.5355652072597,0.30408515103815303,-0.7926829268292682,1.9044829148716054,0.4608333166444524,0.4959007872581918,-0.46587162029708906,-0.7887602570555666,-0.7047770088427527,1.897304479039291,0.21328615987010943,0.4724757764315896,Travel Services,Consumer Cyclical,NCLH
2013Q3,2013,Q3,2013-10-31,2013-09-30,170858000.0,797885000.0,208080000.0,0.82,341783000.0,0.4283612300018173,6605549000.0,2552697000.0,187051000.0,1077745000.0,4030661000.0,45901000.0,-233563000.0,6306520751.8,9362601751.8,12.487186762609648,0.17355775252958724,0.4712766493746394,1.2195105803783215,0.03511482403144584,12.487186762609648,0.06693234645553311,7.904047264706067,9.227722365648667,2.4705324414922725,0.0,9.936646260430056,0.0,0.12079011146537555,0.06929004541890707,0.025865828866003415,91.6405700805022,0.4283612300018173,21.5,0.9567948829700226,0.4208712328511332,0.0,0.5302300384143557,20.325641895713154,1.181383597689461,0.801599572631565,0.23392764135518668,0.419135334922819,Travel Services,Consumer Cyclical,NCLH
2013Q2,2013,Q2,2013-07-30,2013-06-30,-8841000.0,644433000.0,95389000.0,-0.04,223354000.0,0.34658994806287075,6588633000.0,2353653000.0,201019000.0,1171083000.0,4204340000.0,45429000.0,-404421000.0,6313722377.4,9422092377.4,11.537656551189365,0.17165222277157127,0.4843508509276507,1.3558540702473985,0.019492362166208095,11.537656551189365,-0.0037562886287825776,9.797329400263488,-178.53530079742112,2.6825204808865197,0.0,9.268947148297343,0.0,0.09780981881977642,0.08471645476879094,-0.0013418564973948313,-12.547566943636808,0.34658994806287075,0.9183673469387755,-1.5634632357339227,0.3237061022536436,0.0,0.3541366055946939,0.9082836246693293,2.078256099135149,0.41847124285265364,0.32509651783660587,0.3924399400121571,Travel Services,Consumer Cyclical,NCLH
2013Q1,2013,Q1,2013-05-08,2013-03-31,-96395000.0,527631000.0,30988000.0,-0.49,164942000.0,0.3126086223137003,5991730000.0,2372715000.0,206767000.0,1046142000.0,3590142000.0,42291000.0,-395580000.0,5936628459.69,8493754459.69,11.962237561639203,0.197647164534069,0.4403280855445756,1.1119443338116883,0.006183943379440843,11.962237561639203,-0.040626455347565975,11.251477755647413,-15.396619274054672,2.502040261763423,0.0,8.576032725639024,0.0,0.0880598758622301,0.09041602382850512,-0.016088007970986678,-1941.978560578999,0.3126086223137003,-33.23684210526316,-19.775128367469573,0.2563502426619713,0.0,0.040138229377526376,-32.625656167979,-0.37404302595697403,-5.039185537986586,0.280339931738832,0.4186008162922311,Travel Services,Consumer Cyclical,NCLH
2012Q4,2012,Q4,2012-12-31,2012-12-31,3048000.0,503171000.0,49505000.0,0.0152,158577000.0,0.3151552851813797,5938427000.0,2018784000.0,164929000.0,945089000.0,3919643000.0,39681000.0,-299185000.0,4969603703.2,7909456703.2,10.07035134970116,0.17451160684337666,0.4654633289253198,1.3692004691933362,0.01035040636399978,10.07035134970116,0.0015098197726948499,9.876570198202996,407.6118522965879,2.4616817367286443,0.0,8.68410574330284,0.0,0.08473136067850964,0.06408073736970804,0.0005132672338988086,-95.72762074199638,0.3151552851813797,-0.9758904665829178,1.0781538461538462,0.2527411516322425,0.1843494269165311,-0.4343404437468788,-0.976222423315755,-0.7157139739746637,1.0781538461538462,0.2527411516322425,0.1843494269165311,Travel Services,Consumer Cyclical,NCLH
2012Q3,2012,Q3,2012-09-30,2012-09-30,128188000.0,674411000.0,174138000.0,0.630456,280340000.0,0.4156812388884523,5892643000.0,2011512000.0,187624000.0,913114000.0,3881131000.0,43175000.0,-300238000.0,4969603703.2,7811807703.2,10.034076247949299,0.20547708172254506,0.4627366701156001,1.3555683485855416,0.036751512265910606,10.034076247949299,0.06372718631556759,7.3688058219690955,9.692022075389271,2.470581186291705,0.0,9.127295888824552,0.0,0.11444966206165892,0.09178810093810849,0.021753905675263207,75.46510718114588,0.4156812388884523,2.557717484537944,0.49708613138686125,0.22469655477994324,0.0,0.4340155401983703,2.5577141905581304,1.0014481759878628,0.49708613138686125,0.22469655477994324,0.0,Travel Services,Consumer Cyclical,NCLH
2012Q2,2012,Q2,2012-06-30,2012-06-30,36031000.0,583234000.0,87006000.0,0.177208,195493000.0,0.33518793485976467,5846178000.0,1845054000.0,155198000.0,990161000.0,4001124000.0,37786000.0,-428426000.0,4969603703.2,7877125703.2,9.203729591264604,0.15674016649817554,0.47227214087562847,1.4964261208615033,,9.203729591264604,0.019528425726293104,8.52077159973527,34.48144447281507,2.6934733092906766,0.0,10.261498967871699,0.0,0.09976329834637263,0.07588765867369043,0.006163171904789762,-93.26284020568254,0.33518793485976467,9.9719522011021,1.3367922692781633,0.21909129483275036,0.0,0.19638562327497047,9.971680876979294,0.8733528550512445,1.3367922692781633,0.21909129483275036,0.0,Travel Services,Consumer Cyclical,NCLH
2012Q1,2012,Q1,2012-03-31,2012-03-31,3284000.0,515430000.0,46444000.0,0.016151,163403000.0,0.3170226800923501,5580941000.0,1869696000.0,184670000.0,876611000.0,3711245000.0,39674000.0,-464457000.0,4969603703.2,7823037703.2,9.32665190388415,0.21066356685006235,0.49521684604800514,1.478195385773944,,9.32665190388415,0.0017564352707605943,9.641665605804862,378.3194049330085,2.657974185749983,0.0,8.872989867419468,0.0,0.0923553931138136,0.08208886267683158,0.0005884312340875849,37.0586625245151,0.3170226800923501,2.0207313871626735,-0.36712275968394686,0.21433367494787428,0.0,0.12642006286880272,2.0353089533417403,0.09566161032343297,-0.36712275968394686,0.21433367494787428,0.0,Travel Services,Consumer Cyclical,NCLH
2011Q4,2011,Q4,2011-12-31,2011-12-31,-3172000.0,488594000.0,42389000.0,-0.015822967925866304,145064000.0,0.29690090340855596,5562411000.0,1844463000.0,152143000.0,817446000.0,3717948000.0,36234000.0,-467741000.0,4969603703.2,7948758703.2,9.200781490998468,0.1861199394210749,0.5101203417007482,1.5383875957392477,,9.200781490998468,-0.0017197417351283272,10.171233586986332,-391.677467150063,2.694336347869271,0.0,9.480874316939891,0.0,0.08783852901196981,0.08206658299141473,-0.0005702563151122777,-146.02737726845322,0.29690090340855596,-1.029194906658154,0.9186666666666667,0.2164489015475929,0.08208143962838317,-0.46159727428609604,-1.0287845514437648,-0.7394796845902808,0.9186666666666667,0.2164489015475929,0.08208143962838317,Travel Services,Consumer Cyclical,NCLH
2011Q3,2011,Q3,2011-09-30,2011-09-30,110198000.0,666634000.0,162709000.0,0.541977,269434000.0,0.4041708043694141,5539392000.0,1844964000.0,145128000.0,784048000.0,3694428000.0,41561000.0,-474709000.0,4969603703.2,7913381703.2,9.203280641985497,0.18510091218904964,0.5140358364239253,1.5433612796780858,,9.203280641985497,0.05972907872457132,7.45477083857109,11.27426020254451,2.69360470079633,0.0,9.557036644931546,0.0,0.12034425438748513,0.07695957390363856,0.019893518999919126,71.64425435305989,0.4041708043694141,2.777001128967065,0.2869839416058395,0.2105739127908245,0.0,0.45107416562993125,2.7770085001370988,1.1352326710585023,0.2869839416058395,0.2105739127908245,0.0,Travel Services,Consumer Cyclical,NCLH
2011Q2,2011,Q2,2011-06-30,2011-06-30,29176000.0,568586000.0,76202000.0,0.143494,185679000.0,0.32656273633188293,5606109000.0,1769124000.0,167625000.0,845916000.0,3836985000.0,39357000.0,-584907000.0,4969603703.2,7982085703.2,8.82496604945785,0.19815797313208403,0.5243702896251214,1.6616568425955445,,8.82496604945785,0.01649177785163731,8.740285028474144,42.582976617768026,2.809075962566784,0.0,9.72906979698656,0.0,0.10142257312513903,0.08213699705408102,0.005204322641604008,242.41969283902438,0.32656273633188293,3.70738287956831,0.8922109086192358,0.18847365373722075,0.0,0.22745932796107649,3.7459764705882352,1.188957830633115,0.8922109086192358,0.18847365373722075,0.0,Travel Services,Consumer Cyclical,NCLH
2011Q1,2011,Q1,2011-03-31,2011-03-31,-10625000.0,495510000.0,34812000.0,-0.053001,151271000.0,0.30528344533914553,5563971000.0,1738766000.0,157731000.0,782114000.0,3825205000.0,37274000.0,-614083000.0,4969603703.2,8002234703.2,8.673530469289675,0.20167264618712874,0.5378892161731252,1.72122068179387,,8.673530469289675,-0.0061106554878574805,10.029270253274404,-116.93185184,2.858121048605735,0.0,9.235365133873477,0.0,0.08905689839145459,0.0766627371457358,-0.0019096073649557124,42.708866476452386,0.30528344533914553,0.7297260707142857,-3.047600693775294,0.16740290490157977,0.0,0.1901730920535012,0.7297262922262923,1.1040797824116046,-3.047600693775294,0.16740290490157977,0.0,Travel Services,Consumer Cyclical,NCLH
2010Q4,2010,Q4,2010-12-31,2010-12-31,-39312000.0,483606000.0,16545000.0,-0.19610104511401516,127100000.0,0.2628172520605617,5563513000.0,1731668000.0,129383000.0,653317000.0,3831845000.0,32763000.0,-603458000.0,4969603703.2,8118641703.2,8.638123336144089,0.1980401550855098,0.5618478828035451,1.805108138511539,,8.638123336144089,-0.022701811201685313,10.276141535051261,-31.603605153642654,2.8698363099624173,0.0,10.881360070811587,0.0,0.08692457445502509,0.09631771406530061,-0.007066039029656262,-45.12242775477591,0.2628172520605617,-1.4287308129532752,-0.007999999999999995,0.20403031449797843,0.015908588244059652,-0.5090218680346582,-1.4227051322028796,-0.8797383245502454,-0.007999999999999995,0.20403031449797843,0.015908588244059652,Travel Services,Consumer Cyclical,NCLH
2010Q3,2010,Q3,2010-09-30,2010-09-30,93001000.0,634105000.0,137575000.0,0.457399,258871000.0,0.40824626836249517,5479199000.0,1763949000.0,150681000.0,859279000.0,3715250000.0,35176000.0,-564146000.0,4969603703.2,7942349703.2,8.799151465909187,0.17535747993375841,0.5103267831666636,1.585183018329895,,8.799151465909187,0.05272317963841358,7.83719368748078,13.359006094558122,2.8173171124561986,0.0,10.667329997725721,0.0,0.11572950717796525,0.09602934553270824,0.01697346637711096,53.54657094893814,0.40824626836249517,7.1374419665620055,0.08614306569343064,0.15150288009646323,0.0,0.6539058656665878,7.2249665327978585,1.4637797954834435,0.08614306569343064,0.15150288009646323,0.0,Travel Services,Consumer Cyclical,NCLH
2010Q2,2010,Q2,2010-06-30,2010-06-30,-14940000.0,477915000.0,55839000.0,-0.074526,156521000.0,0.3275080296705481,5538421000.0,1661064000.0,180219000.0,790179000.0,3877357000.0,34853000.0,-657147000.0,4969603703.2,8038693703.2,8.28592761500983,0.22807363901090766,0.5461751643654392,1.8210905780872984,,8.28592761500983,-0.008994235020444727,10.398509574296684,-83.15936585006693,2.991819522426589,0.0,9.221415660057957,0.0,0.08629083993434229,0.13679179021462226,-0.0026975197443459067,-7.671509267057734,0.3275080296705481,0.07388905457798994,-1.9689344315454957,-0.0010492938169004643,0.0,0.27941440925959227,0.07389040416563353,1.7531308549452718,-1.9689344315454957,-0.0010492938169004643,0.0,Travel Services,Consumer Cyclical,NCLH
2010Q1,2010,Q1,2010-03-31,2010-03-31,-16132000.0,416502000.0,20282000.0,-0.080472,122338000.0,0.2937272810214597,4824284000.0,1690431000.0,180759000.0,600849000.0,3133853000.0,31263000.0,-642207000.0,4969603703.2,7371278703.2,8.432419764782503,0.3008393123729922,0.5130286691247862,1.4641212803125356,,8.432419764782503,-0.009543128350107162,11.931764320939635,-77.0146866972477,2.9398441599805016,0.0,9.409333717173656,0.0,0.08633446952957165,0.16300434884638237,-0.0033439159054483524,46.61611060436932,0.2937272810214597,0.5863572478523077,-4.108884178068992,-0.01873696858324197,0.0,0.22471493928381936,0.5863589743589743,21.38391959798995,-4.108884178068992,-0.01873696858324197,0.0,Travel Services,Consumer Cyclical,NCLH
2009Q4,2009,Q4,2009-12-31,2009-12-31,-39000000.0,401656000.0,-995000.0,-0.19454468761311028,99891000.0,0.248697890732368,4811348000.0,1704551000.0,151562000.0,494038000.0,3106797000.0,28865000.0,-626075000.0,4969603703.2,7477142703.2,8.502854918349096,0.3067820693954716,0.5308501900091201,1.4984033918609652,,8.502854918349096,-0.022879925563975497,12.372785924273508,-31.856433994871793,2.9154913541454612,0.0,10.454356487095097,0.0,0.08348097040579895,0.11744035883879378,-0.008105836451655545,-81.49296027024367,0.248697890732368,-1.4619675239315693,0.0,0.0,0.0,-0.5147271004882314,-1.4554744525547445,-1.0087718524918232,0.0,0.0,0.0,Travel Services,Consumer Cyclical,NCLH
2009Q3,2009,Q3,2009-09-30,2009-09-30,85625000.0,550676000.0,113431000.0,0.421122,205845000.0,0.373804197023295,,,,,,,,4969603703.2,,,0.0,0.0,0.0,0.0,,0.0,9.024551103007939,14.509791834160584,0.0,0.0,0.0,0.0,0.0,0.0,0.0,-843.7357730390491,0.373804197023295,4.55320832344331,0.0,0.0,0.0,0.4117441310207189,4.553213567676243,1.464819643633203,0.0,0.0,0.0,Travel Services,Consumer Cyclical,NCLH
2009Q2,2009,Q2,2009-06-30,2009-06-30,15419000.0,478417000.0,46020000.0,0.075834,145809000.0,0.30477386882155105,,,,,,,,4969603703.2,,,0.0,0.0,0.0,0.0,,0.0,10.387598482495395,80.57597287761851,0.0,0.0,0.0,0.0,0.0,0.0,0.0,638.192333787081,0.30477386882155105,1.9714352885858704,0.0,0.0,0.0,0.27673044087386717,1.9714781268067065,2.5624709707385045,0.0,0.0,0.0,Travel Services,Consumer Cyclical,NCLH
2009Q1,2009,Q1,2009-03-31,2009-03-31,5189000.0,424455000.0,12918000.0,0.025521,114205000.0,0.26906268037836756,,,,,,,,4969603703.2,,,0.0,0.0,0.0,0.0,,0.0,11.708199227715541,239.42974095201387,0.0,0.0,0.0,0.0,0.0,0.0,0.0,-95.51970521460011,0.26906268037836756,0.0,0.0,0.0,0.0,0.0,0.0,0.0,0.0,0.0,0.0,Travel Services,Consumer Cyclical,NCLH
