Quarters,Year,Quarter,FillingDate,Date,NetIncome,Revenue,OperatingIncome,EPSDiluted,GrossProfit,GrossProfitRatio,TotalAssets,CommonStockEquity,CurrentAssets,CurrentLiability,TotalLiability,Inventory,RetainedEarnings,MarketCap,EnterpriseValue,bookValuePerShare,currentRatio,debtToAssets,debtToEquity,roic,shareholdersEquityPerShare,roe,priceToSalesRatio,peRatio,pbRatio,payoutRatio,inventoryTurnover,dividendYield,assetTurnover,quickRatio,returnOnAssets,priceToFreeCashFlowsRatio,grossProfitMargin,epsdilutedGrowth,fiveYNetIncomeGrowthPerShare,fiveYRevenueGrowthPerShare,fiveYShareholdersEquityGrowthPerShare,grossProfitGrowth,netIncomeGrowth,operatingIncomeGrowth,threeYNetIncomeGrowthPerShare,threeYRevenueGrowthPerShare,threeYShareholdersEquityGrowthPerShare,Industry,Sector,Symbol
2023Q1,2023,Q1,2023-05-22,2023-03-31,-792852.0,0.0,-2271372.0,-0.14,0.0,0.0,237367590.0,228577092.0,282324.0,6546498.0,8790498.0,0.0,-8408749.0,2530000.0,2949941.0,9.938134434782608,0.043125958336808476,0.001818664460468255,0.0018886057050721426,-0.005132603774420045,9.938134434782608,-0.0034686415557338528,0.0,-0.7977529223612981,0.011068475750842084,-2.9882247884851143,0.0,0.9364505928853756,0.0,0.0017950055128711565,-0.003340186417193687,17.203628401626524,0.0,-1.0000000181025899,0.0,0.0,0.0,1.0,-1.3015267785224178,0.03844082744046168,0.0,0.0,0.0,Shell Companies,Financial Services,WWACW
2022Q4,2022,Q4,2023-03-31,2022-12-31,2629458.0,0.0,-2362176.0,7733700.0,-4463907.0,0.0,235076820.0,230109204.0,360774.0,4010139.0,4967616.0,0.0,-4507417.0,1414500.0,1566374.0,10.004748,0.08996546005013792,0.0008507857133680811,0.0008691525437635254,-0.20180293579340225,10.004748,0.01142700054709676,0.0,0.13448589024810437,0.006147081365767534,0.9109109177632805,0.0,1.6933206079886884,0.0,0.012001080261806386,0.011185526501507038,-38.351001816555055,0.0,237959999.0,1.4931846772134911,0.0,0.08460981287425309,0.0,2.5140920080025553,-0.6353904809642131,1.4931846772134911,0.0,0.08460981287425309,Shell Companies,Financial Services,WWACW
2022Q3,2022,Q3,2022-11-22,2022-09-30,748261.0,0.0,-1444411.0,0.0325,0.0,0.0,233951857.0,229975563.0,489962.0,1796857.0,3976294.0,0.0,-3367201.0,2070023.0,2178515.0,9.99893752173913,0.2726772358623975,0.0008632630772407163,0.0008781889578415772,0.013489881956864671,9.99893752173913,0.0032536543893578814,0.0,0.6916112826941401,0.009001056342668895,0.0,0.0,0.0,0.0,0.05201860804727366,0.003198354608486822,-46.031198576829,0.0,-0.9409090909090909,1996.362666666667,0.0,35512.97699197035,0.0,-0.9408183688856862,0.8908464272163036,1996.362666666667,0.0,35512.97699197035,Shell Companies,Financial Services,WWACW
2022Q2,2022,Q2,2022-08-23,2022-06-30,12643467.0,0.0,-13232833.0,0.55,0.0,0.0,233156879.0,222476096.0,556685.0,514586.0,10680783.0,0.0,-9909550.0,1998700.0,2062222.0,9.672873739130434,1.0818113979004482,0.0008662064823744702,0.0009077919094732767,-0.12168789746957102,9.672873739130434,0.05683067631679405,0.0,0.039520410026775095,0.00898388652055455,0.0,0.0,0.0,0.0,0.2690318042076543,0.05422729560554806,-14.635200046863101,0.0,0.5714285714285716,407.52927558599396,0.0,36466.51319455827,0.0,0.5879469444610856,-35.49057597542446,407.52927558599396,0.0,36466.51319455827,Shell Companies,Financial Services,WWACW
2022Q1,2022,Q1,2022-05-16,2022-03-31,7962147.0,0.0,-362637.0,0.35,0.0,0.0,233305468.0,215958267.0,694768.0,795804.0,17347201.0,0.0,-16342308.0,9197700.0,9165254.0,9.389489869565217,0.8730390900271926,0.0009539510664190691,0.0010305787460315192,-0.0035150340115031654,9.389489869565217,0.036868915048294953,0.0,0.28879459271475394,0.042590173220828816,0.0,0.0,0.0,0.0,0.3204407115319853,0.03412756275390854,-40.30614033550106,0.0,2.5217391304347823,0.0,0.0,0.0,0.0,2.4933909946922017,0.417621807565005,0.0,0.0,0.0,Shell Companies,Financial Services,WWACW
2021Q4,2021,Q4,2022-04-01,2021-12-31,-5331589.0,0.0,-622683.0,-0.23,0.0,0.0,233526968.0,212158512.0,903277.0,735019.0,21368456.0,0.0,-20142063.0,13800000.0,13505257.0,9.224283130434783,1.2289165314093922,0.0008926634974338382,0.0009825719365905055,-0.005250951672476528,9.224283130434783,-0.025130214902713874,0.0,-0.6470866377734668,0.06504570507168715,-0.003909528660217433,0.0,0.0015104347826086957,0.0,0.6846135950227137,-0.022830720775683603,-16.438082033176336,0.0,-11499.0,0.0,0.0,0.0,0.0,-14216.570666666667,-1659.488,0.0,0.0,0.0,Shell Companies,Financial Services,WWACW
2021Q3,2021,Q3,2021-12-06,2021-09-30,-375.0,0.0,-375.0,-2e-05,0.0,0.0,714684.0,-6476.0,265.0,721160.0,721160.0,0.0,-31476.0,12088799.999999998,12263139.999999998,-0.00028156521739130434,0.000367463530977869,0.24431077231335807,-26.961859172328598,-0.0022304302053780135,-0.00028156521739130434,0.057906114885731934,0.0,-8059.2,-1866.707844348363,,0.0,,0.0,0.000367463530977869,-0.0005247074231408567,0.0,0.0,0.9851851851851852,0.0,0.0,0.0,0.0,0.9879425098871419,0.9879425098871419,0.0,0.0,0.0,Shell Companies,Financial Services,WWACW
2021Q2,2021,Q2,2021-06-30,2021-06-30,-31101.0,0.0,-31101.0,-0.00135,0.0,0.0,636692.0,-6101.0,44515.0,642793.0,642793.0,0.0,-31101.0,12088799.999999998,12218889.999999998,-0.0002652608695652174,0.06925246541266006,0.2742377790203112,-28.619078839534502,-0.18457128614157528,-0.0002652608695652174,5.097688903458449,0.0,-97.17372431754605,-1981.4456646451401,0.0,0.0,0.0,0.0,0.06925246541266006,-0.04884779453801838,-780.6780755569905,0.0,0.0,0.0,0.0,0.0,0.0,0.0,0.0,0.0,0.0,0.0,Shell Companies,Financial Services,WWACW
2021Q1,2021,Q1,2021-03-31,2021-03-31,,,,,,,64319.0,12462.0,12462.0,51857.0,51857.0,0.0,-12538.0,0.0,0.0,0.0,0.24031471161077578,0.0,0.0,,0.0,,0.0,0.0,0.0,0.0,0.0,,,0.0,,0.0,0.0,0.0,0.0,0.0,0.0,0.0,0.0,0.0,0.0,0.0,0.0,Shell Companies,Financial Services,WWACW
