Quarters,Year,Quarter,FillingDate,Date,NetIncome,Revenue,OperatingIncome,EPSDiluted,GrossProfit,GrossProfitRatio,TotalAssets,CommonStockEquity,CurrentAssets,CurrentLiability,TotalLiability,Inventory,RetainedEarnings,MarketCap,EnterpriseValue,bookValuePerShare,currentRatio,debtToAssets,debtToEquity,roic,shareholdersEquityPerShare,roe,priceToSalesRatio,peRatio,pbRatio,payoutRatio,inventoryTurnover,dividendYield,assetTurnover,quickRatio,returnOnAssets,priceToFreeCashFlowsRatio,grossProfitMargin,epsdilutedGrowth,fiveYNetIncomeGrowthPerShare,fiveYRevenueGrowthPerShare,fiveYShareholdersEquityGrowthPerShare,grossProfitGrowth,netIncomeGrowth,operatingIncomeGrowth,threeYNetIncomeGrowthPerShare,threeYRevenueGrowthPerShare,threeYShareholdersEquityGrowthPerShare,Industry,Sector,Symbol
2024Q1,2024,Q1,2023-06-07,2023-04-29,-6635000.0,179688000.0,-9459000.0,-0.81,66029000.0,0.3674647166,534430000.0,159962000.0,219083000.0,162194000.0,374468000.0,114322000.0,324415000.0,141221320.0,309888320.0,19.55047665607431,1.3507466367436527,0.4815859888105084,1.6089696302871932,-0.010929201050447257,19.55047665607431,-0.041478601167777344,0.7859251591647745,-5.321074604370761,0.8828429251947338,0.0,0.9942005913122584,0.0,0.3362236401399622,0.5469191215458031,-0.012415096457908425,-10.083635844341307,0.367464716619919,-2.0,-1.9746622097135265,0.41301603131287934,0.2254981142978748,-0.2023556414592897,-1.9996986590326955,-2.278243243243243,0.5946532335658989,0.974980857497714,0.42715281717474035,Apparel Retail,Consumer Cyclical,CTRN
2023Q4,2023,Q4,2023-04-13,2023-01-28,6637000.0,209461000.0,7400000.0,0.81,82780000.0,0.3952048353,544258000.0,166444000.0,222881000.0,160553000.0,377814000.0,105794000.0,331050000.0,261938599.99999997,426043600.0,20.410055180870632,1.3882082552179031,0.4916785789092673,1.6077479512628872,0.008584519954996279,20.410055180870632,0.03987527336521593,1.2505363767001971,9.866603887298478,1.5737341087693157,0.0,1.1974308561922227,0.0,0.3848560792859269,0.6484463074498764,0.012194584186176409,10.174743629583592,0.3952048352676632,-0.7317880794701986,1.104517895075835,0.6427305583554571,0.3220330966737293,0.08093285628476665,-0.7300715796323409,1.8287461773700306,-0.03239006090992542,0.36353271890231376,0.3366937053396368,Apparel Retail,Consumer Cyclical,CTRN
2023Q3,2023,Q3,2022-12-08,2022-10-29,24588000.0,192323000.0,2616000.0,3.02,76582000.0,0.3981947037,546855000.0,158462000.0,219185000.0,163759000.0,388393000.0,128511000.0,324413000.0,183351108.18,376304108.18,19.454366299756497,1.338460786888049,0.4950562763438206,1.7084474511239287,0.002898343773612501,19.454366299756497,0.1551665383498883,0.9533498758858795,1.8642336523914105,1.1570667300677766,0.0,0.9006310743827377,0.0,0.35168920463376946,0.4749113025848961,0.04496255863071564,12.785099238546824,0.39819470370158533,10.741935483870968,62.28002489423216,0.8098623935900783,0.2870821835633951,0.08745722278232963,10.695583596214512,1.7860576923076923,33.40332603760201,0.5009186705080505,0.25311245835229257,Apparel Retail,Consumer Cyclical,CTRN
2023Q2,2023,Q2,2022-09-08,2022-07-30,-2536000.0,185012000.0,-3328000.0,-0.31,70423000.0,0.3806401747,501539000.0,133610000.0,187743000.0,165505000.0,367929000.0,142101000.0,299825000.0,200689923.7,420542923.7,16.364218688474192,1.1343645207093442,0.49401342667270143,1.8544046104333507,-0.003938563610432806,16.364218688474192,-0.01898061522341142,1.0847400368624738,-19.784101311119873,1.502057658109423,0.0,0.8063912287739002,0.0,0.36888856100921363,0.17244192018368026,-0.005056436289102143,-6.751099125374238,0.38064017469137135,-1.0863509749303621,-20.271864092667876,0.9608504564301983,0.1474228381451881,-0.13276439584256933,-1.0839651690229448,-1.7031481090217622,-10.789347781342274,0.47264578068825297,0.03756481566942559,Apparel Retail,Consumer Cyclical,CTRN
2023Q1,2023,Q1,2022-06-09,2022-04-30,30203000.0,208215000.0,4733000.0,3.59,81204000.0,0.3900007204,523228000.0,141179000.0,207726000.0,176038000.0,382049000.0,129715000.0,302361000.0,235143790.0,424252790.0,16.79302961817533,1.180006589486361,0.4792671646012828,1.7762273425934452,0.005619892176980234,16.79302961817533,0.21393408368100073,1.129331652378551,1.9463612058404793,1.6655720043349225,0.0,0.9791542998111243,0.0,0.3979431528893714,0.3502482418568718,0.05772435725916809,-8.744330445130341,0.3900007204091924,2.0948275862068964,4.948200231661896,0.8231273352074575,0.06989426846812592,-0.16555515593690592,2.069722532777721,-0.6236781426413294,4.524524192272819,0.44664211795098757,0.0554415016991311,Apparel Retail,Consumer Cyclical,CTRN
2022Q4,2022,Q4,2022-04-14,2022-01-29,9839000.0,240974000.0,12577000.0,1.16,97315000.0,0.4038402483,474025000.0,116143000.0,192607000.0,187474000.0,357882000.0,123835000.0,272158000.0,401543120.0,567862120.0,13.819966682532128,1.0273797966651375,0.45589789568060757,1.8606975883178496,0.0180850472768552,13.819966682532128,0.08471453294645394,1.666333795347216,10.202843784937492,3.4573165838664406,0.0,1.1600839827189404,0.0,0.508357154158536,0.2868397751154827,0.020756289225251832,37.99972745339264,0.4038402483255455,0.1262135922330096,2.0966918370059733,1.2690315365476301,-0.09264187333313217,0.059061030820128854,0.0915242955402707,0.08469167744717551,0.9834422796199056,0.7742365575284831,-0.08220821503280036,Apparel Retail,Consumer Cyclical,CTRN
2022Q3,2022,Q3,2021-12-08,2021-10-30,9014000.0,227959000.0,11595000.0,1.03,91888000.0,0.4030900293,467569000.0,109260000.0,193776000.0,192916000.0,358309000.0,126899000.0,262319000.0,673496160.0,872004160.0,12.549965541006202,1.0044578987745962,0.4502672332853547,1.9268808347062054,0.01710936473247681,12.549965541006202,0.0825004576240161,2.9544618111151566,18.679170179720437,6.164160351455244,0.0,1.0722779533329656,0.0,0.48754087631985865,0.25805013581040454,0.019278438048715804,-62.60421639709983,0.40309002934738264,-0.24264705882352944,19.177322299860293,1.39120196925215,-0.1564656659796667,-0.0501452361508802,-0.27830264211369093,-0.2913458012467913,27.150453687384736,0.9082202098300498,-0.18136941750555444,Apparel Retail,Consumer Cyclical,CTRN
2022Q2,2022,Q2,2021-09-08,2021-07-31,12490000.0,237281000.0,16362000.0,1.36,96739000.0,0.407698045776948,496211000.0,142374000.0,233684000.0,194896000.0,353837000.0,113186000.0,253305000.0,724768000.0,851754000.0,15.666153169014084,1.199018963960266,0.4105854162846047,1.4309986373916586,0.022819970603091627,15.666153169014084,0.08772669167123211,3.0544712808863754,14.506965572457968,5.090592383440797,0.0,1.2416906684572298,0.0,0.47818569116766857,0.5200414580083736,0.025170743897253385,-65.888,0.407698045776948,-0.5789473684210525,169.08175616197184,1.467732119730283,0.047569957118093566,-0.2043835841763303,-0.5957536330388064,-0.5804722955821645,4.6562472788819464,0.9100036469496929,0.03778472668235696,Apparel Retail,Consumer Cyclical,CTRN
2022Q1,2022,Q1,2021-06-09,2021-04-30,30897000.0,285381000.0,39001000.0,3.23,121590000.0,0.4260620013245451,509177000.0,147993000.0,252369000.0,210355000.0,361184000.0,101803000.0,240815000.0,988470000.0,1054698000.0,15.660634920634921,1.1997290294977538,0.38788869096600986,1.3345496070760103,0.056963251723305526,15.660634920634921,0.20877338793051023,3.463685389006276,7.998106612292455,6.679167257910847,0.0,1.6089015058495328,0.0,0.560475041095729,0.6240688360153075,0.060680274246480106,17.71356378689318,0.4260620013245451,0.7845303867403314,4.461305994756835,1.2756252889027893,0.03959729097525554,0.12954619350643318,0.7128839117418783,0.6456812523735179,2.9296799403128517,0.9430355044326384,-0.018331936271099115,Apparel Retail,Consumer Cyclical,CTRN
2021Q4,2021,Q4,2021-04-14,2021-01-30,18038000.0,251919000.0,23699000.0,1.81,107645000.0,0.42730004485568773,494593000.0,163634000.0,244442000.0,182845000.0,330959000.0,103845000.0,209918000.0,582448000.0,652082000.0,16.575567260940034,1.3368809647515656,0.3898377049412345,1.1783064644267083,0.032896311810442745,16.575567260940034,0.1102338144884315,2.312044744540904,8.072513582437077,3.559455858806849,5.5438518682780794e-05,1.3893206220809862,1.7168914649891492e-06,0.5093460683834992,0.673668954579015,0.03647039080617801,13.625470793272042,0.42730004485568773,1.7014925373134329,6.710291325743714,1.123513115461442,0.1442494413714694,0.2926758973496812,1.5898061737257718,1.5373661670235546,3.724849794541853,0.6320854978780215,0.07365944486238647,Apparel Retail,Consumer Cyclical,CTRN
2021Q3,2021,Q3,2020-12-08,2020-10-31,6965000.0,199100000.0,9340000.0,0.67,83273000.0,0.4182471120040181,481921000.0,160933000.0,229741000.0,169966000.0,320988000.0,114405000.0,191881000.0,270630150.0,370610150.0,15.526579835986492,1.3516879846557546,0.40824533481628733,1.2225087458756128,0.012822210523198707,15.526579835986492,0.04327888003082028,1.3592674535409341,9.71393216080402,1.681632418459856,0.0,1.0124295266815262,0.0,0.4131382529501723,0.5763505642304931,0.014452576252124311,169.03819487820112,0.4182471120040181,-0.6473684210526316,15.477565598331896,0.819644497087972,0.08000510975053303,-0.06439036447800099,-0.6494186339155383,1.353145795523291,13.086506351254927,0.4723949832896468,0.027223604750518538,Apparel Retail,Consumer Cyclical,CTRN
2021Q2,2021,Q2,2020-09-08,2020-08-01,19867000.0,216151000.0,-26448000.0,1.9,89004000.0,0.41176769943234126,500824000.0,163457000.0,259193000.0,154118000.0,337367000.0,94545000.0,184916000.0,179966220.0,261479220.0,15.640321500334895,1.681782789810405,0.455756912608022,1.396416182849312,-0.03482830053729568,15.640321500334895,0.12154266871409607,0.8325948989363917,2.2646375899733227,1.101000385422466,0.0,1.3448305039928077,0.0,0.43159073846301294,0.9590119259268872,0.03966862610418031,4.420145400957878,0.41176769943234126,1.95,177.1627967552281,1.0407060892447506,0.06395362461898325,1.8029224664609182,1.950938158146659,0.040139362705959206,131.18904274368822,0.7897306115145563,0.09666476762849786,Apparel Retail,Consumer Cyclical,CTRN
2021Q1,2021,Q1,2020-06-11,2020-05-02,-20892000.0,116124000.0,-27554000.0,-2.0,31754000.0,0.2734490716819951,486843000.0,143058000.0,240158000.0,165189000.0,343785000.0,121885000.0,165049000.0,114873000.0,234444000.0,13.698937087043953,1.4538377252722638,0.4677093025883088,1.591669113226803,-0.03773347806422433,13.698937087043953,-0.14603866963049952,0.9892270331714375,-1.374605112004595,0.8029820072977394,-0.03977599080987938,0.6922098699593879,0.007234075892507377,0.23852453460355802,0.6551283681116782,-0.04291321842976072,12.996153411019346,0.2734490716819951,-3.380952380952381,-3.6776020365033557,-0.13877269557751248,-0.0690886923252823,-0.6206303314138253,-3.2173636170664404,-3.448373911498134,-4.312312347052568,-0.18145464947366682,-0.1272322739387698,Apparel Retail,Consumer Cyclical,CTRN
2020Q4,2020,Q4,2020-05-14,2020-02-01,9422000.0,211013000.0,11254000.0,0.84,83702000.0,0.3966675038978641,459145000.0,171044000.0,201207000.0,150862000.0,288101000.0,138258000.0,186772000.0,260894580.0,419231580.0,15.269059096589894,1.3337155811271229,0.3882433653856625,1.0421879750239704,0.01736266317105049,15.269059096589894,0.055085241224480254,1.2363910280409265,6.922484079813203,1.525306821636538,0.09711313946083634,0.9208219415874669,0.003507163698072992,0.45957812891352406,0.32261934748313026,0.020520750525433142,24.729344075829385,0.3966675038978641,10.333333333333332,1.6978910670356968,0.5587079381916419,0.08662877951394408,0.22244453856377153,9.691881918819188,8.086901763224182,1.2247468679177302,0.49063060144536585,0.002499150403816133,Apparel Retail,Consumer Cyclical,CTRN
2020Q3,2020,Q3,2019-12-06,2019-11-02,-1084000.0,183050000.0,-1588000.0,-0.09,68471000.0,0.37405626877902215,442250000.0,180647000.0,208205000.0,139197000.0,261603000.0,135395000.0,178265000.0,210029800.0,348442800.0,15.524836713647302,1.4957578108723608,0.3666342566421707,0.8975737211246243,-0.0028268124621593496,15.524836713647302,-0.006000653207636993,1.1473903305107893,-48.43860701107011,1.1626531301377825,-0.8653136531365314,0.8462572473134163,0.004466032915329158,0.4139061616732617,0.4237447646141799,-0.002451102317693612,-55.15488445378151,0.37405626877902215,-4.0,0.3675982992955163,0.5041233255781127,0.13448429011595828,0.0037086985839514496,-3.8753315649867375,-11.586666666666666,-0.6355227383750479,0.43662758113269856,0.043487550243180774,Apparel Retail,Consumer Cyclical,CTRN
2020Q2,2020,Q2,2019-09-09,2019-08-03,377000.0,182830000.0,150000.0,0.03,68218000.0,0.37312257288191214,447648000.0,187400000.0,214970000.0,140277000.0,260248000.0,132050000.0,180287000.0,178230000.0,310883000.0,15.771755596700892,1.5324679027923322,0.35759793409107155,0.854204909284952,0.00021262648324173937,15.771755596700892,0.0020117395944503737,0.9748400153147733,118.1896551724138,0.9510672358591249,2.5305039787798407,0.8679439606209769,0.005352634236660494,0.40842358281506896,0.47975790756859643,0.0008421795696618772,35.070838252656436,0.37312257288191214,-0.9538461538461538,1.184196035475898,0.5889442726268161,0.14401370479875275,-0.1116753913066125,-0.9515921931176169,-0.9828237718996908,4.880415754923414,0.4543243627641548,0.054631418183228676,Apparel Retail,Consumer Cyclical,CTRN
2020Q1,2020,Q1,2019-06-10,2019-05-04,7788000.0,205032000.0,8733000.0,0.65,76794000.0,0.3745464122673534,437548000.0,190549000.0,217891000.0,130040000.0,246999000.0,131254000.0,180864000.0,233532000.0,360196000.0,15.910905143620575,1.6755690556751768,0.356870560487078,0.8194637599777485,0.01490584126244525,15.910905143620575,0.04087137691617379,1.1390026922626713,7.49653312788906,1.2255745241381482,0.12300975860297894,0.9770216526734423,0.0041022215370912765,0.46859316006472435,0.5584358658874192,0.017799190031722235,35.33010590015129,0.3745464122673534,0.10169491525423738,0.06731239767783169,0.3568457121032978,0.13909779397747724,0.023060629071579873,0.06002449979583503,-0.009302325581395349,0.08624092639898087,0.29008214702774976,0.056210937046835774,Apparel Retail,Consumer Cyclical,CTRN
2019Q4,2019,Q4,2019-04-17,2019-02-02,7347000.0,201158000.0,8815000.0,0.59,75063000.0,0.3731544358166218,297989000.0,187425000.0,225598000.0,102369000.0,110564000.0,139841000.0,176094000.0,253794330.0,235931330.0,15.057845263919017,2.203772626478719,0.0,0.0,0.037768628054566454,15.057845263919017,0.03919967987194878,1.261666600383778,8.635985095957535,1.3541114045618248,0.1385599564448074,0.9017026480073798,0.004011121919075182,0.6750517636557054,0.6663443034512401,0.024655272510059095,21.40640435222672,0.3731544358166218,15.75,4.973136336976631,0.5241724911717199,0.12249928867255376,0.15581116038433113,15.519762845849803,9.6,1.4907658471920944,0.3448436297512594,0.03947760943900373,Apparel Retail,Consumer Cyclical,CTRN
2019Q3,2019,Q3,2018-12-10,2018-11-03,-506000.0,175364000.0,-1025000.0,-0.04,64944000.0,0.37033826783148194,300208000.0,195923000.0,226298000.0,96284000.0,104285000.0,139699000.0,169765000.0,329340600.0,300962600.0,15.330438184663537,2.350317809812638,0.0,0.0,-0.003562871394480111,15.330438184663537,-0.0025826472644865585,1.878039962592094,-162.71768774703557,1.6809695645738376,-2.0217391304347827,0.7904136751157846,0.0031062067658831007,0.5841416617811651,0.7406941963358398,-0.001685498054682087,-100.68498929990828,0.37033826783148194,-1.1666666666666665,0.6491794333250968,0.39849318820022545,0.1550121883542446,-0.09297356182176227,-1.1564142194744977,-1.277176852352623,-1.9708695895969375,0.2998528299463111,0.06636179693461433,Apparel Retail,Consumer Cyclical,CTRN
2019Q2,2019,Q2,2018-09-06,2018-08-04,3235000.0,181999000.0,3698000.0,0.24,71601000.0,0.3934142495288436,310782000.0,200985000.0,233503000.0,101459000.0,109797000.0,138801000.0,171293000.0,378783300.0,337791300.0,15.09576385759351,2.301451817975734,0.0,0.0,0.014795427325294909,15.09576385759351,0.016095728536955494,2.081238358452519,29.27227975270479,1.88463467422942,0.3341576506955178,0.7953689094458973,0.002853874497634928,0.5856162840833767,0.7589371076001143,0.010409225759535623,8608.711363636363,0.3934142495288436,-0.7108433734939759,1.6547073130424699,0.46803398972669114,0.13144651655268544,-0.12274102843700609,-0.7136407895901566,-0.7288856304985337,21.772374109124897,0.3487812131721542,0.02690936834865916,Apparel Retail,Consumer Cyclical,CTRN
2019Q1,2019,Q1,2018-06-11,2018-05-05,11297000.0,211032000.0,13640000.0,0.83,81619000.0,0.386761249478752,316251000.0,216611000.0,229185000.0,91315000.0,99640000.0,125331000.0,169139000.0,406253760.0,352275760.0,15.953085874208279,2.5098286152329847,0.0,0.0,0.05118523298155266,15.953085874208279,0.05215339941184889,1.9250813146821335,8.990301850048686,1.8754992128746923,0.0960431973090201,1.0325697552879973,0.0026707445120015623,0.667292751643473,0.9580244209604117,0.035721626176676124,47.6544,0.386761249478752,1.1842105263157894,0.9912032758262902,0.2609638973441524,0.1638909936959784,0.010386234216390195,1.1530398322851152,0.40517152570310083,0.11357280140471203,0.20374249300512223,0.08409199474693861,Apparel Retail,Consumer Cyclical,CTRN
2018Q4,2018,Q4,2018-04-18,2018-02-03,5247000.0,212143000.0,9707000.0,0.38,80780000.0,0.38078088836303814,327071000.0,209468000.0,233346000.0,109170000.0,117603000.0,137701000.0,158927000.0,306636800.0,258185800.0,15.438384433962264,2.1374553448749656,0.0,0.0,0.02447431448763594,15.438384433962264,0.025049172188592053,1.4454250199158114,14.610101010101012,1.4638837435789716,0.20697541452258433,0.953972738033856,0.0035416492736683918,0.6486145210061424,0.7323532105889896,0.016042388349930138,19.980243695836318,0.38078088836303814,6.6,9.07440185546875,0.30839137393447935,0.1579713977823827,0.20839503956678485,7.109737248840804,11.856953642384106,0.2404295621121336,0.2937905502073103,0.09867888577955007,Apparel Retail,Consumer Cyclical,CTRN
2018Q3,2018,Q3,2017-12-04,2017-10-28,647000.0,176943000.0,755000.0,0.05,66849000.0,0.37779963038944747,312673000.0,205006000.0,214814000.0,98881000.0,107667000.0,133245000.0,154766000.0,297843480.0,262977480.0,15.115092531150925,2.172449712280418,0.0,0.0,0.0025538948751548315,15.115092531150925,0.003156005190091997,1.68327359658195,115.08635239567234,1.4528525018779939,1.6754250386398764,0.826252392209839,0.003639495482660893,0.5659043153710106,0.6703916829320092,0.0020692544607305396,104.10467668647325,0.37779963038944747,6.0,1.1892274291544365,0.28520490235790535,0.13168501290466822,0.04410777040218664,4.080952380952381,2.5894736842105264,1.323829178779751,0.247369297302595,0.10454205326138864,Apparel Retail,Consumer Cyclical,CTRN
2018Q2,2018,Q2,2017-08-28,2017-07-29,-210000.0,166200000.0,-475000.0,-0.01,64025000.0,0.3852286401925391,309664000.0,205112000.0,211636000.0,95847000.0,104552000.0,131989000.0,155203000.0,323019720.0,292824720.0,14.261716033931304,2.2080607635085086,0.0,0.0,-0.0016374399638177475,14.261716033931304,-0.0010238308826397285,1.9435602888086643,-384.5472857142857,1.5748455477982761,-5.623809523809523,0.7741175400980385,0.0036561235332629224,0.5367107574661568,0.6762235646394775,-0.0006781543866900899,-18.15635546062616,0.3852286401925391,-1.0166666666666666,0.9729654181291284,0.28147968179438604,0.05145239906077725,-0.1745632695158899,-1.0236220472440944,-1.0371674491392802,0.9152326733866474,0.193335305688031,0.034482083920853654,Apparel Retail,Consumer Cyclical,CTRN
2018Q1,2018,Q1,2017-05-30,2017-04-29,8890000.0,199955000.0,12780000.0,0.6,77565000.0,0.3879122802630592,340431000.0,231029000.0,245612000.0,101142000.0,109402000.0,124533000.0,156594000.0,276570010.0,203533010.0,15.695971193695224,2.42838781119614,0.0,0.0,0.038036555471911294,15.695971193695224,0.03848001766012059,1.383161261283789,7.777559336332959,1.197122482458912,0.09910011248593925,0.9827917098279171,0.0031854502228929305,0.5873583780560525,1.0601530521445097,0.026113955544589066,13.232381704224679,0.3879122802630592,0.5789473684210525,-0.12511188080406474,0.0057334048878906925,0.11369997232271456,0.09727114543988456,0.6018018018018018,0.610383064516129,-0.00870970511420252,0.07665005991831698,0.12371018491307419,Apparel Retail,Consumer Cyclical,CTRN
2017Q4,2017,Q4,2017-04-03,2017-01-28,5550000.0,185511000.0,7936000.0,0.38,70689000.0,0.3810501803127577,332514000.0,223591000.0,237312000.0,100409000.0,108923000.0,134649000.0,148585000.0,239871200.0,190618200.0,15.230994550408719,2.36345347528608,0.0,0.0,0.024440229636324293,15.230994550408719,0.024822108224391858,1.2930295238557283,10.805009009009009,1.0728124119486027,0.1589189189189189,0.8527504845932758,0.003676973309009168,0.5579043288402894,0.8855182304375105,0.016691026543243292,16.882826576576576,0.3810501803127577,7.333333333333334,2.0385239451349713,0.0344481871758428,0.13222568105358512,0.1717056190949776,7.638755980861244,5.988057825267128,2.825815346272238,0.19180474588320431,0.13540684267595207,Apparel Retail,Consumer Cyclical,CTRN
2017Q3,2017,Q3,2016-12-05,2016-10-29,-836000.0,160716000.0,-1591000.0,-0.06,60330000.0,0.3753826625849324,313282000.0,218362000.0,220410000.0,86790000.0,94920000.0,130752000.0,143917000.0,288256280.0,251300280.0,14.877836070041562,2.5395782924300034,0.0,0.0,-0.004104549454723555,14.877836070041562,-0.003828504959654152,1.793575499639115,-86.20104066985647,1.320084446927579,-1.0526315789473684,0.7677588105726872,0.003052838952892891,0.5130074501567278,0.8654338057379882,-0.0026685222898219494,-737.2283375959079,0.3753826625849324,-4.999999999999999,0.876981510159552,0.11762136227359965,0.07289472998008202,0.003392874962578585,-5.966666666666667,-4.827838827838828,0.4952987667779519,0.11602156545059476,0.12091264386853955,Apparel Retail,Consumer Cyclical,CTRN
2017Q2,2017,Q2,2016-08-29,2016-07-30,-120000.0,155276000.0,-273000.0,-0.01,60126000.0,0.3872201756871635,313439000.0,219476000.0,226078000.0,86550000.0,93963000.0,132093000.0,145633000.0,244795680.0,205189680.0,14.954756064322703,2.61210860774119,0.0,0.0,-0.0008338805143912604,14.954756064322703,-0.0005467568207913393,1.5765197454854583,-509.99100000000004,1.115364231168784,-7.333333333333333,0.7203258310432801,0.003594834680089126,0.4953946381911632,0.9132524552281918,-0.00038284961348141106,-16.200905360688285,0.3872201756871635,-1.0166666666666666,0.9881022958020651,0.18579452697687823,0.04596152876473103,-0.20743972687607926,-1.0137346915417191,-1.0212170669153648,0.9779679452284399,0.13624580715452733,0.12087780482613159,Apparel Retail,Consumer Cyclical,CTRN
2017Q1,2017,Q1,2016-05-31,2016-04-30,8737000.0,193672000.0,12867000.0,0.6,75863000.0,0.391708662067826,313479000.0,219846000.0,230113000.0,86972000.0,93633000.0,123330000.0,146633000.0,262108240.0,209076240.0,15.064135946279293,2.6458285425194314,0.0,0.0,0.039474548896510184,15.064135946279293,0.03974145538240405,1.353361559750506,7.499949639464347,1.1922356558681986,0.09969096944031132,0.9552339252412227,0.003323054628118521,0.6178149094516698,1.0721496573609897,0.027871085463460073,15.324382600561272,0.391708662067826,1.5,-0.27949614053281574,0.021003413013828128,0.00650256654202111,0.12328057213083199,1.5164170506912442,1.1826972010178116,0.43276930053215407,0.07667006263969538,0.09903577865347915,Apparel Retail,Consumer Cyclical,CTRN
2016Q4,2016,Q4,2016-04-13,2016-01-30,3472000.0,176063000.0,5895000.0,0.24,67537000.0,0.383595644740803,314508000.0,212234000.0,227128000.0,95658000.0,102274000.0,137020000.0,138725000.0,302689660.0,263573660.0,14.485973653675517,2.374375378954191,0.0,0.0,0.01615107728920635,14.485973653675517,0.01635930152567449,1.7192122138098294,21.795050403225808,1.4262072052545776,0.25547235023041476,0.7920449569405926,0.002930394120499524,0.559804520075801,0.7638880177298292,0.011039464814885472,60.45329738366287,0.383595644740803,4.999999999999999,-0.6330397311026177,0.012818964314767934,0.025598220631896804,0.10045297529818158,4.6547231270358305,4.051413881748072,5.947975937106372,0.005600846728529344,0.08653487881052002,Apparel Retail,Consumer Cyclical,CTRN
2016Q3,2016,Q3,2015-12-07,2015-10-31,614000.0,158937000.0,1167000.0,0.04,61372000.0,0.3861404204181531,312929000.0,216451000.0,223409000.0,90253000.0,96478000.0,129433000.0,136160000.0,400037920.0,358452920.0,14.376394792773645,2.4753636998216124,0.0,0.0,0.002836669731255572,14.376394792773645,0.002836669731255573,2.516959046666289,162.88188925081434,1.8481685000300299,0.0,0.7537876739316867,0.0,0.5079011532967542,0.8417227128184105,0.001962106420306204,-364.66537830446674,0.3861404204181531,3.0,2.502793294205861,0.09448373536728193,0.06542636780755,0.0110874973228554,2.7901234567901234,2.103723404255319,1.161768640319384,0.0399444802319286,0.07637783182950966,Apparel Retail,Consumer Cyclical,CTRN
2016Q2,2016,Q2,2015-08-31,2015-08-01,162000.0,153878000.0,376000.0,0.01,60699000.0,0.39446184639779563,316049000.0,223193000.0,224450000.0,86816000.0,92856000.0,126346000.0,136478000.0,361507230.0,307127230.0,14.700191003095567,2.585352930335422,0.0,0.0,0.0007033808888345489,14.700191003095567,0.0007258292150739494,2.3493106876876486,557.8815277777777,1.6197068456448007,0.0,0.737490700140883,0.0,0.48688019895649093,0.9117904533726502,0.0005125787457008248,-27.445128302459764,0.39446184639779563,-0.9864864864864865,1.2731438356808835,0.14000011635095994,0.09099926580936384,-0.21581572011782338,-0.9856370245589148,-0.9775910364145658,1.0197550015987913,0.12387738078938801,0.08377919319683873,Apparel Retail,Consumer Cyclical,CTRN
2016Q1,2016,Q1,2015-06-09,2015-05-02,11279000.0,194913000.0,16779000.0,0.74,77404000.0,0.39712076670104096,313921000.0,222147000.0,241632000.0,86220000.0,91774000.0,116152000.0,136316000.0,347962800.0,261154800.0,14.715620031796503,2.8025052192066804,0.0,0.0,0.05074546745867615,14.715620031796503,0.05077268655439866,1.7852210986440105,7.712625232733399,1.5663628138124754,0.0,1.0116829671464977,0.0,0.6208982514709115,1.2469844583623289,0.035929421733493457,20.290559216280833,0.39712076670104096,1.3870967741935483,-0.13227429491551815,0.029047666043021232,0.08932039556872219,0.1454362495560554,1.413652899636208,2.232947976878613,0.08227536429820903,-0.04411019226563033,0.044139634297138367,Apparel Retail,Consumer Cyclical,CTRN
2015Q4,2015,Q4,2015-04-15,2015-01-31,4673000.0,181143000.0,5190000.0,0.31,67576000.0,0.3730533335541533,318373000.0,210622000.0,241357000.0,102002000.0,107751000.0,131057000.0,125037000.0,343098210.0,268584210.0,14.051771298952564,2.3661987019862356,0.0,0.0,0.022169579778897695,14.051771298952564,0.022186666160230177,1.8940737980490552,18.355350417290822,1.6289761278498924,0.0,0.8665466171207947,0.0,0.5689647049215857,0.8954432266033999,0.01467775219632318,38.855969422423556,0.3730533335541533,3.0666666666666664,-0.6009801612048166,0.02481522550790632,0.11581647322982934,0.16205805475306095,3.1173538740371547,2.6018518518518516,1.8563922103553268,-0.010731846786546746,0.04456582111631405,Apparel Retail,Consumer Cyclical,CTRN
2015Q3,2015,Q3,2014-12-08,2014-11-01,-2207000.0,156694000.0,-3240000.0,-0.15,58152000.0,0.37111823043639197,307952000.0,205021000.0,227153000.0,96684000.0,102931000.0,128516000.0,120364000.0,339342300.0,273351300.0,13.684488052329462,2.349437342269662,0.0,0.0,-0.010748164254721127,13.684488052329462,-0.010764750927953723,2.1656368463374474,-38.43931807884005,1.655158739836407,0.0,0.7667683401288555,0.0,0.5088260508131137,0.8350295809027347,-0.0071667013040993405,150.8188,0.37111823043639197,0.11764705882352951,-4.493145570063613,0.18010304849880293,0.16426148483720954,0.08803113364641607,0.14424195424583172,0.3442622950819672,0.6818485194608425,0.06746943352416618,-0.013161924576934717,Apparel Retail,Consumer Cyclical,CTRN
2015Q2,2015,Q2,2014-09-03,2014-08-02,-2579000.0,144987000.0,-4941000.0,-0.17,53447000.0,0.36863304985964257,301052000.0,206409000.0,223341000.0,88055000.0,94643000.0,120456000.0,122571000.0,300937200.0,230230200.0,13.78633449104996,2.5363806711714267,0.0,0.0,-0.012451768671939565,13.78633449104996,-0.012494610215639822,2.0756150551428747,-29.17188832880962,1.457965495690595,0.0,0.7599455402802683,0.0,0.48160118517731154,0.9509965362557492,-0.008566626363551811,-50.79966239027684,0.36863304985964257,-1.278688524590164,-34.86146797693859,0.2464395584629263,0.18112670028766265,-0.27033816161312785,-1.2840621213790064,-1.3500779368003402,0.7493537865904503,0.0853306182751814,-0.03575989883766568,Apparel Retail,Consumer Cyclical,CTRN
2015Q1,2015,Q1,2014-06-10,2014-05-03,9079000.0,188016000.0,14114000.0,0.61,73249000.0,0.38958918389924263,297922000.0,208137000.0,218383000.0,82971000.0,89785000.0,112720000.0,125150000.0,255403140.0,173970140.0,13.967988725588887,2.6320401104000193,0.0,0.0,0.0436048603994191,13.967988725588887,0.04362030777805003,1.3584117309165178,7.0327993171054075,1.227091483013592,0.0,1.0181600425833925,0.0,0.6310913594833547,1.0699883091682636,0.030474419478924014,10.5678227408143,0.38958918389924263,5.1,0.10023774941265585,0.2624995248238929,0.19803314207914263,0.2711102627286294,5.197269624573379,6.455890121500264,-0.26671817784139007,-0.029235038712152536,-0.06673595140996913,Apparel Retail,Consumer Cyclical,CTRN
2014Q4,2014,Q4,2014-04-16,2014-02-01,1465000.0,157193000.0,1893000.0,0.1,57626000.0,0.3665939322997843,291308000.0,198871000.0,207759000.0,84751000.0,92437000.0,126501000.0,116071000.0,237200000.0,178272000.0,13.414569983136593,2.451404703189343,0.0,0.0,0.0072933808630051365,13.414569983136593,0.00736658436876166,1.508973045873544,40.477815699658706,1.1927329776588844,0.0,0.7870846870775725,0.0,0.5396109959218421,0.770799164611627,0.005029041426943304,-209.91150442477877,0.3665939322997843,1.9090909090909092,-0.8614403522399353,0.019799408019126562,0.19555668688633218,0.08140669569133764,1.8761961722488039,1.5660885167464116,-0.8469795341204844,-0.10634581050411732,-0.050256514738576424,Apparel Retail,Consumer Cyclical,CTRN
2014Q3,2014,Q3,2013-12-11,2013-11-02,-1672000.0,145362000.0,-3344000.0,-0.11,53288000.0,0.36658824176882543,295869000.0,196639000.0,207888000.0,90814000.0,99230000.0,123203000.0,114606000.0,216891600.0,169306600.0,13.27296658791765,2.2891624639372785,0.0,0.0,-0.008577275350577158,13.27296658791765,-0.008502891084678015,1.4920790853180337,-32.429964114832536,1.10299381099375,0.0,0.747335697994367,0.0,0.491305273617716,0.7404695311295615,-0.0056511496642094984,-84.59110764430577,0.36658824176882543,0.7027027027027027,-1.3230470317810987,0.32207224982390403,0.27953030233857695,0.0760470094099592,0.6956125978518114,0.6164697786443399,-3.158867658824315,0.017286171109818983,-0.01634806322206102,Apparel Retail,Consumer Cyclical,CTRN
2014Q2,2014,Q2,2013-09-04,2013-08-03,-5493000.0,137821000.0,-8719000.0,-0.37,49522000.0,0.3593211484461729,297405000.0,197475000.0,217537000.0,91187000.0,99930000.0,120402000.0,116278000.0,211062260.0,149820260.0,13.342003918654145,2.385614177459506,0.0,0.0,-0.027873723364650303,13.342003918654145,-0.027816179263197873,1.5314230777602833,-9.605964864372838,1.0688049626535003,0.0,0.7333682164748094,0.0,0.463411845799499,0.8530601949839342,-0.018469763453876027,62.15025323910483,0.3593211484461729,-1.8809523809523812,-2.8380136182893567,0.13481483722557921,0.2865800436037559,-0.2644118651872317,-1.8911421155094095,-1.8903298274277545,-8.500632554142454,0.047394509056637675,-0.00980086064105563,Apparel Retail,Consumer Cyclical,CTRN
2014Q1,2014,Q1,2013-06-11,2013-05-04,6164000.0,181828000.0,9793000.0,0.42,67323000.0,0.37025650614866795,281638000.0,202201000.0,206092000.0,69924000.0,79437000.0,108509000.0,121771000.0,172893440.0,108828440.0,13.706683839479393,2.947371431840284,0.0,0.0,0.03041928710066404,13.706683839479393,0.030484517880722647,0.9508625734210353,7.012225827384815,0.8550572944743102,0.0,1.0552580891907584,0.0,0.6456089022077987,1.148589897603112,0.021886251145086955,6.357077618855021,0.37025650614866795,9.399999999999999,0.13580485282365026,0.43104517393558256,0.34975146383988526,0.17101807239393993,9.755681818181818,7.524317121918721,-0.5147277246915789,-0.017649588895683826,0.014634125486747222,Apparel Retail,Consumer Cyclical,CTRN
2013Q4,2013,Q4,2013-04-17,2013-02-02,-704000.0,175656000.0,-1501000.0,-0.05,57491000.0,0.32729311836771874,292145000.0,195971000.0,210792000.0,85914000.0,96174000.0,141473000.0,115607000.0,189470110.0,152207110.0,13.332267501190557,2.4535232907325932,0.0,0.0,-0.0036335207251427725,13.332267501190557,-0.0035923682585688697,1.078642972628319,-67.28341974431818,0.9668272856698186,0.0,0.8352477151117175,0.0,0.601263071420014,0.595572316502549,-0.0024097622755823306,9473.5055,0.32729311836771874,0.8,-1.0811769738746209,0.26099122287663423,0.3704112178831673,0.12337573519354397,0.8097297297297297,0.7720577069096431,-1.061299401834395,0.013378933005026196,0.05868245268438284,Apparel Retail,Consumer Cyclical,CTRN
2013Q3,2013,Q3,2012-12-05,2012-10-27,-3700000.0,148985000.0,-6585000.0,-0.25,51177000.0,0.34350437963553376,302489000.0,196030000.0,209067000.0,95333000.0,106459000.0,146700000.0,116311000.0,173628910.0,137433910.0,13.356271717653472,2.193018157406145,0.0,0.0,-0.018920634730314693,13.356271717653472,-0.018874662041524257,1.1654120213444306,-11.731683108108108,0.8857262153751976,0.0,0.6667211997273347,0.0,0.49253030688719257,0.45955755090052763,-0.012231849753214166,-11.196808538079576,0.34350437963553376,0.5370370370370371,-5.8910912181622175,0.43001246382958697,0.45203428455867717,0.15224586288416075,0.5331230283911672,0.4755077658303465,-6.977899009496235,0.14536157436837333,0.13633719306272513,Apparel Retail,Consumer Cyclical,CTRN
2013Q2,2013,Q2,2012-08-29,2012-07-28,-7925000.0,132318000.0,-12555000.0,-0.54,44415000.0,0.3356686165147599,312734000.0,199022000.0,212659000.0,101897000.0,113712000.0,133773000.0,120011000.0,220828650.0,169098650.0,13.563824712056158,2.086999617260567,0.0,0.0,-0.03982606267839411,13.563824712056158,-0.03981971842308891,1.6689237291978416,-6.966203470031546,1.109569042618404,0.0,0.6571056939741203,0.0,0.4231007821343378,0.6020785695359039,-0.025341024640749006,-18.038608887436695,0.3356686165147599,-1.782608695652174,-12.992630194160395,0.2966108419446269,0.46412535484586803,-0.4051509388476683,-1.7843428345209817,-1.792013626040878,-111.44415701915281,0.16070535698018798,0.16206345753700235,Apparel Retail,Consumer Cyclical,CTRN
2013Q1,2013,Q1,2012-05-30,2012-04-28,10104000.0,197694000.0,15852000.0,0.69,74666000.0,0.37768470464455167,305090000.0,206273000.0,198358000.0,86599000.0,98817000.0,115008000.0,127936000.0,165386800.0,101422800.0,14.093536485378518,2.290534532731325,0.0,0.0,0.048943490630982606,14.093536485378518,0.048983628492337825,0.8365797646868393,4.0921120348376885,0.8017859826540557,0.0,1.0697342793544797,0.0,0.6479858402438625,0.7703784108361529,0.03311809629945262,7.273266194643564,0.37768470464455167,2.900774083358585,0.6657982753618772,0.7498909956730506,0.5576751939484418,0.38722502972651607,2.9010348071495766,2.7305676855895196,0.2466222584690289,0.35152136982067245,0.20880136219276735,Apparel Retail,Consumer Cyclical,CTRN
2012Q4,2012,Q4,2012-04-11,2012-01-28,-5315000.0,178356000.0,-9160000.0,-0.36301,53824000.0,0.30177846554082843,314777000.0,196403000.0,203375000.0,105618000.0,118374000.0,131526000.0,117832000.0,135342000.0,93356000.0,13.452260273972604,1.925571398814596,0.0,0.0,-0.027094241513019236,13.452260273972604,-0.027061704760110588,0.7588306533001413,-6.366039510818438,0.6891035269318696,0.0,0.9468242020589085,0.0,0.5666106481731511,0.5120623378590771,-0.016884969359260683,13.681965224423777,0.30177846554082843,0.21084782608695657,-1.4984164050851705,0.36818234587765714,0.615968919751527,0.11765438764068276,0.2138736873243603,0.23989710397477387,-1.51043948409455,0.17492764683000478,0.19891578667829934,Apparel Retail,Consumer Cyclical,CTRN
2012Q3,2012,Q3,2011-12-06,2011-10-29,-6761000.0,143067000.0,-12051000.0,-0.46,48158000.0,0.33661151768052733,308069000.0,202486000.0,189632000.0,92609000.0,105583000.0,127156000.0,123147000.0,178874500.0,145649500.0,13.867004519928777,2.047662754159963,0.0,0.0,-0.03351232125053701,13.867004519928777,-0.03338996276285768,1.2502848315824056,-6.614202780653749,0.8833919382080736,0.0,0.7463981251376263,0.0,0.46439920926805356,0.46213650941053247,-0.02194638214166307,-10.851401358893472,0.33661151768052733,0.33333333333333326,-3.2387455564024243,0.5276411565203498,0.8008344204073693,0.10830341526281874,0.3259894327584488,0.2069623585153988,-8.530638063378689,0.32017979585295586,0.33679628953986224,Apparel Retail,Consumer Cyclical,CTRN
2012Q2,2012,Q2,2011-08-26,2011-07-30,-10031000.0,130233000.0,-15196000.0,-0.69,43452000.0,0.33364815369376427,309841000.0,208688000.0,191070000.0,90403000.0,101153000.0,122313000.0,129908000.0,204781880.0,155285880.0,14.297615785146615,2.1135360552194062,0.0,0.0,-0.048254323056653496,14.297615785146615,-0.04806697078892893,1.5724269578371073,-5.103725451101585,0.981282488691252,0.0,0.7094993990826813,0.0,0.4203220361411175,0.594493545568178,-0.03237466958859544,-8.446703514271572,0.33364815369376427,-1.8313253012048194,-8.281721423342232,0.5799465794407954,0.9244197653828659,-0.421172521280422,-1.8294881336310262,-1.8252864823765818,-4.403616028380786,0.08739631644416787,0.3787304555176035,Apparel Retail,Consumer Cyclical,CTRN
2012Q1,2012,Q1,2011-05-27,2011-04-30,12093000.0,189168000.0,18413000.0,0.83,75069000.0,0.39683773154021823,317186000.0,217827000.0,206055000.0,88581000.0,99359000.0,113380000.0,139939000.0,323972040.0,247125040.0,14.96681324721726,2.3261760422664004,0.0,0.0,0.0553661883864329,14.96681324721726,0.05551653376303213,1.7126154529307283,6.697511783676507,1.4872905562671295,0.0,1.0063415064385253,0.0,0.5963945445259249,0.8675336697485917,0.03812589458551134,22.339817956143982,0.39683773154021823,0.28031097673844635,0.62073271800842,0.906470388713286,1.0530829067452787,0.12279573430652567,0.2914352840666382,0.3100675916044112,1.2586226335062205,0.5090679202661881,0.4738413992787461,Apparel Retail,Consumer Cyclical,CTRN
2011Q4,2011,Q4,2011-04-13,2011-01-29,9364000.0,172043000.0,14055000.0,0.64828,66859000.0,0.3886179617886226,306402000.0,204804000.0,207918000.0,91562000.0,101598000.0,121432000.0,127846000.0,337415000.0,268184000.0,14.124413793103448,2.2707891920228915,0.0,0.0,0.0456340990224355,14.124413793103448,0.045721763246811584,1.9612248100765506,9.008303075608714,1.6475020019140252,0.0,0.8661967191514592,0.0,0.5614943766685596,0.7682335466678316,0.03056115821698292,57.63836692859583,0.3886179617886226,22.609333333333336,0.17395657348134191,0.7642511720230671,1.4285761933784935,0.2936862676805789,24.766497461928935,16.863431151241535,0.09456458211572191,0.25200444118846116,0.45183518905274067,Apparel Retail,Consumer Cyclical,CTRN
2011Q3,2011,Q3,2010-12-06,2010-10-30,-394000.0,140037000.0,-886000.0,-0.03,51681000.0,0.3690524647057563,293001000.0,195913000.0,211652000.0,86666000.0,97088000.0,115273000.0,118482000.0,304608620.0,234976620.0,13.49356016254563,2.442157247363441,0.0,0.0,-0.0020889000368485454,13.49356016254563,-0.002011096762338385,2.1752009825974565,-193.2795812182741,1.5548157600567598,0.0,0.7664934546684826,0.0,0.4779403483264562,0.9189878383679875,-0.0013447053081730098,-22.708261517817206,0.3690524647057563,0.25000000000000006,-1.1322208544929315,0.7698032868379232,1.3774015826840342,0.07044324772162386,0.30511463844797176,0.03169398907103825,0.25820639406829554,0.3587534655536876,0.4669596719026374,Apparel Retail,Consumer Cyclical,CTRN
2011Q2,2011,Q2,2010-08-27,2010-07-31,-567000.0,129042000.0,-915000.0,-0.04,48280000.0,0.3741417522977015,290365000.0,195576000.0,212082000.0,85536000.0,94789000.0,107556000.0,118876000.0,455625850.0,370989850.0,13.474061315880125,2.4794472502805838,0.0,0.0,-0.0030281995269610357,13.474061315880125,-0.002899128727451221,3.530833759551154,-200.8932319223986,2.3296613592669857,0.0,0.7508832608129719,0.0,0.4444130663130887,1.0583263187429854,-0.0019527146866874451,-17.701081973581974,0.3741417522977015,-1.0465116279069768,-2.2234991144176064,0.7833472885909856,1.3247529042165047,-0.3330570520790164,-1.045545826974054,-1.0476810838978634,-1.8673614327366344,0.2782732001925759,0.4544359886775196,Apparel Retail,Consumer Cyclical,CTRN
2011Q1,2011,Q1,2010-05-28,2010-05-01,12449000.0,181406000.0,19190000.0,0.86,72390000.0,0.39904964554645384,291591000.0,195313000.0,223231000.0,86254000.0,96278000.0,95685000.0,119443000.0,484921320.0,401531320.0,13.508991561765113,2.58806548102117,0.0,0.0,0.06356977163070016,13.508991561765113,0.06373871682888492,2.6731272394518375,9.738158084986747,2.4827908024555456,0.0,1.1393217327689815,0.0,0.6221248255261651,1.3148955410763559,0.04269336159209303,28.88155568790947,0.39904964554645384,0.09593230706494038,1.451196284347417,0.8332566151963886,3.6370449525869484,0.10429728616539288,0.10647942405119545,0.1456032475673094,1.0776754967044315,0.6254863818330517,0.49306890239019957,Apparel Retail,Consumer Cyclical,CTRN
2010Q4,2010,Q4,2010-04-14,2010-01-30,11251000.0,169811000.0,16751000.0,0.78472,65553000.0,0.38603506251067365,279986000.0,181343000.0,211819000.0,88648000.0,98643000.0,100874000.0,106994000.0,448272000.0,385279000.0,12.593263888888888,2.389439130042415,0.0,0.0,0.06178813343536591,12.593263888888888,0.06204264846175479,2.639828986343641,9.960714603146387,2.471956458203515,0.0,1.033546800959613,0.0,0.6064981820519597,1.0831378034473422,0.04018415206474609,21.211943406047414,0.38603506251067365,18.618,0.4846880565280698,0.6538588170130751,3.928256915439041,0.3761231001763372,17.566006600660067,20.04396984924623,0.06972106478981777,0.3207251306154584,0.5127809474551605,Apparel Retail,Consumer Cyclical,CTRN
2010Q3,2010,Q3,2009-12-07,2009-10-31,606000.0,127356000.0,796000.0,0.04,47636000.0,0.374038129338233,263150000.0,168902000.0,196446000.0,84529000.0,94248000.0,105314000.0,95743000.0,378362100.0,345998100.0,11.753792623521225,2.3240071454767004,0.0004674140224206726,0.0007282329398112515,0.0030964152280650243,11.753792623521225,0.0035878793619968977,2.9709012531800623,156.08997524752473,2.2401280032208026,0.0,0.7569743813737965,0.0,0.4839673190195706,0.9148931136059814,0.002302869086072582,-100.54799362211001,0.374038129338233,9.327536231884057,1.3769727335990385,0.7899245584409929,0.0,0.1183734798328403,9.782608695652174,1.9309941520467837,-0.7960977580138695,0.38183715570719845,0.5264027855726099,Apparel Retail,Consumer Cyclical,CTRN
2010Q2,2010,Q2,2009-08-28,2009-08-01,-69000.0,111605000.0,-855000.0,-0.004803341454925165,42594000.0,0.3816495676716993,245342000.0,167671000.0,180857000.0,68835000.0,77671000.0,88829000.0,95137000.0,419458000.0,383659000.0,11.672189349112426,2.6273988523280307,0.0022906799488061564,0.0033518020409015275,-0.0032664186746462626,11.672189349112426,-0.00041152017939894195,3.758415841584158,-1519.7753623188405,2.5016729189901654,0.0,0.7768971844780421,0.0,0.4548956151005535,1.1525096244642987,-0.00028124006488901206,-44.905042286693075,0.3816495676716993,-1.0088950767683798,-0.09078026707868882,0.681806979609867,0.0,-0.2551933972161992,-1.008702232311767,-1.0674183882668349,-1.0508940655479475,0.3757300835516124,0.5710445871722648,Apparel Retail,Consumer Cyclical,CTRN
2010Q1,2010,Q1,2009-05-29,2009-05-02,7929000.0,143097000.0,12682000.0,0.54,57188000.0,0.39964499605162934,247790000.0,166935000.0,141512000.0,71806000.0,80855000.0,84613000.0,95206000.0,347497860.0,303813860.0,11.659100433021372,1.9707545330473777,0.003987247265829936,0.005918471261269357,0.04939569616807905,11.659100433021372,0.04749752897834487,2.428407723432357,10.956547483919788,2.0816357264803664,0.0,1.0153167952915036,0.0,0.5774930384599862,0.6221207141464502,0.031998870010896324,31.230148287948236,0.39964499605162934,-0.2428400954653938,1.3015319732028214,0.9347200386105119,0.0,0.022894755670029333,-0.21151551312649164,-0.10393556136508161,0.08017911703877424,0.4659289898377119,0.5993451252231812,Apparel Retail,Consumer Cyclical,CTRN
2009Q4,2009,Q4,2009-04-15,2009-01-31,10056000.0,146603000.0,14153000.0,0.7131914893617022,55908000.0,0.3813564524600452,240789000.0,158207000.0,133847000.0,73936000.0,82582000.0,86259000.0,87277000.0,134373000.0,102260000.0,11.220354609929078,1.8103089158190868,0.005826678128984297,0.008868128464606497,0.06200038543051734,11.220354609929078,0.06356229496798498,0.9165774233815134,3.3406175417661093,0.8493492702598494,0.0,1.051426517812634,0.0,0.6088442578356985,0.45331097165115775,0.04176270510696087,6.218093475242943,0.3813564524600452,15.263829787234044,0.9985597877134634,0.9624539729994819,5.31931836217369,0.4431595250387197,15.637554585152838,8.544243070362473,0.2964768942506645,0.5460201671070838,0.9292472230064192,Apparel Retail,Consumer Cyclical,CTRN
2009Q3,2009,Q3,2008-12-08,2008-11-01,-687000.0,104948000.0,-1876000.0,-0.05,38740000.0,0.3691351907611389,222525000.0,146689000.0,114927000.0,68163000.0,75836000.0,89822000.0,77221000.0,236578930.0,225969930.0,10.373311646983947,1.6860613529334096,0.008115942028985508,0.01231176161811724,-0.007349133747742762,10.373311646983947,-0.004683377758386791,2.254249056675687,-86.09131368267832,1.6127925747670242,0.0,0.7371022689318875,0.0,0.4716234130996517,0.19899358889720228,-0.003087293562521065,-54.827098493626885,0.3691351907611389,-1.25,-2.601315474694829,0.9072997174270739,0.0,-0.1376547057252248,-1.2413914265635981,-1.472663139329806,-1.2367102465209945,0.36179880450915664,0.8276516523539799,Apparel Retail,Consumer Cyclical,CTRN
2009Q2,2009,Q2,2008-09-02,2008-08-02,2846000.0,115655000.0,3969000.0,0.2,44924000.0,0.3884311097661147,218675000.0,146167000.0,103895000.0,65025000.0,72508000.0,85330000.0,77908000.0,325594500.0,320601500.0,10.370131252217098,1.5977700884275279,0.010051446210129187,0.015037593984962405,0.017040603022404812,10.370131252217098,0.019470879199819383,2.815221996454974,28.60106289529164,2.22755136248264,0.0,0.8289112855970936,0.0,0.5288899051103235,0.11058823529411765,0.013014747913570367,-4933.25,0.3884311097661147,-0.4444444444444444,937.4026250443418,1.2295044719731976,0.0,-0.03932596283386438,-0.44930340557275544,-0.4179498460184778,5.324227089905278,0.6459673389342064,0.7892150095298348,Apparel Retail,Consumer Cyclical,CTRN
2009Q1,2009,Q1,2008-05-30,2008-05-03,5168000.0,120996000.0,6819000.0,0.36,46763000.0,0.38648385070580843,213562000.0,142657000.0,98389000.0,62749000.0,70905000.0,83258000.0,75062000.0,306246400.0,304128400.0,10.15496867881549,1.5679771789191859,0.012076118410578662,0.018078327737159762,0.03171107342159974,10.15496867881549,0.03622675368190836,2.5310456544017983,14.814551083591331,2.146732372053247,0.0,0.8916020082154268,0.0,0.566561466927637,0.07485378253039889,0.02419906163081447,-461.2144578313253,0.38648385070580843,-0.3914292959175049,0.4758131194312023,1.1306245140698103,0.0,-0.01397967359676127,-0.38314633564096445,-0.38267246061922866,0.047272861333253174,0.25845111139653354,2.4857558419873027,Apparel Retail,Consumer Cyclical,CTRN
2008Q4,2008,Q4,2008-04-16,2008-02-02,8378000.0,134571000.0,11046000.0,0.59155,47426000.0,0.35242362767609664,210177000.0,138147000.0,153514000.0,64025000.0,72030000.0,82420000.0,69894000.0,214562000.0,211342000.0,9.728661971830986,2.397719640765326,0.014192799402408446,0.021592940852859635,0.05583256731822209,9.728661971830986,0.06064554423910762,1.5944148442086334,6.402542372881356,1.5531426668693493,0.0,1.0573283183693278,0.0,0.6402746256726474,0.9741194845763373,0.0398616404268783,15.34558718352167,0.35242362767609664,15.78875,0.653343165671072,0.7887056140634083,4.479195121299384,0.3740294356240584,17.33138401559454,10.174418604651162,0.12113676368878146,0.3291017835178307,2.80722154825544,Apparel Retail,Consumer Cyclical,CTRN
2008Q3,2008,Q3,2007-12-11,2007-11-03,-513000.0,99542000.0,-1204000.0,-0.04,34516000.0,0.34674810632697756,204645000.0,128988000.0,155574000.0,67418000.0,75657000.0,93886000.0,61516000.0,228013980.00000003,222709980.00000003,9.198317050559794,2.30760331068854,0.0164919739060324,0.026165224672062518,-0.005827262442766544,9.198317050559794,-0.003977114150153503,2.2906308894737903,-111.1179239766082,1.7677146711321987,0.0,0.692605926336195,0.0,0.4864130567568228,0.7926369812216322,-0.0025067800337169243,-45.96129409393268,0.34674810632697756,-2.0,-2.2058039907082745,0.824275091685488,0.0,-0.01641399749230594,-1.8181818181818181,-3.250467289719626,-3.061981549791576,0.4336314277753739,0.0,Apparel Retail,Consumer Cyclical,CTRN
2008Q2,2008,Q2,2007-09-10,2007-08-04,627000.0,96826000.0,535000.0,0.04,35092000.0,0.36242331605147377,206009000.0,128975000.0,161619000.0,68348000.0,77034000.0,93909000.0,62029000.0,460539760.0,453136760.0,9.264114351386295,2.364648563235208,0.018237067312593138,0.0291296762938554,0.0026169124731342175,9.264114351386295,0.004861407249466951,4.756364612810609,183.62829346092502,3.5707676681527425,0.0,0.6573810816854615,0.0,0.47000859185763727,0.8619710891320888,0.003043556349479877,-30.145955357727303,0.36242331605147377,-0.9,208.3077503232294,0.8897283419868208,0.0,-0.15842486450189458,-0.8904229290457882,-0.9355576969404963,11.227270051611592,0.5055267991683261,0.0,Apparel Retail,Consumer Cyclical,CTRN
2008Q1,2008,Q1,2007-06-07,2007-05-05,5722000.0,106576000.0,8302000.0,0.4,41698000.0,0.3912513136165741,202633000.0,124923000.0,162813000.0,68889000.0,77710000.0,85397000.0,61402000.0,556560170.0,552069170.0,9.047801839646556,2.3634107041762835,0.020924528581228133,0.033940907599081034,0.04096147890861828,9.047801839646556,0.045804215396684354,5.222190455637292,24.31667991960853,4.455225779079913,0.0,0.7597222384861295,0.0,0.5259557919983419,1.020917708197245,0.028238243524006456,-77.32150180605724,0.3912513136165741,-0.45384289790958365,0.6625391803817214,0.909459697731116,0.0,-0.143486386305839,-0.44830198109918457,-0.44458490013533475,0.7223820127617139,0.49427334803597966,0.0,Apparel Retail,Consumer Cyclical,CTRN
2007Q4,2007,Q4,2007-04-11,2007-02-03,10371616.0,126788315.0,14947379.0,0.73239,48683406.0,0.38397391747023374,196101955.0,118209016.0,158018349.0,69650065.0,77892939.0,73359967.0,55378919.0,559622000.0,552669545.0,8.324578591549296,2.26874661208141,0.02422222154796978,0.040183271638095694,0.08023882103679729,8.324578591549296,0.08773963569750043,4.413829460546108,13.4892672462999,4.734173576066312,0.0,1.0646802635557346,0.0,0.6465428404321619,1.1149771217011786,0.05288889649264333,28.991859130385137,0.38397391747023374,2.6619499999999996,1.046770163590922,0.6852588658636692,3.688413528783113,0.4769163028684938,2.6918875491715193,2.9747768815159876,1.046770163590922,0.6852588658636692,3.688413528783113,Apparel Retail,Consumer Cyclical,CTRN
2007Q3,2007,Q3,2006-11-28,2006-10-28,2809299.0,87118399.0,3760558.0,0.2,32962874.0,0.37836868420871694,170675263.0,104595496.0,138699258.0,58924057.0,66079767.0,74499328.0,45007303.0,,,,,,,,,,,,,,,,,,,,,,,,,,,,,,,Apparel Retail,Consumer Cyclical,CTRN
2007Q2,2007,Q2,2006-08-25,2006-07-29,1275635.0,76329936.0,1536967.0,0.09,28217702.0,0.36968067155198453,157866438.0,100418545.0,129968958.0,52654016.0,57447893.0,67075988.0,42198004.0,,,,,,,,,,,,,,,,,,,,,,,,,,,,,,,Apparel Retail,Consumer Cyclical,CTRN
2007Q1,2007,Q1,2006-05-26,2006-04-29,6894225.0,91681225.0,10067994.0,0.49,36309507.0,0.3960408142452285,155438374.0,98032036.0,127623424.0,52409461.0,57406338.0,58894074.0,40922369.0,,,,,,,,,,,,,,,,,,,,,,,,,,,,,,,Apparel Retail,Consumer Cyclical,CTRN
