Quarters,Year,Quarter,FillingDate,Date,NetIncome,Revenue,OperatingIncome,EPSDiluted,GrossProfit,GrossProfitRatio,TotalAssets,CommonStockEquity,CurrentAssets,CurrentLiability,TotalLiability,Inventory,RetainedEarnings,MarketCap,EnterpriseValue,bookValuePerShare,currentRatio,debtToAssets,debtToEquity,roic,shareholdersEquityPerShare,roe,priceToSalesRatio,peRatio,pbRatio,payoutRatio,inventoryTurnover,dividendYield,assetTurnover,quickRatio,returnOnAssets,priceToFreeCashFlowsRatio,grossProfitMargin,epsdilutedGrowth,fiveYNetIncomeGrowthPerShare,fiveYRevenueGrowthPerShare,fiveYShareholdersEquityGrowthPerShare,grossProfitGrowth,netIncomeGrowth,operatingIncomeGrowth,threeYNetIncomeGrowthPerShare,threeYRevenueGrowthPerShare,threeYShareholdersEquityGrowthPerShare,Industry,Sector,Symbol
2023Q1,2023,Q1,2023-05-10,2023-03-31,443000000.0,12341000000.0,214000000.0,2.28,761000000.0,0.0616643708,27456000000.0,13483000000.0,5122000000.0,5366000000.0,13973000000.0,257000000.0,0.0,2545280000.0,9614280000.0,69.5,0.9545285128587402,0.30241113053613056,0.6158125046354669,0.008157875307269184,69.5,0.032856189275383814,0.20624584717607974,1.4363882618510158,0.18877697841726618,0.11738148984198646,45.05836575875487,0.020429972340960525,0.44948280885780884,0.8374953410361535,0.01613490675990676,4.105290322580645,0.061664370796531885,0.49999999999999983,8.689467818333796,0.18924793090156483,0.0,0.08404558404558404,0.5016949152542373,0.5851851851851851,1.7192451691892754,0.40781866940616623,0.0,Oil & Gas Midstream,Energy,PAGP
2022Q4,2022,Q4,2023-03-01,2022-12-31,295000000.0,12952000000.0,135000000.0,1.52,702000000.0,0.0542001235,29207000000.0,14638000000.0,5358000000.0,5893000000.0,14569000000.0,729000000.0,0.0,2413360000.0,10763360000.0,75.45360824742268,0.9092143220770406,0.29972266922313145,0.5980325181035661,0.00525118670886076,75.45360824742268,0.02015302636972264,0.18633106856084003,2.045220338983051,0.164869517693674,0.1423728813559322,16.80384087791495,0.017403122617429642,0.44345533604957715,0.7315459019175292,0.010100318416817886,12.635392670157069,0.05420012353304509,3.2222222222222228,1.2946198453608246,0.3607162948955179,0.0,-0.31645569620253167,-0.23177083333333334,-0.6715328467153284,4.765678694158075,0.3273809657881519,0.0,Oil & Gas Midstream,Energy,PAGP
2022Q3,2022,Q3,2022-11-08,2022-09-30,384000000.0,14336000000.0,411000000.0,0.36,1027000000.0,0.0716378348,27457000000.0,12743000000.0,5574000000.0,5333000000.0,14714000000.0,603000000.0,187000000.0,2116540000.0,10236540000.0,65.68556701030928,1.0451903243952747,0.31849801507812214,0.6862591226555756,0.015131957950179539,65.68556701030928,0.030134191320725104,0.1476381138392857,1.3779557291666666,0.16609432629679038,0.11197916666666667,22.071310116086234,0.020316176401107465,0.5221255053356156,1.576973560847553,0.013985504607203991,2.5842979242979243,0.07163783482142858,1.2499999999999998,75.20618556701031,0.9377019770713785,0.0,0.29508196721311475,0.8916256157635468,1.74,3.7505154639175258,0.5742683759030095,0.0,Oil & Gas Midstream,Energy,PAGP
2022Q2,2022,Q2,2022-08-09,2022-06-30,203000000.0,16359000000.0,150000000.0,0.16,793000000.0,0.0484748457,28886000000.0,12719000000.0,6661000000.0,6874000000.0,16167000000.0,528000000.0,73000000.0,2002080000.0,10667080000.0,65.5618556701031,0.9690136747163224,0.3092155369383092,0.7022564667033572,0.00575145818178152,65.5618556701031,0.015960374243258118,0.12238400880249405,2.465615763546798,0.15740860130513404,0.20689655172413793,29.481060606060606,0.020978182690002397,0.5663297098940663,1.3996217631655514,0.007027625839507027,2.856034236804565,0.048474845650712146,-0.8518518518518519,5.670747422680413,1.1226860097088365,0.0,0.1696165191740413,-0.028708133971291867,0.9230769230769231,1.568416119962512,0.6552294011174943,0.0,Oil & Gas Midstream,Energy,PAGP
2022Q1,2022,Q1,2022-05-10,2022-03-31,209000000.0,13694000000.0,78000000.0,1.08,678000000.0,0.0495107346,30642000000.0,0.0,8097000000.0,8570000000.0,17788000000.0,527000000.0,0.0,2240700000.0,11340700000.0,0.0,0.9448074679113185,0.30079629267019126,0.0,0.006997431442169676,0.0,0.0,0.1636264057251351,2.6802631578947373,0.0,0.1674641148325359,24.698292220113853,0.015620118712902217,0.44690294367208405,0.8463243873978996,0.006820703609424972,9.41470588235294,0.04951073462830437,-0.5555555555555556,2.1531305003771686,0.27051379389793406,0.0,-0.3253731343283582,-0.5562632696390658,-0.7417218543046358,0.16526404376183454,0.34011140175411614,0.0,Oil & Gas Midstream,Energy,PAGP
2021Q4,2021,Q4,2022-03-01,2021-12-31,471000000.0,12954000000.0,302000000.0,2.43,1005000000.0,0.077582214,28609000000.0,12810000000.0,6137000000.0,6232000000.0,15799000000.0,253000000.0,60000000.0,1967160000.0,4906160000.0,66.03092783505154,0.9847560975609756,0.31724282568422524,0.7085089773614364,0.010977855898372909,66.03092783505154,0.03676814988290398,0.15185734136174156,1.0441401273885351,0.15356440281030448,0.0,47.22924901185771,0.0,0.4527945751336992,2.350288831835687,0.016463350693837604,3.5380575539568344,0.0775822139879574,21.250000000000004,31.651417525773194,0.13327050638634752,0.0,0.9216061185468452,20.625,8.55,1.1445876288659793,0.2083926865843269,0.0,Oil & Gas Midstream,Energy,PAGP
2021Q3,2021,Q3,2021-11-08,2021-09-30,-24000000.0,10776000000.0,-40000000.0,-0.12,523000000.0,0.04853377876763178,25627000000.0,0.0,4877000000.0,5399000000.0,14902000000.0,681000000.0,0.0,2090350000.0,11418350000.0,0.0,0.903315428783108,0.37156124400046825,0.0,-0.002334332427612351,0.0,0.0,0.193981997030438,-21.774479166666666,0.0,-1.4583333333333333,15.055800293685756,0.0167436075298395,0.4204940102235923,0.7332839414706427,-0.0009365122722129005,8.039807692307692,0.04853377876763178,0.6571428571428571,-1.5187609690721648,0.08127044540070597,0.0,0.14692982456140352,0.6521739130434783,0.8326359832635983,-1.1760936193925884,-0.0017823138185603905,0.0,Oil & Gas Midstream,Energy,PAGP
2021Q2,2021,Q2,2021-08-06,2021-06-30,-69000000.0,9930000000.0,-239000000.0,-0.35,456000000.0,0.045921450151057405,26812000000.0,0.0,5678000000.0,6163000000.0,15751000000.0,675000000.0,0.0,2316360000.0,12424360000.0,0.0,0.9213045594677917,0.3779650902580934,0.0,-0.021227827105573957,0.0,0.0,0.2332688821752266,-8.392608695652173,0.0,-0.5072463768115942,14.035555555555556,0.015109913830319986,0.37035655676562734,0.6365406457893883,-0.002573474563628226,15.546040268456375,0.045921450151057405,-1.972222222222222,-1.8490701255522828,0.036782862136832184,0.0,-0.43911439114391143,-1.9857142857142858,-1.4561068702290076,-8.977172312223859,-0.00542895784423803,0.0,Oil & Gas Midstream,Energy,PAGP
2021Q1,2021,Q1,2021-05-10,2021-03-31,70000000.0,8383000000.0,524000000.0,0.36,813000000.0,0.09698198735536204,26747000000.0,0.0,4426000000.0,4679000000.0,15248000000.0,484000000.0,0.0,1823600000.0,11686600000.0,0.0,0.9459286172259029,0.3699480315549407,0.0,0.045262895787012654,0.0,0.0,0.2175354884886079,6.512857142857143,0.0,0.5,15.640495867768594,0.019192805439789427,0.3134183272890418,0.7337037828595854,0.0026171159382360636,2.6352601156069366,0.09698198735536204,4.2727272727272725,-0.047755310710194745,-0.0013690784606048678,0.0,1.1913746630727762,4.5,8.93939393939394,0.5310671496238506,-0.19216713355904566,0.0,Oil & Gas Midstream,Energy,PAGP
2020Q4,2020,Q4,2021-03-01,2020-12-31,-20000000.0,5963000000.0,-66000000.0,-0.11,371000000.0,0.06221700486332383,25951000000.0,0.0,3668000000.0,4255000000.0,14761000000.0,647000000.0,0.0,1613949999.9999998,11801950000.0,0.0,0.8620446533490012,0.3935493815267234,0.0,-0.0027722989261450798,0.0,0.0,0.270660741237632,-20.174374999999998,0.0,-1.7,8.642967542503865,0.021066327953158402,0.22977919926014412,1.49048178613396,-0.0007706832106662557,12.911599999999998,0.06221700486332383,-2.2222222222222223,-1.397934295287958,-0.4063044928937915,0.0,-0.3433628318584071,-2.176470588235294,-1.2629482071713147,0.9797120418848168,-0.3636970717115703,0.0,Oil & Gas Midstream,Energy,PAGP
2020Q3,2020,Q3,2020-11-06,2020-09-30,17000000.0,5833000000.0,251000000.0,0.09,565000000.0,0.0968626778673067,25693000000.0,0.0,3407000000.0,3805000000.0,14396000000.0,683000000.0,0.0,1132740000.0,11276740000.0,0.0,0.895400788436268,0.395866578445491,0.0,0.02354774612790795,0.0,0.0,0.19419509686267786,16.657941176470587,0.0,1.9411764705882353,7.71303074670571,0.029132898988293875,0.22702681664266533,0.5729303547963206,0.0006616588175767719,7.7057142857142855,0.0968626778673067,0.0,-0.7586747605846773,-0.5226636018067073,0.0,0.05805243445692884,0.0625,0.20673076923076922,2.518817204301075,-0.17768208440667968,0.0,Oil & Gas Midstream,Energy,PAGP
2020Q2,2020,Q2,2020-08-07,2020-06-30,16000000.0,3225000000.0,208000000.0,0.09,534000000.0,0.1655813953488372,25489000000.0,0.0,3163000000.0,3634000000.0,14236000000.0,662000000.0,0.0,1637600000.0,11717600000.0,0.0,0.8703907539900936,0.3971124798932873,0.0,0.020920022905134568,0.0,0.0,0.5077829457364341,25.587500000000002,0.0,2.0625,4.064954682779456,0.0201514411333659,0.12652516771940836,0.5396257567418822,0.0006277217623288478,-11.372222222222222,0.1655813953488372,1.0283018867924527,-0.7561834666666667,-0.7787290859972985,0.0,-0.27148703956343795,1.027538726333907,1.0749549549549549,-0.44565217391304346,-0.5587927593458947,0.0,Oil & Gas Midstream,Energy,PAGP
2020Q1,2020,Q1,2020-05-08,2020-03-31,-581000000.0,8269000000.0,-2775000000.0,-3.18,733000000.0,0.088644334260491,25166000000.0,0.0,3073000000.0,3359000000.0,13980000000.0,181000000.0,0.0,1026630000.0,10767630000.0,0.0,0.914855611789223,0.38865930223317174,0.0,-0.2604096403333026,0.0,0.0,0.12415406941589067,-0.4417512908777969,0.0,-0.11359724612736662,41.6353591160221,0.06428801028608165,0.3285782404831916,0.6668651384340577,-0.02308670428355718,1.5941459627329193,0.088644334260491,-13.230769230769232,-9.153300301780364,-0.39460428257490904,0.0,-0.031704095112285335,-13.104166666666666,-9.434650455927052,-10.292283086765295,-0.18669640288477377,0.0,Oil & Gas Midstream,Energy,PAGP
2019Q4,2019,Q4,2020-02-27,2019-12-31,48000000.0,9154000000.0,329000000.0,0.26,757000000.0,0.08269608914135897,29969000000.0,0.0,4614000000.0,5019000000.0,15484000000.0,604000000.0,0.0,3448900000.0,13092900000.0,0.0,0.9193066347878064,0.32336747972905333,0.0,0.02878727741795811,0.0,0.0,0.3767642560629233,17.96302083333333,0.0,1.375,13.902317880794701,0.019136536286932064,0.3054489639293937,0.7294281729428173,0.0016016550435449964,7.432974137931034,0.08269608914135897,-0.3658536585365853,-0.16015347340659344,-0.576684291832071,0.0,-0.13386727688787187,-0.3142857142857143,-0.32857142857142857,4.32967032967033,-0.14636749572054558,0.0,Oil & Gas Midstream,Energy,PAGP
2019Q3,2019,Q3,2019-11-07,2019-09-30,70000000.0,7886000000.0,490000000.0,0.41,874000000.0,0.11082931777834136,29690000000.0,0.0,4678000000.0,4873000000.0,15267000000.0,816000000.0,0.0,3566640000.0,13212640000.0,0.0,0.9599835830084137,0.34546985517009093,0.0,0.04039389740191058,0.0,0.0,0.4522749175754502,12.738,0.0,0.8571428571428571,8.593137254901961,0.01682255568265931,0.26561131694173123,0.7229632669813256,0.0023576961940047153,122.98758620689655,0.11082931777834136,0.024999999999999883,0.3299702083333333,-0.7845519636833614,0.0,0.015098722415795587,0.06060606060606061,0.09131403118040089,0.7472157638888889,-0.08625298608271159,0.0,Oil & Gas Midstream,Energy,PAGP
2019Q2,2019,Q2,2019-08-08,2019-06-30,66000000.0,8253000000.0,449000000.0,0.4,861000000.0,0.10432569974554708,29033000000.0,0.0,4291000000.0,4301000000.0,14691000000.0,558000000.0,0.0,4046760000.0,13264760000.0,0.0,0.997674959311788,0.3322426204663659,0.0,0.045146205787052765,0.0,0.0,0.49033805888767723,15.328636363636365,0.0,0.8636363636363636,13.24731182795699,0.014085342347952437,0.28426273550787035,0.7586607765635899,0.0022732752385216824,54.685945945945946,0.10432569974554708,-0.5652173913043478,0.38710966913580236,-0.7675947846161482,0.0,-0.23125,-0.5510204081632653,-0.3702664796633941,-0.02742047883597884,0.03189883410774404,0.0,Oil & Gas Midstream,Energy,PAGP
2019Q1,2019,Q1,2019-05-10,2019-03-31,147000000.0,8375000000.0,713000000.0,0.92,1120000000.0,0.13373134328358208,28648000000.0,0.0,4250000000.0,4184000000.0,14626000000.0,498000000.0,0.0,3979770000.0,12866770000.0,0.0,1.0157743785850861,0.32553755934096623,0.0,0.06759459589253727,0.0,0.0,0.47519641791044775,6.768316326530613,0.0,0.32653061224489793,14.568273092369479,0.01206099849991331,0.2923415247137671,0.8221797323135756,0.005131248254677465,5.292247340425532,0.13373134328358208,-0.1785714285714286,2.3478051415094336,-0.7714589910488783,0.0,-0.30735930735930733,-0.18333333333333332,-0.4573820395738204,1.4399024302935008,0.2172925513157672,0.0,Oil & Gas Midstream,Energy,PAGP
2018Q4,2018,Q4,2019-02-27,2018-12-31,180000000.0,8786000000.0,1314000000.0,1.12,1617000000.0,0.18404279535624857,26830000000.0,0.0,3536000000.0,3458000000.0,13511000000.0,640000000.0,0.0,3195900000.0,12335900000.0,0.0,1.0225563909774436,0.3432351844949683,0.0,0.11836620717520535,0.0,0.0,0.3637491463692238,4.438750000000001,0.0,0.2611111111111111,11.2015625,0.014706342501329827,0.3274692508386135,0.7296124927703875,0.006708907938874394,3.70754060324826,0.18404279535624857,0.6000000000000002,3.782578773584906,-0.736520334181609,0.0,0.8107502799552072,0.6216216216216216,1.670731707317073,3.3021953056603777,0.050815317685595024,0.0,Oil & Gas Midstream,Energy,PAGP
2018Q3,2018,Q3,2018-11-08,2018-09-30,111000000.0,8792000000.0,492000000.0,0.7,893000000.0,0.10156960873521383,27290000000.0,0.0,4131000000.0,4658000000.0,14579000000.0,824000000.0,0.0,3924720000.0,13460720000.0,0.0,0.8868613138686131,0.3506412605349945,0.0,0.049724230201513564,0.0,0.0,0.4463967242948135,8.83945945945946,0.0,0.43243243243243246,9.58616504854369,0.012230171833914267,0.32216929278123857,0.6412623443537999,0.004067423964822279,-21.68353591160221,0.10156960873521383,12.999999999999998,32.768369417721516,-0.7500982683809224,1.0,0.8643006263048016,14.857142857142858,4.72093023255814,0.8549519333465189,-0.1530142337222853,0.0,Oil & Gas Midstream,Energy,PAGP
2018Q2,2018,Q2,2018-08-09,2018-06-30,7000000.0,8080000000.0,86000000.0,0.05,479000000.0,0.05928217821782178,27092000000.0,0.0,3855000000.0,5124000000.0,14877000000.0,636000000.0,0.0,3753870000.0,13625870000.0,0.0,0.7523419203747073,0.36575372803779715,0.0,0.010160755558509264,0.0,0.0,0.4645878712871287,134.06678571428571,0.0,6.714285714285714,11.95125786163522,0.012520412267872889,0.2982430237708549,0.5583528493364559,0.00025837885722722575,107.25342857142857,0.05928217821782178,-0.7826086956521738,1.1431007388535028,-0.7597133980443168,0.0,-0.363031914893617,-0.8108108108108109,-0.7736842105263158,-0.8749857902335457,-0.350283131849906,0.0,Oil & Gas Midstream,Energy,PAGP
2018Q1,2018,Q1,2018-05-09,2018-03-31,37000000.0,8398000000.0,380000000.0,0.23,752000000.0,0.0895451297928078,26812000000.0,0.0,3965000000.0,4602000000.0,14388000000.0,620000000.0,0.0,3414750000.0,13212750000.0,0.0,0.8615819209039548,0.3664031030881695,0.0,0.030344406379871958,0.0,0.0,0.4066146701595618,23.072635135135133,0.0,1.2702702702702702,12.332258064516129,0.013763818727578885,0.3132179621065195,0.6625380269448066,0.0013799791138296286,13.443897637795276,0.0895451297928078,1.0445736434108528,10.327818191082802,-0.7578993811556132,0.0,0.1861198738170347,1.04625,0.46153846153846156,-0.3947839071296486,-0.2833391833413014,0.0,Oil & Gas Midstream,Energy,PAGP
2017Q4,2017,Q4,2018-02-27,2017-12-31,-800000000.0,7605000000.0,260000000.0,-5.16,634000000.0,0.08336620644312952,26753000000.0,0.0,4003000000.0,4533000000.0,14395000000.0,713000000.0,0.0,3402250000.0,13282250000.0,0.0,0.8830796382086918,0.3707995365005794,0.0,-0.08325426944971538,0.0,0.0,0.4473701512163051,-1.063203125,0.0,-0.0575,9.776998597475457,0.013520464398559777,0.28426718498859943,0.6770350761085374,-0.029903188427466077,10.155970149253731,0.08336620644312952,-173.00000000000003,-7.528582410865875,-0.7501463302632524,0.0,0.6091370558375635,-201.0,5.046511627906977,-17.435706219354838,-0.5870548360087168,0.0,Oil & Gas Midstream,Energy,PAGP
2017Q3,2017,Q3,2017-11-09,2017-09-30,4000000.0,5873000000.0,43000000.0,0.03,394000000.0,0.06708666780180488,27710000000.0,0.0,4018000000.0,4018000000.0,15205000000.0,884000000.0,0.0,3367980000.0,14738980000.0,0.0,1.0,0.4116564417177914,0.0,-0.009738172467198505,0.0,0.0,0.5734684147794994,210.49875,0.0,21.0,6.197963800904978,0.02494076568150642,0.21194514615662216,0.5781483325037332,0.0001443522194153735,14.836916299559471,0.06708666780180488,-0.8125,0.24848540259740257,-0.8040315701984567,0.0,-0.37360890302066774,-0.8333333333333334,-0.83203125,-0.9170927662337662,-0.8249611992777601,0.0,Oil & Gas Midstream,Energy,PAGP
2017Q2,2017,Q2,2017-08-08,2017-06-30,24000000.0,6078000000.0,256000000.0,0.16,629000000.0,0.10348798947022046,27235000000.0,0.0,3531000000.0,3759000000.0,14505000000.0,936000000.0,0.0,4002480000.0,15106480000.0,0.0,0.9393455706304868,0.40954653937947494,0.0,0.020169418770817373,0.0,0.0,0.6585192497532083,41.6925,0.0,3.5,5.821581196581197,0.020986988067398214,0.22316871672480265,0.5687682894386805,0.0008812190196438406,10.817513513513514,0.10348798947022046,-0.5294117647058824,6.53987262745098,-0.804877095554674,0.0,-0.3392857142857143,-0.4146341463414634,-0.565365025466893,-0.4659256888888889,-0.818774918326634,0.0,Oil & Gas Midstream,Energy,PAGP
2017Q1,2017,Q1,2017-05-10,2017-03-31,41000000.0,6667000000.0,589000000.0,0.34,952000000.0,0.14279286035698216,27508000000.0,0.0,4214000000.0,4158000000.0,14681000000.0,1219000000.0,0.0,3751200000.0,14930200000.0,0.0,1.0134680134680134,0.40788134360913186,0.0,0.041541749126279004,0.0,0.0,0.5626518674066296,22.87317073170732,0.0,1.3902439024390243,4.688269073010664,0.015195137555982084,0.24236585720517667,0.5432900432900433,0.0014904754980369346,6.946666666666666,0.14279286035698216,5.25,0.0,-0.710294524394301,0.0,0.6556521739130434,6.125,1.7268518518518519,0.2372075803571429,-0.758939719242126,0.0,Oil & Gas Midstream,Energy,PAGP
2016Q4,2016,Q4,2017-02-23,2016-12-31,-8000000.0,5951000000.0,216000000.0,-0.08,575000000.0,0.09662241640060494,26103000000.0,0.0,4275000000.0,4666000000.0,15396000000.0,1343000000.0,0.0,3502680000.0,15291680000.0,0.0,0.9162023146163738,0.45354940045205533,0.0,0.01661092291729964,0.0,0.0,0.5885867921357755,-109.45875,0.0,-6.875,4.0029784065524945,0.01570226226774927,0.22798145806995365,0.4991427346763823,-0.00030647818258437725,-15.707085201793722,0.09662241640060494,-1.333796475943705,-1.1001911162063573,-0.6999547272397332,0.0,-0.18785310734463276,-1.3333333333333333,-0.3793103448275862,-1.3346226732673268,-0.7190548069111369,0.0,Oil & Gas Midstream,Energy,PAGP
2016Q3,2016,Q3,2016-11-08,2016-09-30,24000000.0,5170000000.0,348000000.0,0.239667,708000000.0,0.13694390715667312,25411000000.0,0.0,3776000000.0,4079000000.0,15037000000.0,1258000000.0,0.0,3463502733.6572003,15049502733.6572,0.0,0.9257170875214513,0.45728227932785015,0.0,0.028324046792496862,0.0,0.0,0.6699231593147389,36.07815347559583,0.0,2.5833333333333335,3.546899841017488,0.017900953100889464,0.20345519656841526,0.48541309144398137,0.0009444728660816182,-43.29378417071501,0.13694390715667312,-0.4,10.462686567164178,-0.7360216237606069,0.0,0.35892514395393477,-0.42857142857142855,1.4,10.462686567164178,-0.7692933073583778,1.0,Oil & Gas Midstream,Energy,PAGP
2016Q2,2016,Q2,2016-08-08,2016-06-30,42000000.0,4950000000.0,145000000.0,0.399445,521000000.0,0.10525252525252525,25075000000.0,0.0,3605000000.0,4031000000.0,14786000000.0,1085000000.0,0.0,2781266169.7158,14123266169.7158,0.0,0.8943190275365914,0.45379860418743767,0.0,0.011357687884241375,0.0,0.0,0.5618719534779394,16.555155772117857,0.0,1.4761904761904763,4.082027649769585,0.022292005229522995,0.19740777666999004,0.508806747705284,0.001674975074775673,-4.803568514189637,0.10525252525252525,0.071429529391253,19.134831460674153,-0.7575072851149429,0.0,-0.19722650231124808,0.16666666666666666,-0.48398576512455516,19.134831460674153,-0.7694964829659865,0.0,Oil & Gas Midstream,Energy,PAGP
2016Q1,2016,Q1,2016-05-10,2016-03-31,36000000.0,4111000000.0,281000000.0,0.372815,649000000.0,0.1578691315981513,24225000000.0,0.0,2784000000.0,3066000000.0,13520000000.0,877000000.0,0.0,2195768960.0120997,12614768960.0121,0.0,0.9080234833659491,0.4317440660474716,0.0,0.02191440529467048,0.0,0.0,0.5341203989326441,15.248395555639583,0.0,1.5277777777777777,3.9475484606613453,0.02504817264549405,0.16970072239422085,0.5182648401826484,0.0014860681114551083,8.477872432479149,0.1578691315981513,0.41679859954380005,0.0,-0.7743682449786764,0.0,-0.1403973509933775,0.44,-0.19714285714285715,17.213438735177863,-0.8041550359899658,0.0,Oil & Gas Midstream,Energy,PAGP
2015Q4,2015,Q4,2016-02-25,2015-12-31,25000000.0,4996000000.0,350000000.0,0.26313902351402946,755000000.0,0.1511208967173739,24142000000.0,0.0,2972000000.0,3409000000.0,14908000000.0,916000000.0,0.0,2387806231.1289997,14288806231.129,0.0,0.8718099149310649,0.4942009775494988,0.0,0.022792929850235982,0.0,0.0,0.47794360110668527,23.878062311289998,0.0,2.08,4.629912663755459,0.021777311459403228,0.20694225830502858,0.532414197711939,0.001035539723303786,-6.9818895647046775,0.1511208967173739,-0.2941833791182505,-0.6671520698980654,-0.7322152184172388,0.0,0.02027027027027027,-0.21875,0.05421686746987952,-0.6671520698980654,-0.7322152184172388,0.0,Oil & Gas Midstream,Energy,PAGP
2015Q3,2015,Q3,2015-11-06,2015-09-30,32000000.0,5551000000.0,332000000.0,0.372815,740000000.0,0.13330931363718249,24088000000.0,0.0,2961000000.0,3480000000.0,14562000000.0,837000000.0,0.0,3932487831.285,15117487831.285,0.0,0.8508620689655172,0.4653769511790103,0.0,0.0256750660565831,0.0,0.0,0.7084287211826698,30.722561181914063,0.0,1.59375,5.747909199522103,0.01296888946337438,0.23044669545001661,0.5370689655172414,0.001328462304882099,-145.64769745499999,0.13330931363718249,0.0,17.20444444444444,-0.6624008742546266,0.0,0.04964539007092199,0.06666666666666667,0.5961538461538461,17.20444444444444,-0.6624008742546266,0.0,Oil & Gas Midstream,Energy,PAGP
2015Q2,2015,Q2,2015-08-07,2015-06-30,30000000.0,6663000000.0,208000000.0,0.372815,705000000.0,0.10580819450697884,24754000000.0,0.0,3946000000.0,4475000000.0,14740000000.0,941000000.0,0.0,5780785895.6736,16362785895.6736,0.0,0.8817877094972068,0.42869839217904177,0.0,0.013109393433554759,0.0,0.0,0.8675950616349393,48.17321579728,0.0,1.6666666666666667,6.331562167906482,0.008649342996325209,0.26916861921305646,0.6073743016759776,0.0012119253453987235,-8.692911121313685,0.10580819450697884,0.0,16.14285714285714,-0.6109310677060523,0.0,-0.10984848484848485,-0.03225806451612903,-0.4332425068119891,16.14285714285714,-0.6109310677060523,0.0,Oil & Gas Midstream,Energy,PAGP
2015Q1,2015,Q1,2015-05-08,2015-03-31,31000000.0,5942000000.0,367000000.0,0.372815,792000000.0,0.13328845506563447,23596000000.0,0.0,3455000000.0,3532000000.0,13448000000.0,929000000.0,0.0,6006775785.3492,15421775785.349201,0.0,0.9781993204983013,0.4185031361247669,0.0,0.03289565514881971,0.0,0.0,1.0109013438823966,48.44174020442903,0.0,1.3548387096774193,5.543595263724435,0.006992103834213341,0.251822342769961,0.6446772366930917,0.0013137819969486354,20.856860365795836,0.13328845506563447,0.18719882649519995,0.0,-0.6108024906151623,0.0,-0.18769230769230769,0.24,-0.30228136882129275,0.0,-0.6108024906151623,0.0,Oil & Gas Midstream,Energy,PAGP
2014Q4,2014,Q4,2015-02-25,2014-12-31,25000000.0,9459000000.0,526000000.0,0.31402911768419556,975000000.0,0.10307643514113543,23983000000.0,0.0,4181000000.0,4756000000.0,14602000000.0,891000000.0,0.0,5437226689.6508,15618226689.650799,0.0,0.8791000841042893,0.44135429262394194,0.0,0.03945578507118949,0.0,0.0,0.5748204556137858,54.372266896507995,0.0,1.04,9.521885521885523,0.004781849550155471,0.3944043697619147,0.6347771236333053,0.0010424050369011383,25.40760135350841,0.10307643514113543,-0.01729550474972915,-0.602780536246276,-0.3949470982495348,0.0,0.1284722222222222,0.5625,0.3052109181141439,-0.602780536246276,-0.3949470982495348,0.0,Oil & Gas Midstream,Energy,PAGP
2014Q3,2014,Q3,2014-11-07,2014-09-30,16000000.0,11127000000.0,403000000.0,0.319556,864000000.0,0.07764896198436236,22926000000.0,0.0,5161000000.0,5569000000.0,14239000000.0,1314000000.0,0.0,4163091897.696,13248091897.696,0.0,0.9267372957442988,0.39780162261188173,0.0,0.04041956914344685,0.0,0.0,0.3741432459509302,65.0483109015,0.0,1.5625,7.810502283105023,0.006005152087523186,0.48534415074587806,0.638714311366493,0.000697897583529617,-21.459236586061856,0.07764896198436236,0.09091033230235618,14.058823529411763,0.11957136927894954,0.0,0.06012269938650307,0.06666666666666667,0.10714285714285714,14.058823529411763,0.11957136927894954,0.0,Oil & Gas Midstream,Energy,PAGP
2014Q2,2014,Q2,2014-08-12,2014-06-30,15000000.0,11195000000.0,364000000.0,0.292926,815000000.0,0.07280035730236713,22594000000.0,0.0,5170000000.0,5424000000.0,13910000000.0,1096000000.0,0.0,4345098214.308801,13020098214.3088,0.0,0.9531710914454278,0.3851907586084801,0.0,0.03758751959169665,0.0,0.0,0.38812846934424305,72.41830357181334,0.0,1.5333333333333334,9.47080291970803,0.005293321086335615,0.4954855271310967,0.6928466076696165,0.0006638930689563601,-13.88210292111438,0.07280035730236713,0.0,13.117647058823527,0.07668818600401535,0.0,-0.11220043572984749,0.07142857142857142,-0.2601626016260163,13.117647058823527,0.07668818600401535,0.0,Oil & Gas Midstream,Energy,PAGP
2014Q1,2014,Q1,2014-05-13,2014-03-31,14000000.0,11684000000.0,492000000.0,0.292926,918000000.0,0.07856898322492298,21808000000.0,0.0,4934000000.0,5556000000.0,13441000000.0,914000000.0,0.0,3772488284.4915004,11957488284.4915,0.0,0.8880489560835133,0.3767883345561262,0.0,0.0519203323146368,0.0,0.0,0.32287643653641734,67.3658622230625,0.0,1.2142857142857142,11.778993435448578,0.00450630955432946,0.5357666911225238,0.6722462203023758,0.0006419662509170946,10.809422018600287,0.07856898322492298,0.23749847501750015,0.0,0.20179680657007615,0.0,0.1649746192893401,0.16666666666666666,0.25510204081632654,0.0,0.20179680657007615,0.0,Oil & Gas Midstream,Energy,PAGP
2013Q4,2013,Q4,2014-03-12,2013-12-31,12000000.0,10632000000.0,392000000.0,0.23670817048550916,788000000.0,0.07411587659894657,21453000000.0,0.0,4965000000.0,5413000000.0,13174000000.0,1065000000.0,0.0,3609345626.928,11909345626.928,0.0,0.9172362830223536,0.38889665781009647,0.0,0.0431528430042299,0.0,0.0,0.339479460772009,75.194700561,0.0,235.41666666666666,9.243192488262912,0.7826903522133526,0.4955950216752902,0.6798448180306669,0.0005593623269472801,-97.54988180886487,0.07411587659894657,10.378012424798557,-0.7005847953216374,0.06798507374839609,0.0,0.12410841654778887,11.0,0.32432432432432434,-0.7005847953216374,0.06798507374839609,0.0,Oil & Gas Midstream,Energy,PAGP
2013Q3,2013,Q3,2013-09-30,2013-09-30,1000000.0,10703000000.0,296000000.0,0.020804,701000000.0,0.06549565542371298,20292000000.0,-3000000.0,5148000000.0,5014000000.0,13086000000.0,1198000000.0,0.0,2812410754.8928,10916410754.8928,-0.06241328713973386,1.026725169525329,0.3704908338261384,-2506.0,0.03794098877075781,-0.06241328713973386,-0.3333333333333333,0.26276845322739417,703.1026887231999,-937.4702516309333,4.0,8.348914858096828,0.0014222673530319605,0.5274492410802286,0.7171918627842042,4.928050463236744e-05,-15.889326298829378,0.06549565542371298,4.061800486618005,0.0,0.1442163780200984,0.0,-0.1419828641370869,0.0,-0.22715404699738903,0.0,0.1442163780200984,0.0,Oil & Gas Midstream,Energy,PAGP
2013Q2,2013,Q2,2013-06-30,2013-06-30,1000000.0,10295000000.0,383000000.0,0.00411,817000000.0,0.07935891209324915,19265000000.0,0.0,4661000000.0,4743000000.0,11814000000.0,892000000.0,0.0,2812410754.8928,10212410754.8928,0.0,0.9827113641155387,0.33807422787438357,0.0,0.055466354357531,0.0,0.0,0.27318220057239434,703.1026887231999,0.0,1.0,10.625560538116591,0.0003555668382579901,0.5343887879574357,0.7039848197343453,5.190760446405398e-05,-42.612284165042425,0.07935891209324915,0.0,0.0,0.05201307991007575,0.0,-0.2579473206176203,0.0,-0.4152671755725191,0.0,0.05201307991007575,0.0,Oil & Gas Midstream,Energy,PAGP
2013Q1,2013,Q1,2013-03-31,2013-03-31,1000000.0,10620000000.0,655000000.0,0.00411,1101000000.0,0.10367231638418078,19466000000.0,0.0,5144000000.0,5026000000.0,12155000000.0,1031000000.0,0.0,2812410754.8928,10008410754.8928,0.0,1.0234779148428172,0.33550806534470357,0.0,0.09125109238305643,0.0,0.0,0.26482210498048964,703.1026887231999,0.0,1.0,9.23278370514064,0.0003555668382579901,0.5455666289941437,0.741941902109033,5.1371622315832736e-05,4.5730256177118696,0.10367231638418078,-0.9948012082189475,0.0,0.15209372965936205,0.0,0.37625,-0.9736842105263158,0.6293532338308457,0.0,0.15209372965936205,0.0,Oil & Gas Midstream,Energy,PAGP
2012Q4,2012,Q4,2012-12-31,2012-12-31,38000000.0,9439000000.0,402000000.0,0.7905683037699622,800000000.0,0.08475474096832292,19259000000.0,0.0,5149000000.0,5185000000.0,12291000000.0,1209000000.0,0.0,2812410754.8928,10393410754.8928,0.0,0.9930568948891032,0.33854301884833066,0.0,0.059655790216624136,0.0,0.0,0.29795643128433097,18.502702334821052,0.0,0.02631578947368421,7.145574855252274,0.0003555668382579901,0.4901085206916247,0.6921890067502411,0.001973103484085363,468.73512581546663,0.08475474096832292,191.3523853454896,0.0,0.0,0.0,0.2924071082390953,37.0,0.6341463414634146,0.0,0.0,0.0,Oil & Gas Midstream,Energy,PAGP
2012Q3,2012,Q3,2012-09-30,2012-09-30,1000000.0,9354000000.0,246000000.0,0.00411,619000000.0,0.0661748984391704,,,,,,,,2812410754.8928,,,0.0,0.0,0.0,0.0,,0.0,0.3006639678097926,703.1026887231999,0.0,1.0,0.0,0.0003555668382579901,0.0,0.0,0.0,12.668516913931532,0.0661748984391704,0.0,0.0,0.0,0.0,-0.2885057471264368,0.0,-0.4675324675324675,0.0,0.0,0.0,Oil & Gas Midstream,Energy,PAGP
2012Q2,2012,Q2,2012-06-30,2012-06-30,1000000.0,9786000000.0,462000000.0,0.00411,870000000.0,0.08890251379521766,,,,,,,,2812410754.8928,,,0.0,0.0,0.0,0.0,,0.0,0.2873912482007766,703.1026887231999,0.0,0.0,0.0,0.0,0.0,0.0,0.0,-11.160360138463492,0.08890251379521766,0.0,0.0,0.0,0.0,0.32621951219512196,0.0,0.476038338658147,0.0,0.0,0.0,Oil & Gas Midstream,Energy,PAGP
2012Q1,2012,Q1,2012-03-31,2012-03-31,0.0,9218000000.0,313000000.0,0.0,656000000.0,0.0711651117379041,,,,,,,,2812410754.8928,,,0.0,0.0,0.0,0.0,,0.0,0.3050998866232154,0.0,0.0,0.0,0.0,0.0003555668382579901,0.0,0.0,0.0,54.08482220947692,0.0711651117379041,0.0,0.0,0.0,0.0,0.0,0.0,0.0,0.0,0.0,0.0,Oil & Gas Midstream,Energy,PAGP
