Quarters,Year,Quarter,FillingDate,Date,NetIncome,Revenue,OperatingIncome,EPSDiluted,GrossProfit,GrossProfitRatio,TotalAssets,CommonStockEquity,CurrentAssets,CurrentLiability,TotalLiability,Inventory,RetainedEarnings,MarketCap,EnterpriseValue,bookValuePerShare,currentRatio,debtToAssets,debtToEquity,roic,shareholdersEquityPerShare,roe,priceToSalesRatio,peRatio,pbRatio,payoutRatio,inventoryTurnover,dividendYield,assetTurnover,quickRatio,returnOnAssets,priceToFreeCashFlowsRatio,grossProfitMargin,epsdilutedGrowth,fiveYNetIncomeGrowthPerShare,fiveYRevenueGrowthPerShare,fiveYShareholdersEquityGrowthPerShare,grossProfitGrowth,netIncomeGrowth,operatingIncomeGrowth,threeYNetIncomeGrowthPerShare,threeYRevenueGrowthPerShare,threeYShareholdersEquityGrowthPerShare,Industry,Sector,Symbol
2023Q1,2023,Q1,2023-05-11,2023-03-31,2760009.0,0.0,-294974.0,0.08,-294974.0,0.0,287569759.0,275598805.0,1143716.0,1129980.0,11970954.0,0.0,-9771181.0,71004721.32000001,70029636.32000001,39.357550184664255,1.0121559673622542,0.0,0.0,-0.00087364061473475,39.357550184664255,0.010014589867325441,0.0,6.431566103588793,0.2576379869281364,0.0,0.0,0.0,0.0,254.3417830404078,0.009597702517808905,-424.2380433769493,0.0,-0.813953488372093,0.0,0.0,0.0,0.7460795968593734,-0.08616508109099615,-0.0598033262793313,0.0,0.0,0.0,Shell Companies,Financial Services,CNDA
2022Q4,2022,Q4,2023-02-27,2022-12-31,3020249.0,0.0,-278329.0,0.43,-1161679.0,0.0,284852550.0,272838796.0,1372940.0,505098.0,12013754.0,0.0,-10195060.0,278556963.75,277475550.75,9.740850810878355,2.718165583708508,0.0,0.0,-0.0008785537935281577,9.740850810878355,0.01106971971830575,0.0,23.057450209403267,1.0209580449475375,0.0,0.0,0.0,0.0,556.7562017667858,0.01060285049229856,-455.43154759471776,0.0,13.333333333333334,0.0,0.0,0.0,-5.09568461594971,2.4190311128821187,-0.030035564536125204,0.0,0.0,0.0,Shell Companies,Financial Services,CNDA
2022Q3,2022,Q3,2022-11-04,2022-09-30,883364.0,0.0,-270213.0,0.03,-190574.0,0.0,283179858.0,269818547.0,1360048.0,434856.0,13361311.0,0.0,-11384529.0,67853624.22,66868236.22,38.532086539002556,3.127582464080063,0.0,0.0,-0.0007771007743926958,38.532086539002556,0.003273918749551342,0.0,19.203189234562423,0.2514787251448656,0.0,0.0,0.0,0.0,650.3421776404143,0.0031194450277604135,-565.3950406212764,0.0,-0.8125,-0.04282002963214861,0.0,4.226564499190019,0.0,-0.8419748899065352,0.1170086922423371,-0.04282002963214861,0.0,4.226564499190019,Shell Companies,Financial Services,CNDA
2022Q2,2022,Q2,2022-08-04,2022-06-30,5590023.0,0.0,-306020.0,0.16,0.0,0.0,282155755.0,268935183.0,1534180.0,149979.0,13220572.0,0.0,-11308453.0,67573526.7,66468127.7,38.405935618423186,10.229298768494257,0.0,0.0,-0.0011300825027062038,38.405935618423186,0.02078576308849854,0.0,3.0220594217590877,0.2512632447201971,0.0,0.0,0.0,0.0,1878.0011134892218,0.019811834070157457,-360.044579366052,0.0,-0.4666666666666666,0.0,0.0,11244.194375013636,0.0,-0.46050679917877696,0.0035719286135251385,0.0,0.0,11244.194375013636,Shell Companies,Financial Services,CNDA
2022Q1,2022,Q1,2022-05-10,2022-03-31,10361619.0,0.0,-307117.0,0.3,0.0,0.0,282132033.0,263345160.0,1746817.0,114735.0,18786873.0,0.0,-16753040.0,67783599.84,66490519.84,37.60763893946651,15.22479626966488,0.0,0.0,-0.002403674000134583,37.60763893946651,0.03934615316264024,0.0,1.635449050963947,0.2573945153956883,0.0,0.0,0.0,0.0,11.270144245435134,0.036726134532905026,-144.183919050283,0.0,0.0,0.0,0.0,0.0,0.0,0.0,0.0,0.0,0.0,0.0,Shell Companies,Financial Services,CNDA
2021Q3,2021,Q3,2021-11-15,2021-09-30,4638799.0,0.0,-190574.0,0.131794,0.0,0.0,282730090.0,259486606.0,2275206.0,132465.0,23243484.0,0.0,-20611594.0,350476616.875,348585359.875,7.372354544744263,17.17590306873514,0.0,0.0,-0.0007344271172131328,7.372354544744263,0.017876834074433884,0.0,18.888327392230185,1.350653978937934,,0.0,,0.0,14.277409126939192,0.016407164161409207,0.0,0.0,0.0,0.0,0.0,0.0,0.0,0.0,0.0,0.0,0.0,0.0,Shell Companies,Financial Services,CNDA
2021Q2,2021,Q2,2021-06-30,2021-06-30,0.0,0.0,0.0,0.0,0.0,0.0,281717.0,24527.0,25008.0,257190.0,257190.0,0.0,-473.0,71509437.7375,71559429.7375,0.0034153198546536118,0.09723550682374899,0.2662246154829137,3.057854609206181,,0.0034153198546536118,0.0,0.0,0.0,2915.539517164757,0.0,0.0,,0.0,0.09723550682374899,0.0,0.0,0.0,0.0,0.0,0.0,0.0,0.0,0.0,0.0,0.0,0.0,0.0,Shell Companies,Financial Services,CNDA
2021Q1,2021,Q1,2021-02-28,2021-02-28,,,,,,,42500.0,24527.0,25000.0,17973.0,17973.0,0.0,-473.0,0.0,-25000.0,0.0,1.390975351916764,0.0,0.0,,0.0,,0.0,0.0,0.0,0.0,0.0,,,1.390975351916764,,0.0,0.0,0.0,0.0,0.0,0.0,0.0,0.0,0.0,0.0,0.0,0.0,Shell Companies,Financial Services,CNDA
