Quarters,Year,Quarter,FillingDate,Date,NetIncome,Revenue,OperatingIncome,EPSDiluted,GrossProfit,GrossProfitRatio,TotalAssets,CommonStockEquity,CurrentAssets,CurrentLiability,TotalLiability,Inventory,RetainedEarnings,MarketCap,EnterpriseValue,bookValuePerShare,currentRatio,debtToAssets,debtToEquity,roic,shareholdersEquityPerShare,roe,priceToSalesRatio,peRatio,pbRatio,payoutRatio,inventoryTurnover,dividendYield,assetTurnover,quickRatio,returnOnAssets,priceToFreeCashFlowsRatio,grossProfitMargin,epsdilutedGrowth,fiveYNetIncomeGrowthPerShare,fiveYRevenueGrowthPerShare,fiveYShareholdersEquityGrowthPerShare,grossProfitGrowth,netIncomeGrowth,operatingIncomeGrowth,threeYNetIncomeGrowthPerShare,threeYRevenueGrowthPerShare,threeYShareholdersEquityGrowthPerShare,Industry,Sector,Symbol
2024Q1,2024,Q1,2023-06-23,2023-05-26,1500000.0,751900000.0,15700000.0,0.01,234600000.0,0.3120095757,2125500000.0,829100000.0,815900000.0,533600000.0,1296400000.0,307300000.0,868700000.0,838269000.0,1454069000.0,7.032230703986429,1.529047976011994,0.3086332627617031,0.7912193945241829,0.004792098226821912,7.032230703986429,0.0018091906886985888,1.1148676685729486,139.7115,1.0110589796164515,8.066666666666666,1.683371298405467,0.014434507300162597,0.3537520583392143,0.756184407796102,0.0007057163020465773,-2095.6725,0.312009575741455,-0.9230769230769231,-0.9111659931148032,0.003981367116402719,0.03167196213470417,-0.019230769230769232,-0.9044585987261147,-0.4529616724738676,1.0384350811110443,0.5203876805712788,-0.08126021109098978,Business Equipment & Supplies,Industrials,SCS
2023Q4,2023,Q4,2023-04-14,2023-02-24,15700000.0,801700000.0,28700000.0,0.13,239200000.0,0.2983659723,2202800000.0,826200000.0,884000000.0,603300000.0,1376600000.0,319700000.0,879300000.0,921590000.0,1526990000.0,7.0374787052810905,1.4652743245483175,0.3158707100054476,0.8421689663519729,0.010633884186737604,7.0374787052810905,0.019002662793512468,1.1495447174753648,14.675,1.1154563059791818,0.7452229299363057,1.7594619956208946,0.012695450254451545,0.3639458870528418,0.7773910160782364,0.007127292536771382,12.853417015341702,0.2983659723088437,0.3,0.0,0.04725206355113564,0.02537959741277414,0.005887300252312868,0.37719298245614036,-0.13293051359516617,-0.7594855964442623,-0.13683857639830377,-0.13264380342990686,Business Equipment & Supplies,Industrials,SCS
2023Q3,2023,Q3,2022-12-21,2022-11-25,11400000.0,826900000.0,33100000.0,0.1,237800000.0,0.2875801185,2268400000.0,809600000.0,914500000.0,679100000.0,1458800000.0,378500000.0,875300000.0,954288000.0000001,1626588000.0,7.177304964539007,1.3466352525401266,0.3206224651736907,0.8983448616600791,0.013002702952296545,7.177304964539007,0.01408102766798419,1.1540549038577823,20.927368421052634,1.178715415019763,1.0175438596491229,1.5564068692206077,0.012155659507402376,0.364530065244225,0.6941540273891916,0.005025568682771998,15.416607431340875,0.2875801185149353,-0.411764705882353,-0.5343985429257389,0.12414424692351425,0.044870168205358996,-0.051834130781499205,-0.41836734693877553,0.1453287197231834,-0.7800158896252374,-0.0828983310464854,-0.07943764810302528,Business Equipment & Supplies,Industrials,SCS
2023Q2,2023,Q2,2022-09-23,2022-08-26,19600000.0,863300000.0,28900000.0,0.17,250800000.0,0.2905131472,2302600000.0,799400000.0,952900000.0,725100000.0,1503200000.0,396700000.0,875500000.0,1365380000.0,2086080000.0,6.820819112627986,1.3141635636463935,0.33566403196386696,0.9668501376032024,0.012042465401616773,6.820819112627986,0.024518388791593695,1.5815823004749219,17.415561224489796,1.7080060045033776,0.8622448979591837,1.5439879001764558,0.012377506628191419,0.3749239989577,0.6688732588608468,0.008512116737600973,-39.46184971098266,0.2905131472257616,2.7,-0.45750437026554563,0.1368167900839073,0.02711290449310604,0.3089770354906054,2.719298245614035,5.661290322580645,-0.6691225002115477,-0.11651793347787723,-0.08181281176161727,Business Equipment & Supplies,Industrials,SCS
2023Q1,2023,Q1,2022-06-24,2022-05-27,-11400000.0,740700000.0,-6200000.0,-0.1,191600000.0,0.2586742271,2186800000.0,814100000.0,917600000.0,587300000.0,1372700000.0,372000000.0,872800000.0,1390718000.0,1971818000.0,7.22360248447205,1.5624042227141155,0.31909639656118527,0.8571428571428571,-0.0025898325256290093,7.22360248447205,-0.014003193710846334,1.8775725664911571,-30.498201754385967,1.7082889079965606,-1.5,1.4760752688172043,0.012295806914126373,0.33871410279860986,0.8208751915545718,-0.005213096762392537,-20.24334788937409,0.25867422708248955,-4.2631578947368425,-1.6706309715815222,0.07288519377633887,0.09809006604591587,-0.024439918533604887,-4.181818181818182,-2.1923076923076925,-1.6785240720616532,-0.04799888825031935,0.012321756626716784,Business Equipment & Supplies,Industrials,SCS
2022Q4,2022,Q4,2022-04-15,2022-02-25,-2200000.0,753100000.0,5200000.0,-0.019,196400000.0,0.2607887399,2261000000.0,852200000.0,959200000.0,567200000.0,1408800000.0,326200000.0,901300000.0,1434762000.0,1942762000.0,7.3592400690846285,1.691114245416079,0.31353383458646616,0.8318469842759916,0.0064,7.3592400690846285,-0.002581553625909411,1.9051414154826716,-163.04113636363635,1.6835977470077448,-7.590909090909091,1.7066217044757817,0.011639561125817382,0.3330827067669173,1.0278561354019746,-0.0009730207872622733,-24.442282793867122,0.2607887398751826,-1.2303030303030302,-1.0881431497770815,0.012174582632415337,0.1492511888707502,-0.03536345776031434,-1.2291666666666667,-0.7189189189189189,-1.1002032799914407,-0.15035977160579359,0.032268082178027443,Business Equipment & Supplies,Industrials,SCS
2022Q3,2022,Q3,2021-12-20,2021-11-26,9600000.0,738200000.0,18500000.0,0.0825,203600000.0,0.2758060146,2318800000.0,856600000.0,1003500000.0,591000000.0,1462200000.0,286100000.0,920200000.0,1374600000.0,1821800000.0,7.38448275862069,1.6979695431472082,0.31154045195790925,0.8433341116040158,0.008138575749243883,7.38448275862069,0.011207097828624796,1.8620969926849091,35.796875,1.6047163203362127,1.7395833333333333,1.8685774204823489,0.01214898879674087,0.318354321200621,1.1159052453468696,0.004140072451267897,-124.96363636363637,0.2758060146301815,-0.6071428571428572,-0.7581519919651825,-0.02580967621719967,0.19517640023918678,-0.015473887814313346,-0.611336032388664,-0.45427728613569324,-0.7355274105574559,-0.15808641739063875,0.030111579669498217,Business Equipment & Supplies,Industrials,SCS
2022Q2,2022,Q2,2021-09-24,2021-08-27,24700000.0,724800000.0,33900000.0,0.21,206800000.0,0.28532008830022076,2313500000.0,901300000.0,1030000000.0,547700000.0,1412200000.0,233400000.0,952200000.0,1688580000.0,2049080000.0,7.638135593220339,1.8805915647252145,0.3117354657445429,0.8001775213580384,0.015318745828796233,7.638135593220339,0.027404859647176302,2.329718543046358,17.09089068825911,1.873493842227893,0.6923076923076923,2.2193658954584405,0.010126852147958639,0.3132915496001729,1.34617491327369,0.010676464231683596,-148.12105263157895,0.28532008830022076,1.8749999999999998,-0.3364162747360014,-0.018678949957515324,0.2359409678500574,0.3367808661926309,1.8790035587188612,2.0660377358490565,-0.49182919672753633,-0.16399766218585624,0.08543843909378203,Business Equipment & Supplies,Industrials,SCS
2022Q1,2022,Q1,2021-06-25,2021-05-28,-28100000.0,556600000.0,-31800000.0,-0.24,154700000.0,0.27793747754222065,2289600000.0,930300000.0,992100000.0,498200000.0,1359300000.0,227600000.0,947800000.0,1711801000.0,2032801000.0,7.863905325443787,1.9913689281413087,0.3136792452830189,0.7720090293453724,-0.012230702268260233,7.863905325443787,-0.030205310115016662,3.0754599353215952,-15.229546263345195,1.8400526711813394,-0.4306049822064057,1.765817223198594,0.007068578649036892,0.2430992313067785,1.4381774387796067,-0.01227288609364081,-20.87562195121951,0.27793747754222065,-5.0,-2.4900828750947706,-0.20339878006501855,0.3029779143723742,-0.1967808930425753,-5.257575757575758,-5.746268656716418,-2.6585301576251807,-0.25930769903428535,0.1536837994440459,Business Equipment & Supplies,Industrials,SCS
2021Q4,2021,Q4,2021-04-20,2021-02-26,6600000.0,677100000.0,6700000.0,0.06,192600000.0,0.28444838280903856,2354000000.0,960500000.0,1045400000.0,515000000.0,1393500000.0,193500000.0,988000000.0,1642132000.0,1879532000.0,8.15365025466893,2.0299029126213592,0.30892098555649955,0.7571056741280583,0.010904786565066214,8.15365025466893,0.0068714211348256116,2.4252429478658986,62.20196969696969,1.7096637168141593,1.7727272727272727,2.503875968992248,0.007124883992273459,0.28763806287170773,1.4759223300970874,0.002803738317757009,89.24630434782608,0.28444838280903856,1.9999999999999996,-0.9109348814283368,-0.05316413972705911,0.3631832153280123,0.08263069139966273,2.142857142857143,-0.26373626373626374,0.0,-0.11851492891000459,0.18800879771089168,Business Equipment & Supplies,Industrials,SCS
2021Q3,2021,Q3,2020-12-22,2020-11-27,2100000.0,617500000.0,9100000.0,0.02,177900000.0,0.2880971659919028,2385300000.0,947800000.0,1084800000.0,569000000.0,1437500000.0,235000000.0,993100000.0,1511268000.0,1742968000.0,8.05267629566695,1.9065026362038664,0.30021380958370014,0.7555391432791728,-0.002398271136411554,8.05267629566695,0.0022156573116691287,2.4473975708502023,179.91285714285715,1.5945009495674192,5.571428571428571,1.8706382978723404,0.00774184327333074,0.2588772900683352,1.3333919156414762,0.0008803924034712615,-69.32422018348623,0.2880971659919028,-0.9574468085106382,-0.9374528653117334,-0.16867780245461403,0.4224685091284294,-0.34013353115727,-0.9621621621621622,-0.8972911963882618,-0.9178019696584008,-0.19547665796214778,0.17230649625841257,Business Equipment & Supplies,Industrials,SCS
2021Q2,2021,Q2,2020-09-25,2020-08-28,55500000.0,818800000.0,88600000.0,0.47,269600000.0,0.32926233512457254,2439700000.0,948100000.0,1132600000.0,620000000.0,1491600000.0,217500000.0,1002700000.0,1265376000.0,1474276000.0,8.062074829931973,1.826774193548387,0.2970857072590892,0.764476321063179,0.031021563497398815,8.062074829931973,0.058538128889357666,1.5454030288226672,5.699891891891892,1.334644024891889,0.21081081081081082,2.525057471264368,0.009246263561186557,0.335615034635406,1.346774193548387,0.022748698610484896,9.756175790285274,0.32926233512457254,2.4242424242424243,0.5832784726793944,0.060965338516358866,0.46030034655371593,1.1972290138549306,2.456692913385827,2.694072657743786,0.5309233449477353,0.07455057835408521,0.21402737091817486,Business Equipment & Supplies,Industrials,SCS
2021Q1,2021,Q1,2020-07-01,2020-05-29,-38100000.0,482800000.0,-52300000.0,-0.33,122700000.0,0.25414250207125105,2539500000.0,881000000.0,1230200000.0,790100000.0,1658500000.0,246700000.0,958900000.0,1332858000.0,1669958000.0,7.654213727193745,1.5570180989748132,0.3837763339240008,1.1062429057888763,-0.01730445976960387,7.654213727193745,-0.043246311010215664,2.7606835128417564,-8.745787401574804,1.5128921679909193,-0.2204724409448819,1.4596676124847994,0.006302246750966719,0.1901161645993306,1.1292241488419188,-0.015002953337271117,-12.965544747081712,0.25414250207125105,-1.6,-3.0589226759339705,-0.26036866841824285,0.4342283290599515,-0.6005859375,-1.5729323308270677,-1.7579710144927536,-3.1945845793472882,-0.3152583246355839,0.1635490844479977,Business Equipment & Supplies,Industrials,SCS
2020Q4,2020,Q4,2020-04-27,2020-02-28,66500000.0,946200000.0,69000000.0,0.55,307200000.0,0.32466708941027267,2565400000.0,970400000.0,1188800000.0,690900000.0,1595000000.0,215000000.0,1011300000.0,1939911999.9999998,2140311999.9999998,8.11371237458194,1.7206542191344623,0.2889997661183441,0.7640148392415499,0.03574369793852692,8.11371237458194,0.06852844187963726,2.050213485521031,7.292902255639097,1.9990849134377573,0.2586466165413534,2.972093023255814,0.008866381567823696,0.368831371326109,1.3220437111014618,0.02592188352693537,16.48183517417162,0.32466708941027267,0.19565217391304351,2.0190914158305464,0.30607782263945116,0.5132232479259479,-0.028155646947168617,0.21129326047358835,-0.08122503328894808,1.5796744963832934,0.23129779888668037,0.2670728913730701,Business Equipment & Supplies,Industrials,SCS
2020Q3,2020,Q3,2019-12-19,2019-11-22,54900000.0,955200000.0,75100000.0,0.46,316100000.0,0.3309254606365159,2523800000.0,931700000.0,1132300000.0,707400000.0,1592100000.0,248300000.0,962000000.0,2142635000.0,2507935000.0,7.796652719665272,1.6006502685892,0.2904350582455028,0.786733927229795,0.029194749775675016,7.796652719665272,0.05892454652785231,2.243127093802345,9.756989981785063,2.2997048406139315,0.31693989071038253,2.5739025372533226,0.008120841860606217,0.37847689991282985,1.1528131184619734,0.02175291227514066,13.441875784190715,0.3309254606365159,-0.07999999999999996,3.819956031487129,0.23696401673640174,0.4466810651896893,-0.05217391304347826,-0.09256198347107437,-0.11957796014067995,0.3425600194987204,0.22364141754023842,0.2618859893099862,Business Equipment & Supplies,Industrials,SCS
2020Q2,2020,Q2,2019-09-20,2019-08-23,60500000.0,998000000.0,85300000.0,0.5,333500000.0,0.33416833667334667,2395000000.0,889200000.0,1013300000.0,644500000.0,1505800000.0,243100000.0,924500000.0,1836198000.0,2321498000.0,7.428571428571429,1.5722265321955005,0.2982881002087683,0.8034188034188035,0.0342924712919789,7.428571428571429,0.0680386864597391,1.839877755511022,7.587595041322314,2.065,0.28429752066115704,2.7334430275606745,0.00936718153488894,0.41670146137787056,1.0805275407292474,0.025260960334029227,19.10715920915713,0.33416833667334667,2.3333333333333335,1.0681211224783271,0.3226405278481573,0.3708202192602607,0.29063467492260064,2.398876404494382,2.0905797101449277,0.6022932549523898,0.33202178709747104,0.2020309994655264,Business Equipment & Supplies,Industrials,SCS
2020Q1,2020,Q1,2019-06-21,2019-05-24,17800000.0,824300000.0,27600000.0,0.15,258400000.0,0.31347810263253667,2255700000.0,852000000.0,866400000.0,551000000.0,1403700000.0,241300000.0,881200000.0,1996367999.9999998,2548868000.0,7.135678391959799,1.5724137931034483,0.3126302256505741,0.827699530516432,0.011479368307615668,7.135678391959799,0.020892018779342724,2.421894941162198,28.03887640449438,2.3431549295774645,0.9719101123595506,2.34521342726896,0.008665736978352689,0.365429800062065,1.0076225045372051,0.00789112027308596,-23.267692307692304,0.31347810263253667,-0.21052631578947373,-0.11049692908989388,0.19628231509272737,0.3001316017341324,-0.087248322147651,-0.21238938053097345,-0.4127659574468085,-0.06479994474088659,0.16886265402322326,0.18231730469912527,Business Equipment & Supplies,Industrials,SCS
2019Q4,2019,Q4,2019-04-12,2019-02-22,22600000.0,912400000.0,47000000.0,0.19,283100000.0,0.31028057869355546,2142400000.0,849800000.0,948600000.0,595200000.0,1292600000.0,224800000.0,880700000.0,2091960000.0,2317660000.0,7.129194630872483,1.59375,0.22731516056758774,0.5730760178865616,0.028077176020791173,7.129194630872483,0.026594492821840433,2.292810170977641,23.141150442477876,2.46170863732643,0.7079646017699115,2.7993772241992882,0.007648329795980803,0.4258775205377147,1.094758064516129,0.010548917102315161,34.57785123966942,0.31028057869355546,-0.3870967741935484,-0.0020358877874814395,0.23546162682359342,0.3245498221293137,0.017247574559827523,-0.3941018766756032,0.03524229074889868,-0.6986014288807102,0.26088708338605365,0.19190769239176275,Business Equipment & Supplies,Industrials,SCS
2019Q3,2019,Q3,2018-12-20,2018-11-23,37300000.0,901000000.0,45400000.0,0.31,278300000.0,0.30887902330743616,1980600000.0,854500000.0,796900000.0,636800000.0,1126100000.0,252400000.0,874100000.0,1956072000.0,2226472000.0,7.168624161073826,1.2514133165829147,0.16227405836615166,0.37612638970157986,0.0318607400695532,7.168624161073826,0.043651258045640726,2.1710011098779134,13.110402144772118,2.2891421884142775,0.4289544235924933,2.4671156893819335,0.008179658008498665,0.4549126527314955,0.7441896984924623,0.018832676966575784,28.30784370477569,0.30887902330743616,-0.2439024390243902,0.7128939305515029,0.21259359884790896,0.33946242487265466,-0.03568953568953569,-0.24032586558044808,-0.33136966126656847,0.09697609531709532,0.19772582409903844,0.266304735034697,Business Equipment & Supplies,Industrials,SCS
2019Q2,2019,Q2,2018-09-21,2018-08-24,49100000.0,875800000.0,67900000.0,0.41,288600000.0,0.3295272893354647,1884800000.0,838800000.0,769700000.0,573600000.0,1046000000.0,232300000.0,852800000.0,1728400000.0,1986600000.0,7.0369127516778525,1.3418758716875872,0.16123726655348047,0.3623032904148784,0.04341599574108106,7.0369127516778525,0.05853600381497377,1.9735099337748345,8.80040733197556,2.060562708631378,0.3258655804480652,2.527765820060267,0.009257116408238834,0.46466468590831916,0.7939330543933054,0.02605050933786078,32.18621973929236,0.3295272893354647,1.9285714285714282,0.8789788201536816,0.2209965858273743,0.3415313680136911,0.21311475409836064,1.888235294117647,1.9141630901287554,0.38190084433860144,0.11959092361776928,0.2746106116246677,Business Equipment & Supplies,Industrials,SCS
2019Q1,2019,Q1,2018-06-22,2018-05-25,17000000.0,754000000.0,23300000.0,0.14,237900000.0,0.31551724137931036,1755200000.0,809100000.0,761100000.0,473100000.0,946100000.0,202900000.0,819700000.0,1673670000.0,1833070000.0,6.816343723673126,1.6087507926442612,0.1676731996353692,0.36373748609566187,0.015473333208327864,6.816343723673126,0.021010999876405884,2.2197214854111404,24.61279411764706,2.068557656655543,0.9588235294117647,2.54361754558896,0.009739076400963153,0.4295806745670009,0.9970407947579792,0.009685505925250684,-12.53685393258427,0.31551724137931036,0.0,0.37250772254984554,0.20453718562294232,0.3380935460034923,-0.0600553141050968,0.0,-0.3023952095808383,-0.10918281381634379,0.12006696691120503,0.27723024435146376,Business Equipment & Supplies,Industrials,SCS
2018Q4,2018,Q4,2018-04-10,2018-02-23,0.0,772700000.0,33400000.0,0.0,253100000.0,0.32755273715542904,1859200000.0,813300000.0,853900000.0,554700000.0,1045900000.0,184600000.0,819000000.0,1736025000.0,1747925000.0,6.8632911392405065,1.539390661618893,0.15867039586919104,0.3627197835976884,0.0,6.8632911392405065,0.0,2.246699883525301,0.0,2.134544448542973,0.0,2.8147345612134345,0.00869803142235855,0.4156088640275387,1.0517396791058229,0.0,16.969941348973606,0.32755273715542904,-1.0,1.0,0.1488464179472872,0.3058747062836353,0.005162827640984908,-1.0,-0.13246753246753246,-1.0,0.07648963603023293,0.28001723868330025,Business Equipment & Supplies,Industrials,SCS
2018Q3,2018,Q3,2017-12-20,2017-11-24,25700000.0,772100000.0,38500000.0,0.22,251800000.0,0.3261235591244657,1848500000.0,813300000.0,847100000.0,535700000.0,1035200000.0,186300000.0,834000000.0,1704960000.0,1756460000.0,6.869087837837838,1.5812955012133656,0.1599134433324317,0.3634575187507685,0.023667921444842345,6.869087837837838,0.03159965572359523,2.2082113715839915,16.585214007782103,2.0963482109922538,0.5836575875486382,2.792807300053677,0.00879786036036036,0.41769001893427105,1.1043494493186485,0.013903164728157965,33.36516634050881,0.3261235591244657,-0.29032258064516125,0.16716173270728354,0.13796682666577464,0.22963358248218593,-0.025541795665634675,-0.3035230352303523,-0.2896678966789668,1.2772990151168115,0.009142525337837906,0.27456995552206886,Business Equipment & Supplies,Industrials,SCS
2018Q2,2018,Q2,2017-09-20,2017-08-25,36900000.0,775600000.0,54200000.0,0.31,258400000.0,0.333161423414131,1775100000.0,794900000.0,793200000.0,485300000.0,980200000.0,173500000.0,823400000.0,1544130000.0,1700930000.0,6.640768588137009,1.6344529157222336,0.16680750380260267,0.3724996854950308,0.036157046084423924,6.640768588137009,0.04642093345074852,1.9908844765342961,10.46158536585366,1.9425462322304694,0.41192411924119243,2.980979827089337,0.009843730773963331,0.4369331305278576,1.1230166907067793,0.020787561264154132,29.134528301886792,0.333161423414131,1.0666666666666667,0.3281763731362304,0.10558267957000401,0.22627006763361018,0.0642504118616145,1.0386740331491713,0.8127090301003345,0.26138296561074814,0.027895784968968745,0.22544421085243047,Business Equipment & Supplies,Industrials,SCS
2018Q1,2018,Q1,2017-06-23,2017-05-26,18100000.0,735100000.0,29900000.0,0.15,242800000.0,0.3302951979322541,1733000000.0,789400000.0,750900000.0,451000000.0,943600000.0,174600000.0,819500000.0,2010000000.0,2162900000.0,6.578333333333333,1.6649667405764967,0.17126370455856896,0.37598175829744107,0.01754371746961237,6.578333333333333,0.02292880668862427,2.7343218609712965,27.762430939226515,2.546237648847226,0.8674033149171271,2.8195876288659796,0.007810945273631841,0.42417772648586266,1.1292682926829267,0.010444316214656664,-29.86627043090639,0.3302951979322541,-0.2857142857142857,0.4717676767676769,0.168553515007899,0.23385660890248047,-0.050078247261345854,-0.29844961240310075,-0.40674603174603174,-0.10002777777777765,0.06149483704420788,0.19858247297755804,Business Equipment & Supplies,Industrials,SCS
2017Q4,2017,Q4,2017-04-14,2017-02-24,25800000.0,769100000.0,50400000.0,0.21,255600000.0,0.3323364972045248,1792000000.0,766500000.0,819200000.0,523400000.0,1025500000.0,163100000.0,817100000.0,1909215000.0,2009515000.0,6.4035087719298245,1.565150936186473,0.16595982142857144,0.38799739073711675,0.0243470146109799,6.4035087719298245,0.03365949119373777,2.4824015082564035,18.500145348837208,2.490821917808219,0.5581395348837209,3.1483752299202945,0.0075423668890093575,0.42918526785714284,1.104508979747803,0.014397321428571428,41.504673913043476,0.3323364972045248,-0.3823529411764707,0.8689677213167145,0.2027523653139417,0.16756044783140467,-0.024054982817869417,-0.3737864077669903,-0.07692307692307693,0.13450991495475076,0.03707198026715067,0.18972294123286348,Business Equipment & Supplies,Industrials,SCS
2017Q3,2017,Q3,2016-12-21,2016-11-25,41200000.0,786500000.0,54600000.0,0.34,261900000.0,0.3329942784488239,1773100000.0,743900000.0,802800000.0,520000000.0,1029200000.0,172600000.0,802500000.0,1968540000.0000002,2126740000.0000002,6.178571428571429,1.5438461538461539,0.1676724381027579,0.3996504906573464,0.03942531217489085,6.178571428571429,0.05538378814356768,2.502911633820725,11.94502427184466,2.646242774566474,0.35194174757281554,3.0393974507531865,0.007365865057352148,0.4435734025153686,1.084423076923077,0.023236140093621342,28.001991465149363,0.3329942784488239,0.09677419354838718,1.0057991219743714,0.19224780802015706,0.17249086366733438,-0.004561003420752566,0.07853403141361257,-0.11793214862681745,0.8731330348114981,0.04794617245945383,0.15447038120680165,Business Equipment & Supplies,Industrials,SCS
2017Q2,2017,Q2,2016-09-22,2016-08-26,38200000.0,758000000.0,61900000.0,0.31,263100000.0,0.3470976253298153,1733600000.0,748400000.0,779400000.0,477700000.0,985200000.0,164700000.0,787300000.0,1770482000.0,1917482000.0,6.180016515276631,1.6315679296629684,0.172185048454084,0.3988508818813469,0.03789680110213535,6.180016515276631,0.05104222340994121,2.3357282321899735,11.586924083769633,2.3656894708711915,0.3769633507853403,3.004857316332726,0.008133378368150593,0.43724042455006923,1.0969227548670715,0.022035071527457314,24.153915416098226,0.3470976253298153,0.9375,2.4698596201486374,0.1696517351355143,0.14405906074064642,0.14490861618798956,0.9690721649484536,0.8588588588588588,0.43891741164925374,0.040185574507528195,0.17817092561073267,Business Equipment & Supplies,Industrials,SCS
2017Q1,2017,Q1,2016-06-23,2016-05-27,19400000.0,718800000.0,33300000.0,0.16,229800000.0,0.31969949916527546,1675900000.0,734500000.0,719900000.0,435500000.0,941400000.0,156900000.0,771700000.0,1932596000.0,2098396000.0,6.035332785538209,1.6530424799081516,0.17853093860015515,0.4073519400953029,0.019714791342483846,6.035332785538209,0.026412525527569775,2.6886421814134667,24.90458762886598,2.631172226004084,0.7835051546391752,3.1166347992351815,0.007865068539932815,0.42890387254609463,1.0998851894374282,0.01157586968196193,-24.15745,0.31969949916527546,-0.7419354838709676,1.8013366201040812,0.2174756068818626,0.11361733324084546,-0.019206145966709345,-0.7496774193548387,0.29069767441860467,0.5276636537934813,0.11999755623101342,0.18477591149997433,Business Equipment & Supplies,Industrials,SCS
2016Q4,2016,Q4,2016-04-15,2016-02-26,77500000.0,747900000.0,25800000.0,0.62,234300000.0,0.31327717609306055,1808600000.0,736900000.0,823900000.0,557500000.0,1071700000.0,159400000.0,776500000.0,1544928000.0,1662128000.0,5.9813311688311686,1.477847533632287,0.16537653433595045,0.4058895372506446,0.06412024269167126,5.9813311688311686,0.10517030804722487,2.065687926193341,4.983638709677419,2.0965232731713934,0.17935483870967742,3.2220828105395234,0.008997183040245242,0.4135242729182793,1.055964125560538,0.04285082384164547,47.53624615384616,0.31327717609306055,1.214285714285714,7.165662462537463,0.3156739110945242,0.12399736608046733,-0.0757396449704142,1.1769662921348314,-0.532608695652174,3.9073937426210157,0.0695528220739615,0.13806465802161902,Business Equipment & Supplies,Industrials,SCS
2016Q3,2016,Q3,2015-12-23,2015-11-27,35600000.0,787600000.0,55200000.0,0.28,253500000.0,0.3218638902996445,1791400000.0,706500000.0,913700000.0,566300000.0,1084900000.0,181100000.0,737900000.0,2524704000.0,2674504000.0,5.6610576923076925,1.6134557654953205,0.16752260801607682,0.42476999292285916,0.0356898582699703,5.6610576923076925,0.050389242745930644,3.205566277298121,17.729662921348314,3.5735371549893844,0.39325842696629215,2.9491993373826615,0.005545204507142224,0.4396561348665848,1.081229030549179,0.01987272524282684,46.581254612546125,0.3218638902996445,-0.06666666666666654,1.0731750035028722,0.24791757207011453,0.058811240440054986,-0.04985007496251874,-0.043010752688172046,-0.08153078202995008,0.5338575619295959,0.10128284463061689,0.013384428204043146,Business Equipment & Supplies,Industrials,SCS
2016Q2,2016,Q2,2015-09-29,2015-08-28,37200000.0,819000000.0,60100000.0,0.3,266800000.0,0.32576312576312577,1734400000.0,689000000.0,860300000.0,548600000.0,1045400000.0,176800000.0,716300000.0,2180256000.0,2300156000.0,5.520833333333333,1.568173532628509,0.16218865313653136,0.40827285921625545,0.039387236831326285,5.520833333333333,0.05399129172714078,2.662095238095238,14.652258064516129,3.164377358490566,0.3763440860215054,3.1233031674208145,0.006421264291899667,0.47220940959409596,1.050309879693766,0.021448339483394835,32.88470588235294,0.32576312576312577,0.8749999999999999,13.158653846153845,0.4551725575191731,0.07965127677302354,0.23176361957525393,0.86,0.7940298507462686,0.28425684485006525,0.1197392267418446,0.019465228340355478,Business Equipment & Supplies,Industrials,SCS
2016Q1,2016,Q1,2015-06-26,2015-05-29,20000000.0,705500000.0,33500000.0,0.16,216600000.0,0.30701630049610207,1648000000.0,663900000.0,783200000.0,493100000.0,984100000.0,183700000.0,693100000.0,2139680000.0,2310980000.0,5.336816720257235,1.588318799432164,0.17099514563106796,0.42446151528844706,0.02249110845917444,5.336816720257235,0.030125018828136767,3.0328561304039687,26.746,3.2228950143093837,0.755,2.6614044637996734,0.007057130038136543,0.42809466019417475,0.9890488744676537,0.012135922330097087,-35.66133333333333,0.30701630049610207,-0.11111111111111106,2.924915268966716,0.3911136689776485,0.060500810589393786,-0.048330404217926184,-0.12280701754385964,-0.0945945945945946,0.5687420832115366,0.08183260693985156,0.0009931463071674515,Business Equipment & Supplies,Industrials,SCS
2015Q4,2015,Q4,2015-04-16,2015-02-27,22800000.0,749900000.0,37000000.0,0.18,227600000.0,0.30350713428457127,1721800000.0,663800000.0,855500000.0,545300000.0,1058000000.0,166200000.0,688200000.0,2317536000.0,2425336000.0,5.361873990306947,1.5688611773335779,0.16511789987222675,0.42829165411268455,0.02763290556267815,5.361873990306947,0.03434769508888219,3.090460061341512,25.41157894736842,3.4913166616450737,0.5657894736842105,3.142599277978339,0.0055662565759496295,0.43553258218143803,1.0460297084173849,0.013241956092461378,48.08165975103734,0.30350713428457127,1.0,2.7983464791409296,0.45753969032225594,0.020723718338249122,0.05909725453699395,0.9322033898305084,0.9786096256684492,0.5969467966302003,0.13388828318358711,-0.02236223603209491,Business Equipment & Supplies,Industrials,SCS
2015Q3,2015,Q3,2014-12-23,2014-11-28,11800000.0,800000000.0,18700000.0,0.09,214900000.0,0.268625,1735800000.0,667200000.0,867500000.0,570900000.0,1068600000.0,189600000.0,678300000.0,2168976000.0,2325176000.0,5.389337641357027,1.5195305657733404,0.16418942274455584,0.427158273381295,0.013793870835458735,5.389337641357027,0.017685851318944845,2.71122,45.9528813559322,3.250863309352518,1.1016949152542372,3.085970464135021,0.0059936117319878135,0.4608825901601567,1.000525486074619,0.006798018204862311,-2168.976,0.268625,-0.625,0.0,0.3928880374464522,-0.03725579933788914,-0.1207037643207856,-0.6131147540983607,-0.6458333333333334,-0.44130077313639504,0.17940682034885466,0.02272009294721452,Business Equipment & Supplies,Industrials,SCS
2015Q2,2015,Q2,2014-09-26,2014-08-29,30500000.0,786700000.0,52800000.0,0.24,244400000.0,0.31066480233888394,1702800000.0,676300000.0,852800000.0,529900000.0,1026500000.0,182500000.0,679700000.0,1959360000.0,2089460000.0,5.419070512820513,1.6093602566521985,0.16784120272492364,0.4225935235842082,0.03212741801014695,5.419070512820513,0.04509832914387106,2.490606330240244,16.060327868852458,2.8971758095519737,0.4262295081967213,2.9715068493150687,0.006634819532908705,0.46200375851538644,1.0881298358180789,0.017911674888419073,70.22795698924732,0.31066480233888394,0.4117647058823528,0.0,0.4480703808674749,-0.015927028438993514,0.06678306416412047,0.4523809523809524,0.45054945054945056,1.688301282051282,0.1779478714837388,0.0031909632699832573,Business Equipment & Supplies,Industrials,SCS
2015Q1,2015,Q1,2014-06-27,2014-05-30,21000000.0,723100000.0,36400000.0,0.17,229100000.0,0.3168303139261513,1656200000.0,687700000.0,824100000.0,472800000.0,968500000.0,161100000.0,683700000.0,2053667000.0,2181767000.0,5.488427773343974,1.743020304568528,0.17292597512377733,0.4164606659880762,0.02185861729661749,5.488427773343974,0.030536571179293297,2.8400871248789934,24.44841666666667,2.986283263050749,0.6476190476190476,3.0664183736809436,0.006622300499545448,0.43660185967878273,1.1954314720812182,0.01267962806424345,-23.231527149321266,0.3168303139261513,-0.1052631578947368,0.0,0.40994794311833405,-0.0029879773960864776,-0.07769726247987117,-0.12133891213389121,-0.3284132841328413,1.9452513966480447,0.1895701801444441,0.012704438648657118,Business Equipment & Supplies,Industrials,SCS
2014Q4,2014,Q4,2014-04-17,2014-02-28,23900000.0,779400000.0,54200000.0,0.19,248400000.0,0.3187066974595843,1726700000.0,677100000.0,889900000.0,538200000.0,1049600000.0,151500000.0,676300000.0,1870646000.0,1955846000.0,5.382352941176471,1.6534745447788926,0.16621300747089823,0.42386648944025995,0.030125914966117707,5.382352941176471,0.03529759267464185,2.4001103412881704,19.567426778242677,2.762732240437158,0.5271966527196653,3.504950495049505,0.006735641056618944,0.4513812474662651,1.167038275733928,0.013841431632593965,39.88584221748401,0.3187066974595843,0.05555555555555561,1.3860407546950657,0.26314252194628773,-0.019453987927048423,0.023064250411861616,0.0391304347826087,0.3791348600508906,1.466139782316253,0.3427501141514342,0.011438818289008291,Business Equipment & Supplies,Industrials,SCS
2014Q3,2014,Q3,2013-12-20,2013-11-22,23000000.0,784800000.0,39300000.0,0.18,242800000.0,0.30937818552497454,1775800000.0,673800000.0,945000000.0,580500000.0,1102000000.0,161100000.0,671200000.0,2092458000.0000002,2230458000.0,5.3518665607625096,1.627906976744186,0.1616736118932312,0.42609082813891364,0.02443326264743686,5.3518665607625096,0.034134758088453544,2.6662308868501534,22.744108695652177,3.105458593054319,0.5434782608695652,3.3643699565487273,0.005973835556078067,0.44194166009685776,1.1316106804478898,0.012951908998761122,32.49158385093168,0.30937818552497454,-0.18181818181818185,60.108022239872916,0.028035002413780614,-0.11671426442577552,-0.006139991813344249,-0.16666666666666666,-0.24423076923076922,0.3277082600901921,0.23261668528964344,0.0009819330353167855,Business Equipment & Supplies,Industrials,SCS
2014Q2,2014,Q2,2013-09-24,2013-08-23,27600000.0,757600000.0,52000000.0,0.22,244300000.0,0.32246568109820484,1687700000.0,660400000.0,757200000.0,510500000.0,1027300000.0,154500000.0,660700000.0,1906126000.0,2066026000.0,5.245432883240667,1.4832517140058765,0.17046868519286604,0.4356450635978195,0.032694694834707494,5.245432883240667,0.041792852816474865,2.51600580781415,17.265634057971013,2.886320411871593,0.45652173913043476,3.3223300970873786,0.0066102660579625905,0.44889494578420336,0.9847208619000979,0.016353617349054928,49.638697916666665,0.32246568109820484,1.2,-0.061675680324592856,-0.10318415327142907,-0.19374865106639336,0.16499761564139245,1.0909090909090908,1.5490196078431373,9.413026211278792,0.33431821727178856,0.025794108911937622,Business Equipment & Supplies,Industrials,SCS
2014Q1,2014,Q1,2013-06-25,2013-05-24,13200000.0,667100000.0,20400000.0,0.1,209700000.0,0.31434567531104785,1618200000.0,644400000.0,692700000.0,456500000.0,973800000.0,146800000.0,645700000.0,1720400000.0,1905700000.0,5.094071146245059,1.5174151150054764,0.1782227165986899,0.4475481067659839,0.01621793512825949,5.094071146245059,0.020484171322160148,2.578923699595263,32.583333333333336,2.669770328988206,0.946969696969697,3.1158038147138964,0.007265752150662636,0.4122481769867754,0.9820372398685652,0.008157211716722283,-29.81629116117851,0.31434567531104785,1.4545454545454546,-0.3573873696635845,-0.12011061572761049,-0.21349621894049628,-0.029166666666666667,1.48,1.4513274336283186,2.2493537015276144,0.29355945705794034,0.012263838720048447,Business Equipment & Supplies,Industrials,SCS
2013Q4,2013,Q4,2013-04-19,2013-02-22,-27500000.0,721400000.0,-45200000.0,-0.22,216000000.0,0.299417798724702,1689600000.0,668000000.0,778600000.0,484800000.0,1021600000.0,137500000.0,645000000.0,1752709000.0,1891309000.0,5.255704169944925,1.606023102310231,0.17104640151515152,0.43263473053892215,-0.027576445322986066,5.255704169944925,-0.04116766467065868,2.429593845300804,-15.93371818181818,2.6238158682634727,-0.41454545454545455,3.6756363636363636,0.00650421718608166,0.4269649621212121,1.1101485148514851,-0.016276041666666668,52.47631736526946,0.299417798724702,-2.2222222222222223,-1.9644508209787979,-0.1410347655013219,-0.213000275792636,-0.043824701195219126,-2.1652542372881354,-2.1770833333333335,-1.112741241264405,0.365740751960647,0.0005124910674973433,Business Equipment & Supplies,Industrials,SCS
2013Q3,2013,Q3,2012-12-21,2012-11-23,23600000.0,727200000.0,38400000.0,0.18,225900000.0,0.31064356435643564,1766700000.0,708900000.0,779100000.0,522400000.0,1057800000.0,155900000.0,693500000.0,1403514000.0,1557314000.0,5.58628841607565,1.491385911179173,0.1640346408558329,0.40880236986881086,0.024458750553617275,5.58628841607565,0.03329101424742559,1.9300247524752476,14.867733050847459,1.9798476512907321,0.4830508474576271,3.215522771007056,0.008122469743800204,0.4116148751910341,1.0091883614088821,0.013358238523801438,18.346588235294117,0.31064356435643564,-0.21739130434782614,-0.15466724139406898,-0.07970046556012672,-0.33435805128677276,-0.009644892590968873,-0.2,-0.1794871794871795,0.0,0.23520520869666317,-0.002072771516214264,Business Equipment & Supplies,Industrials,SCS
2013Q2,2013,Q2,2012-10-01,2012-08-24,29500000.0,744900000.0,46800000.0,0.23,228100000.0,0.3062155994093167,1699100000.0,688300000.0,735600000.0,483800000.0,1010800000.0,142200000.0,681300000.0,1236683000.0,1425383000.0,5.415420928402832,1.5204630012401819,0.17179683361779766,0.4240883335754758,0.031161240346470744,5.415420928402832,0.042859218364085426,1.6602000268492416,10.480364406779662,1.7967209065814327,0.3864406779661017,3.6343178621659633,0.009218207091065373,0.4384085692425402,1.010334849111203,0.017362132893885,24.53736111111111,0.3062155994093167,1.3,-0.12146495898089807,0.013484655080159847,-0.34780946368209625,0.16377551020408163,1.2348484848484849,1.4248704663212435,0.0,0.346317619059479,-0.016589772607827097,Business Equipment & Supplies,Industrials,SCS
2013Q1,2013,Q1,2012-06-28,2012-05-25,13200000.0,675200000.0,19300000.0,0.1,196000000.0,0.2902843601895735,1663400000.0,686700000.0,680400000.0,449700000.0,976700000.0,147500000.0,675700000.0,1106392000.0,1316892000.0,5.331521739130435,1.513008672448299,0.17494288806059877,0.4237658366098733,0.01322694046786486,5.331521739130435,0.019222367846221056,1.6386137440758295,20.95439393939394,1.611172273190622,0.8787878787878788,3.2488135593220338,0.010484529895371623,0.4059155945653481,0.9826551034022681,0.007935553685223038,-23.540255319148937,0.2902843601895735,-0.1329229168473077,-0.5568156610470275,-0.05788881334577874,-0.3573868861919103,-0.04669260700389105,-0.11409395973154363,0.043243243243243246,0.0,0.28077357425183497,-0.031491076824629476,Business Equipment & Supplies,Industrials,SCS
2012Q4,2012,Q4,2012-04-23,2012-02-24,14900000.0,690200000.0,18500000.0,0.11533,205600000.0,0.29788467110982325,1701000000.0,708600000.0,702100000.0,461900000.0,992400000.0,139500000.0,674100000.0,1191224000.0,1370624000.0,5.484520123839009,1.5200259796492748,0.1713697824808936,0.41137454134913914,0.013315093611411805,5.484520123839009,0.021027377928309342,1.725911330049261,19.986979865771815,1.6810951171323738,0.5234899328859061,3.4738351254480286,0.00654788687937785,0.405761316872428,1.0015154795410262,0.008759553203997648,31.43071240105541,0.29788467110982325,-0.3215882352941177,-0.4131409883874513,0.023262968572510433,-0.3394119472781353,-0.0646041856232939,-0.33482142857142855,-0.5157068062827225,1.2343363444873263,0.08914333022538017,-0.0008413802776913862,Business Equipment & Supplies,Industrials,SCS
2012Q3,2012,Q3,2012-01-04,2011-11-25,22400000.0,719400000.0,38200000.0,0.17,219800000.0,0.30553238810119543,1733800000.0,691900000.0,751400000.0,507800000.0,1041900000.0,153900000.0,667000000.0,820625000.0,997825000.0,5.269611576542269,1.4797164237888933,0.16847387241896414,0.42217083393553984,0.025132759998120213,5.269611576542269,0.03237462060991473,1.1407075340561579,9.158761160714286,1.186045671339789,0.35267857142857145,3.2462638076673165,0.009626808834729626,0.4149267504902526,0.9472233162662466,0.012919598569615873,26.471774193548388,0.30553238810119543,0.8888888888888891,-0.22453783887206732,0.018550348563093365,-0.3630716011158411,0.09244532803180915,0.8823529411764706,0.5039370078740157,56.066260472201066,-0.0963914224150516,-0.13028983725008556,Business Equipment & Supplies,Industrials,SCS
2012Q2,2012,Q2,2011-09-30,2011-08-26,11900000.0,700500000.0,25400000.0,0.09,201200000.0,0.2872234118486795,1747400000.0,707100000.0,742900000.0,505000000.0,1040300000.0,137500000.0,652500000.0,989604000.0,1177904000.0,5.40183346065699,1.471089108910891,0.1675060089275495,0.4139442794512799,0.019889504216632804,5.40183346065699,0.016829302786027435,1.412710920770878,20.79,1.3995248196860415,0.6722689075630253,3.6312727272727274,0.008084041697487077,0.40088130937392696,0.9481188118811881,0.0068101178894357335,40.064939271255064,0.2872234118486795,0.5,-0.49077238550922764,0.009700621243351554,-0.3451523996111859,0.09885308574549427,0.5866666666666667,0.6933333333333334,-0.6108859293572669,-0.20245071354616975,-0.16970903806919102,Business Equipment & Supplies,Industrials,SCS
2012Q1,2012,Q1,2011-06-29,2011-05-27,7500000.0,639400000.0,15000000.0,0.06,183100000.0,0.2863622145761652,1981400000.0,714300000.0,975200000.0,734700000.0,1267100000.0,129300000.0,648600000.0,1414214000.0,1875514000.0,5.4195751138088015,1.3273444943514359,0.2743009992934289,0.760884782304354,0.007777555013239127,5.4195751138088015,0.010499790004199917,2.2117829214888958,47.14046666666667,1.979860002799944,1.0666666666666667,3.5290023201856147,0.005656852498985302,0.3227011204199051,0.9674697155301484,0.0037852023821540325,-24.8981338028169,0.2863622145761652,-0.1734398677503789,-0.5331963180976839,-0.004128183584617833,-0.3452479652923984,0.008815426997245178,-0.27884615384615385,-0.23469387755102042,-0.6495615872122166,-0.19055958528595593,-0.16323973568987196,Business Equipment & Supplies,Industrials,SCS
2011Q4,2011,Q4,2011-04-25,2011-02-25,10400000.0,622900000.0,19600000.0,0.07259,181500000.0,0.2913790335527372,1996500000.0,718400000.0,1012300000.0,736800000.0,1278100000.0,127100000.0,649100000.0,1316250000.0,1720850000.0,5.321481481481482,1.373914223669924,0.2738792887553218,0.7611358574610245,0.008435228666535349,5.321481481481482,0.014476614699331848,2.113100016053941,31.640624999999996,1.832196547884187,0.5192307692307693,3.4728560188827693,0.0041025641025641026,0.3119959929877285,1.0369163952225842,0.005209115952917606,-41.004672897196265,0.2913790335527372,-0.48150000000000004,0.23507765830346486,-0.06944617280610782,-0.3414948220691435,-0.10985777341834232,-0.43169398907103823,-0.26865671641791045,-0.6566061486322924,-0.3017200668992524,-0.20315064872755062,Business Equipment & Supplies,Industrials,SCS
2011Q3,2011,Q3,2011-01-04,2010-11-26,18300000.0,672600000.0,26800000.0,0.14,203900000.0,0.3031519476657746,1750300000.0,711100000.0,726400000.0,749200000.0,1039200000.0,128300000.0,644100000.0,1252860000.0,1432460000.0,5.3466165413533835,0.9695675387079552,0.17059932582985773,0.41991281113767404,0.018826683495673364,5.3466165413533835,0.025734777105892278,1.8627118644067797,17.115573770491803,1.7618619040922514,0.29508196721311475,3.653156664068589,0.004310138403333174,0.3842769810889562,0.6615056059797116,0.010455350511340913,25.93913043478261,0.3031519476657746,6.0,0.05841526949572889,-0.010242454509124886,-0.34308299565584804,0.1951934349355217,5.535714285714286,3.123076923076923,-0.3745727968243292,-0.18783891509844713,-0.3629164861292679,Business Equipment & Supplies,Industrials,SCS
2011Q2,2011,Q2,2010-10-04,2010-08-27,2800000.0,599800000.0,6500000.0,0.02,170600000.0,0.28442814271423805,1667200000.0,680100000.0,652800000.0,686400000.0,987100000.0,112700000.0,631200000.0,855190000.0,1069790000.0,5.113533834586466,0.951048951048951,0.17922264875239924,0.43934715483017206,0.0030479176191409224,5.113533834586466,0.004117041611527717,1.4257919306435478,76.35625,1.2574474342008528,1.9285714285714286,3.808340727595386,0.006314386276733826,0.35976487523992323,0.6009615384615384,0.0016794625719769674,22.09793281653747,0.28442814271423805,1.25,-0.7737604881769642,-0.04851394384381791,-0.3665215373242228,0.056346749226006194,1.2522522522522523,5.642857142857143,-0.9203127181348596,-0.22013474063248278,-0.3841663615533052,Business Equipment & Supplies,Industrials,SCS
2011Q1,2011,Q1,2010-06-30,2010-05-28,-11100000.0,541800000.0,-1400000.0,-0.08,161500000.0,0.29808047249907715,1627400000.0,668800000.0,623200000.0,435400000.0,958600000.0,103600000.0,633800000.0,1113702000.0,1338002000.0,5.0323551542513165,1.4313275149288012,0.18354430379746836,0.44662081339712917,0.04015503875968992,5.0323551542513165,-0.01659688995215311,2.0555592469545956,-25.083378378378377,1.665224282296651,-0.4864864864864865,3.6708494208494207,0.004848693815760409,0.3329236819466634,0.9152503445107947,-0.006820695588054566,-39.492978723404256,0.29808047249907715,0.21882628649545943,-2.8474444931100704,-0.10625108525785722,-0.3719091848913212,0.020859671302149177,0.18382352941176472,0.9303482587064676,-1.361180533161346,-0.26734484477148124,-0.39344570392972517,Business Equipment & Supplies,Industrials,SCS
2010Q4,2010,Q4,2010-04-26,2010-02-26,-13600000.0,551900000.0,-20100000.0,-0.10241,158200000.0,0.28664613154556984,1677200000.0,697600000.0,643600000.0,433700000.0,979600000.0,98400000.0,650300000.0,872496000.0,1062196000.0,5.253012048192771,1.4839750979940052,0.1793465299308371,0.43119266055045874,-0.010779451847365232,5.253012048192771,-0.0194954128440367,1.5808950896901612,-16.038529411764706,1.250711009174312,-0.39705882352941174,4.001016260162602,0.006189140122132365,0.3290603386596709,0.9725616785796634,-0.008108752683043167,-2181.24,0.28664613154556984,0.0,-16.197590361445783,-0.10747955643122427,-0.3485316831423974,-0.12111111111111111,0.0,-2.358108108108108,-1.5211357374892058,-0.2039558864956228,-0.36729614961988677,Business Equipment & Supplies,Industrials,SCS
2010Q3,2010,Q3,2010-01-05,2009-11-27,0.0,616100000.0,14800000.0,0.0,180000000.0,0.2921603635773413,1746900000.0,743400000.0,698400000.0,478700000.0,1003500000.0,116500000.0,669300000.0,735712000.0,923912000.0,5.59789156626506,1.458951326509296,0.1730494017974698,0.40664514393327955,0.0,5.59789156626506,0.0,1.1941438078234052,0.0,0.9896583266074791,0.0,3.7433476394849787,0.007339828628593797,0.35268189364016256,0.9561311886358889,0.0,29.9069918699187,0.2921603635773413,0.0,-1.0,-0.006993389720430351,-0.33264828428229976,0.09090909090909091,0.0,15.8,-1.0,-0.1375579402876468,-0.3233929938403797,Business Equipment & Supplies,Industrials,SCS
2010Q2,2010,Q2,2009-10-05,2009-08-28,0.0,578100000.0,-1000000.0,0.0,165000000.0,0.28541774779449924,1699800000.0,731300000.0,657800000.0,443900000.0,968500000.0,124100000.0,674700000.0,861872000.0,1089572000.0,5.506777108433735,1.4818652849740932,0.17790328273914577,0.41351018733761796,0.0,5.506777108433735,0.0,1.4908700916796402,0.0,1.1785477916039928,0.0,3.328767123287671,0.0062654315257950136,0.3400988351570773,0.9139445821130885,0.0,246.24914285714286,0.28541774779449924,0.0,-1.0,-0.01167827994003669,-0.31691006577716657,0.06109324758842444,0.0,0.8076923076923077,-1.0,-0.17864855649011138,-0.33243040504708604,Business Equipment & Supplies,Industrials,SCS
2010Q1,2010,Q1,2009-07-01,2009-05-29,0.0,545600000.0,-5200000.0,0.0,155500000.0,0.28500733137829914,1642000000.0,733800000.0,615400000.0,430900000.0,908200000.0,126100000.0,680100000.0,643839000.0,855439000.0,5.504876219054764,1.42817359016013,0.15554202192448233,0.34805124011992367,0.0,5.504876219054764,0.0,1.1800568181818183,0.0,0.8774039247751431,0.0,3.0935765265662174,0.016619061597697563,0.3322777101096224,0.8431190531445811,0.0,-8.724105691056911,0.28500733137829914,1.0,1.0,0.012127885576881948,-0.3155373894369529,-0.09698025551684088,1.0,0.9462809917355371,-1.0,-0.15978499643472663,-0.3349425315545588,Business Equipment & Supplies,Industrials,SCS
2009Q4,2009,Q4,2009-04-24,2009-02-27,-65700000.0,654800000.0,-96800000.0,-0.49213,172200000.0,0.2629810629199756,1750000000.0,732800000.0,751400000.0,519600000.0,1017200000.0,129900000.0,690800000.0,538005000.0,676105000.0,5.489138576779026,1.4461123941493457,0.14611428571428572,0.34893558951965065,-0.0655835688398231,5.489138576779026,-0.0896561135371179,0.821632559560171,-2.047203196347032,0.7341771288209608,-0.1613394216133942,3.7151655119322555,0.01970241912249886,0.37417142857142854,0.9120477290223249,-0.03754285714285714,9.244072164948454,0.2629810629199756,-165.98658250000003,-2.9558011724474844,0.28759338366977377,-0.32643856674220706,-0.2529284164859002,-165.25,-7.453333333333333,-8.89003262051468,-0.010799465634817026,-0.3207481435822451,Business Equipment & Supplies,Industrials,SCS
2009Q3,2009,Q3,2009-01-07,2008-11-28,400000.0,811300000.0,15000000.0,0.002982848620432513,230500000.0,0.2841119191421176,1959200000.0,810700000.0,867200000.0,632300000.0,1148500000.0,154400000.0,767100000.0,863010000.0,954910000.0,6.059043348281016,1.3715008698402658,0.13030828909759085,0.3149130381152091,0.0005987784918765711,6.059043348281016,0.0004934007647711854,1.0637372118821644,539.38125,1.0645244850129518,50.5,3.761658031088083,0.02340644951970429,0.4140975908534096,0.930412778744267,0.0002041649652919559,6.9822815533980584,0.2841119191421176,-0.9870310929546412,1.049825610258831,0.5623409976745347,-0.22086532272816278,-0.19602371817230554,-0.9872611464968153,-0.6739130434782609,-0.9770035644354707,0.1867219132606279,-0.2555500147133052,Business Equipment & Supplies,Industrials,SCS
2009Q2,2009,Q2,2008-10-07,2008-08-29,31400000.0,901800000.0,46000000.0,0.23,286700000.0,0.31791971612330894,2020400000.0,874400000.0,844700000.0,624800000.0,1146000000.0,159000000.0,786800000.0,1491840000.0,1678940000.0,6.505952380952381,1.3519526248399487,0.1276479904969313,0.29494510521500455,0.027731166651947366,6.505952380952381,0.035910338517840805,1.6542914171656686,11.877707006369427,1.7061299176578224,0.643312101910828,3.868553459119497,0.01354032604032604,0.44634725796871905,0.8954865556978233,0.015541476935260345,-438.77647058823527,0.31791971612330894,0.43750000000000006,1.3363095238095237,0.984116449226317,-0.05899202417102361,0.07700976709241172,0.42081447963800905,0.25,1.5106862491373363,0.41565872507773916,-0.19402494520488006,Business Equipment & Supplies,Industrials,SCS
2009Q1,2009,Q1,2008-07-09,2008-05-30,22100000.0,815700000.0,36800000.0,0.16,266200000.0,0.32634547014833887,2041200000.0,881500000.0,843600000.0,647300000.0,1159700000.0,170400000.0,775600000.0,1714860000.0,1886260000.0,6.476855253490081,1.303259694114012,0.12742504409171077,0.29506522972206467,0.020953048353188508,6.476855253490081,0.025070901871809416,2.102317028319235,19.398868778280544,1.9453885422575155,0.918552036199095,3.2247652582159625,0.011837701036819331,0.39961787184009406,0.8323806581183377,0.010826964530668235,-22.956626506024097,0.32634547014833887,-0.286797385620915,2.7886102185618564,0.5468157946769596,-0.2294802648382881,-0.07311977715877438,-0.2777777777777778,-0.21367521367521367,2.591761983616085,0.31393488950432386,-0.19162039029204134,Business Equipment & Supplies,Industrials,SCS
2008Q4,2008,Q4,2008-04-28,2008-02-29,30600000.0,901300000.0,46800000.0,0.22434017595307917,287200000.0,0.3186508376789082,2124400000.0,910900000.0,934700000.0,683000000.0,1213500000.0,146700000.0,773800000.0,1934152000.0,1978952000.0,6.678152492668621,1.3685212298682283,0.12177556015816231,0.28400483038752883,0.02650256720024162,6.678152492668621,0.03359314963223186,2.1459580605791633,15.801895424836601,2.123341749917664,8.784313725490197,4.186094069529652,0.1389756337661156,0.4242609678026737,0.9677891654465594,0.014404067030691019,35.230455373406194,0.3186508376789082,0.01972807251399624,1.7940673853878772,0.5291737819428772,-0.2146479898670317,-0.03267093297406534,-0.022364217252396165,-0.11195445920303605,32.29208211143695,0.4190929886135524,-0.17178854261071078,Business Equipment & Supplies,Industrials,SCS
2008Q3,2008,Q3,2008-01-02,2007-11-23,31300000.0,885900000.0,52700000.0,0.22,296900000.0,0.3351394062535275,2430800000.0,1194000000.0,1269000000.0,687000000.0,1236800000.0,162000000.0,1006000000.0,2166813632.21,1958013632.21,8.392332284458146,1.8471615720524017,0.10646700674675004,0.21675041876046902,0.021792717960208683,8.392332284458146,0.026214405360134002,2.445889640151259,17.306818148642172,1.814751785770519,0.6773162939297125,3.6358024691358026,0.00978395173671557,0.36444791838078,1.4283842794759825,0.012876419285831825,25.79540038345238,0.3351394062535275,-0.15384615384615388,2.047619048953553,0.42594008861174903,-0.05521516758501498,0.07533502354219486,-0.16976127320954906,-0.04181818181818182,2.14285714265831,0.33279100052362165,0.0004905030061098138,Business Equipment & Supplies,Industrials,SCS
2008Q2,2008,Q2,2007-10-02,2007-08-24,37700000.0,825200000.0,55000000.0,0.26,276100000.0,0.3345855550169656,2330200000.0,1184900000.0,1173600000.0,614700000.0,1145300000.0,158500000.0,998400000.0,2482980000.0,2329580000.0,8.30343377715487,1.9092240117130308,0.1100763882928504,0.21647396404759894,0.023277216550072904,8.30343377715487,0.0318170309730779,3.008943286476006,16.465384615384615,2.0955186091653304,0.5729442970822282,3.464353312302839,0.008699224319164875,0.35413269247274914,1.416137953473239,0.016178868766629474,27.993010146561442,0.3345855550169656,0.13043478260869565,6.341716984573442,0.2946087199787503,-0.09670782318097079,0.04583333333333333,0.12202380952380952,0.13871635610766045,4.348955083468526,0.3128910618885074,0.03000210848803165,Business Equipment & Supplies,Industrials,SCS
2008Q1,2008,Q1,2007-06-29,2007-05-25,33600000.0,808500000.0,48300000.0,0.23,264000000.0,0.32653061224489793,2317100000.0,1205500000.0,1155600000.0,590800000.0,1111600000.0,150300000.0,985200000.0,2760700000.0,2623000000.0,8.296627666896077,1.9559918754231551,0.1104397738552501,0.21227706345914557,0.021647110797384867,8.296627666896077,0.0278722521775197,3.414594928880643,20.54092261904762,2.2900871007880546,0.6577380952380952,3.622754491017964,0.008005216068388452,0.34892753873376203,1.424001354096141,0.014500884726597902,-48.012173913043476,0.32653061224489793,0.17042389700269717,1.183255999822392,0.2753617387732745,-0.11350277774521074,0.11769686706181202,0.14675767918088736,16.25,6.996160394102945,0.3759593007423155,0.031582038501926576,Business Equipment & Supplies,Industrials,SCS
2007Q4,2007,Q4,2007-04-20,2007-02-23,29300000.0,778400000.0,2800000.0,0.19651,236200000.0,0.3034429599177801,2399400000.0,1237900000.0,1229600000.0,644100000.0,1161500000.0,144000000.0,973500000.0,2992437000.0,2720337000.0,8.302481556002682,1.9090203384567614,0.10631824622822372,0.20607480410372406,0.02197990622906899,8.302481556002682,0.023669117053073754,3.8443435251798563,25.53273890784983,2.4173495435818726,0.658703071672355,3.765277777777778,0.006449592756672905,0.324414436942569,1.4173265020959478,0.012211386179878303,46.903401253918496,0.3034429599177801,-0.10677272727272732,1.8439148007579003,0.16445005587735975,-0.21378622102269676,-0.044884755357864944,-0.10670731707317073,-0.9308641975308642,2.5795752777534777,0.3704920327788527,0.018781234657592794,Business Equipment & Supplies,Industrials,SCS
2007Q3,2007,Q3,2007-01-03,2006-11-24,32800000.0,802000000.0,40500000.0,0.22,247300000.0,0.30835411471321694,2423100000.0,1233500000.0,1227200000.0,633800000.0,1189600000.0,159700000.0,963500000.0,,,,,,,,,,,,,,,,,,,,,,,,,,,,,,,Business Equipment & Supplies,Industrials,SCS
2007Q2,2007,Q2,2006-10-03,2006-08-25,26600000.0,789700000.0,42400000.0,0.1,244300000.0,0.3093579840445739,2614200000.0,1229100000.0,1424400000.0,836400000.0,1385100000.0,162500000.0,948600000.0,,,,,,,,,,,,,,,,,,,,,,,,,,,,,,,Business Equipment & Supplies,Industrials,SCS
2007Q1,2007,Q1,2006-06-30,2006-05-26,18200000.0,727300000.0,28000000.0,0.1,224200000.0,0.30826344012099544,2330800000.0,1235800000.0,1121900000.0,798700000.0,1095000000.0,159300000.0,937000000.0,,,,,,,,,,,,,,,,,,,,,,,,,,,,,,,Business Equipment & Supplies,Industrials,SCS
