Quarters,Year,Quarter,FillingDate,Date,NetIncome,Revenue,OperatingIncome,EPSDiluted,GrossProfit,GrossProfitRatio,TotalAssets,CommonStockEquity,CurrentAssets,CurrentLiability,TotalLiability,Inventory,RetainedEarnings,MarketCap,EnterpriseValue,bookValuePerShare,currentRatio,debtToAssets,debtToEquity,roic,shareholdersEquityPerShare,roe,priceToSalesRatio,peRatio,pbRatio,payoutRatio,inventoryTurnover,dividendYield,assetTurnover,quickRatio,returnOnAssets,priceToFreeCashFlowsRatio,grossProfitMargin,epsdilutedGrowth,fiveYNetIncomeGrowthPerShare,fiveYRevenueGrowthPerShare,fiveYShareholdersEquityGrowthPerShare,grossProfitGrowth,netIncomeGrowth,operatingIncomeGrowth,threeYNetIncomeGrowthPerShare,threeYRevenueGrowthPerShare,threeYShareholdersEquityGrowthPerShare,Industry,Sector,Symbol
2023Q1,2023,Q1,2023-04-26,2023-03-31,72000000.0,1186000000.0,185000000.0,0.97,396000000.0,0.3338954469,4709000000.0,586000000.0,1552000000.0,502000000.0,1004000000.0,719000000.0,-2299000000.0,4273200000.0,5801200000.0,8.13888888888889,3.091633466135458,0.5013803355277129,4.0290102389078495,0.04092439705814077,8.13888888888889,0.12286689419795221,3.603035413153457,14.8375,7.292150170648464,0.08333333333333333,1.0987482614742698,0.0014040999719180005,0.2518581439796135,3.8266932270916336,0.015289870460819708,213.66,0.33389544688026984,-0.02020202020202022,5.057142857142857,10.50624658389943,9.588169379570653,-0.014925373134328358,0.0,0.09467455621301775,1.0724637681159421,-0.050983081847279454,-0.6867937206035062,Oil & Gas Equipment & Services,Energy,WFRD
2022Q4,2022,Q4,2023-02-08,2022-12-31,72000000.0,1209000000.0,169000000.0,0.99,402000000.0,0.3325062035,4720000000.0,551000000.0,3043000000.0,1470000000.0,4169000000.0,689000000.0,-2371000000.0,3615320000.0,5114320000.0,7.76056338028169,2.0700680272108842,0.5103813559322034,4.372050816696914,0.041691552624061906,7.76056338028169,0.1306715063520871,2.990339123242349,12.553194444444445,6.561379310344828,0.4166666666666667,1.1712626995645863,0.008298020645475366,0.25614406779661014,1.2918367346938775,0.015254237288135594,25.10638888888889,0.3325062034739454,1.5384615384615383,1.5196005755897615,10.348303242272427,13.3102866399676,0.16521739130434782,1.5714285714285714,0.39669421487603307,-0.9865531510716125,0.21012368628011732,-0.8113751956181534,Oil & Gas Equipment & Services,Energy,WFRD
2022Q3,2022,Q3,2022-10-26,2022-09-30,28000000.0,1120000000.0,121000000.0,0.39,345000000.0,0.3080357143,4707000000.0,472000000.0,3063000000.0,1384000000.0,4235000000.0,723000000.0,-2443000000.0,2292590000.0,3899590000.0,6.647887323943662,2.213150289017341,0.5396218398130445,5.38135593220339,0.02202153457189094,6.647887323943662,0.059322033898305086,2.046955357142857,20.469553571428573,4.85718220338983,0.0,1.0719225449515906,0.0,0.2379434884214999,1.3439306358381502,0.005948587210537497,18.94702479338843,0.3080357142857143,1.4375,2.525088028169014,9.696507814007333,3.9558798574580014,0.12012987012987013,1.3333333333333333,0.6805555555555556,1.482269990221475,11.05307951208009,2.268430040524408,Oil & Gas Equipment & Services,Energy,WFRD
2022Q2,2022,Q2,2022-07-28,2022-06-30,12000000.0,1064000000.0,72000000.0,0.16,308000000.0,0.2894736842,4735000000.0,491000000.0,3010000000.0,1383000000.0,4244000000.0,716000000.0,-2471000000.0,1503070000.0000002,3228070000.0,6.915492957746479,2.176428054953001,0.5499472016895459,5.303462321792261,0.010827067669172932,6.915492957746479,0.024439918533604887,1.4126597744360905,31.313958333333336,3.0612423625254586,0.0,1.0558659217877095,0.0,0.22470960929250264,1.3080260303687636,0.0025343189017951427,41.751944444444455,0.2894736842105263,1.150943396226415,1.9785025945144552,9.884854246535706,3.666897088049771,0.203125,1.162162162162162,35.0,1.536994116598324,10.49416283799051,2.568720047351438,Oil & Gas Equipment & Services,Energy,WFRD
2022Q1,2022,Q1,2022-04-28,2022-03-31,-74000000.0,938000000.0,2000000.0,-1.06,256000000.0,0.2729211087,4684000000.0,426000000.0,2889000000.0,1300000000.0,4258000000.0,684000000.0,-2477000000.0,2331000000.0,4105000000.0,6.085714285714285,2.2223076923076923,0.5582835183603757,6.13849765258216,0.0009800156272762187,6.085714285714285,-0.17370892018779344,2.485074626865672,-7.874999999999999,5.471830985915493,0.0,0.9970760233918129,0.0,0.20025619128949615,1.3146153846153845,-0.015798462852263023,-27.75,0.27292110874200426,0.5267857142857143,-1.331377551020408,8.552092352092352,2.677483617300131,0.03225806451612903,0.5286624203821656,1.0217391304347827,-1.2043956043956043,8.985289747399703,2.4726107185938306,Oil & Gas Equipment & Services,Energy,WFRD
2021Q4,2021,Q4,2022-02-17,2021-12-31,-157000000.0,965000000.0,-92000000.0,-2.24,248000000.0,0.2569948187,4774000000.0,472000000.0,2911000000.0,1332000000.0,4278000000.0,670000000.0,-2397000000.0,1940400000.0,3604400000.0,6.742857142857143,2.1854354354354353,0.5477586929199832,5.540254237288136,-0.0316608579382302,6.742857142857143,-0.3326271186440678,2.0107772020725387,-3.089808917197452,4.111016949152543,0.0,1.0701492537313433,0.0,0.20213657310431504,1.3333333333333333,-0.03288646837033934,41.285106382978725,0.25699481865284973,-0.6470588235294118,-2.8279729378090033,8.187207884576306,2.1401874467480835,-0.04247104247104247,-0.6526315789473685,-2.295774647887324,-0.06757013789824072,8.65675297410777,2.8217543859649123,Oil & Gas Equipment & Services,Energy,WFRD
2021Q3,2021,Q3,2021-11-02,2021-09-30,-95000000.0,945000000.0,71000000.0,-1.36,259000000.0,0.2740740740740741,5148000000.0,621000000.0,3244000000.0,1524000000.0,4501000000.0,681000000.0,-2236000000.0,1376900000.0000002,2925900000.0,8.871428571428572,2.1286089238845145,0.5516705516705517,4.573268921095008,0.027967106893743585,8.871428571428572,-0.1529790660225443,1.4570370370370374,-3.623421052631579,2.217230273752013,0.0,1.0073421439060206,0.0,0.18356643356643357,1.3825459317585302,-0.018453768453768452,14.647872340425534,0.2740740740740741,-0.2252252252252252,0.31456661316211876,7.950221238938052,2.4317617408409147,0.14601769911504425,-0.21794871794871795,1.84,-5.806173725771716,8.3303324099723,6.701021065219391,Oil & Gas Equipment & Services,Energy,WFRD
2021Q2,2021,Q2,2021-07-29,2021-06-30,-78000000.0,903000000.0,25000000.0,-1.11,226000000.0,0.2502768549280177,5160000000.0,726000000.0,3126000000.0,1243000000.0,4401000000.0,662000000.0,-2141000000.0,1274000000.0,2889000000.0,10.371428571428572,2.5148833467417537,0.5488372093023256,3.9008264462809916,0.008211251889712763,10.371428571428572,-0.10743801652892562,1.4108527131782946,-4.083333333333333,1.7548209366391183,0.0,1.0226586102719033,0.0,0.175,1.6082059533386968,-0.015116279069767442,34.432432432432435,0.2502768549280177,0.3313253012048192,-0.7729962073324905,7.271825962910129,1.2614393125671322,0.15306122448979592,0.3275862068965517,2.923076923076923,-3.208116883116883,7.882113259668509,8.608766950488805,Oil & Gas Equipment & Services,Energy,WFRD
2021Q1,2021,Q1,2021-05-06,2021-03-31,-116000000.0,832000000.0,-13000000.0,-1.66,196000000.0,0.23557692307692307,5295000000.0,787000000.0,3158000000.0,1364000000.0,4474000000.0,676000000.0,-2063000000.0,891800000.0,2553800000.0,11.242857142857142,2.3152492668621703,0.5361661945231351,3.607369758576874,-0.004203780462709822,11.242857142857142,-0.1473951715374841,1.071875,-1.9219827586206895,1.133163913595934,0.0,0.9408284023668639,0.0,0.1571293673276676,1.4442815249266863,-0.021907459867799812,15.115254237288136,0.23557692307692307,0.421602787456446,-1.7053356282271948,5.096584046867958,0.990948128325606,-0.391304347826087,0.42,0.8785046728971962,-5.723265306122449,7.3024595924104005,12.863481953290869,Oil & Gas Equipment & Services,Energy,WFRD
2020Q4,2020,Q4,2021-02-19,2020-12-31,-200000000.0,842000000.0,-107000000.0,-2.87,322000000.0,0.3824228028503563,5434000000.0,907000000.0,3177000000.0,1362000000.0,4497000000.0,717000000.0,-1947000000.0,401800000.0,2145800000.0,12.957142857142857,2.3325991189427313,0.5266838424733161,3.1554575523704522,-0.029433920742132615,12.957142857142857,-0.2205071664829107,0.47719714964370546,-0.50225,0.4429988974641676,0.0,0.7252440725244073,0.0,0.15495031284504968,1.4273127753303965,-0.0368052999631947,-12.55625,0.3824228028503563,-0.1572580645161291,-0.84957426679281,3.6751207043453564,1.3542020711630378,0.8295454545454546,-0.14942528735632185,-0.7833333333333333,-0.46395400265369313,7.0163566634707575,21.553423094477406,Oil & Gas Equipment & Services,Energy,WFRD
2020Q3,2020,Q3,2020-11-04,2020-09-30,-174000000.0,807000000.0,-60000000.0,-2.48,176000000.0,0.218091697645601,5664000000.0,1087000000.0,3293000000.0,1416000000.0,4541000000.0,811000000.0,-1747000000.0,401800000.0,2149800000.0,15.528571428571428,2.3255649717514126,0.5065324858757062,2.639374425022999,-0.01477235535033481,15.528571428571428,-0.16007359705611776,0.49789343246592316,-0.5772988505747126,0.36964121435142594,0.0,0.7780517879161529,0.0,0.14247881355932204,1.38135593220339,-0.03072033898305085,4.1,0.218091697645601,0.7012048192771084,-10.390420168067227,3.0146433361006455,1.1282120237257465,1.2564102564102564,0.7005163511187608,0.8792756539235412,-8.612723214285715,6.8173189823874765,10.576269363166954,Oil & Gas Equipment & Services,Energy,WFRD
2020Q2,2020,Q2,2020-08-14,2020-06-30,-581000000.0,821000000.0,-497000000.0,-8.3,78000000.0,0.09500609013398295,5409000000.0,1267000000.0,2927000000.0,1426000000.0,4104000000.0,862000000.0,-1573000000.0,401800000.0,2169800000.0,18.1,2.052594670406732,0.4525790349417637,1.9321231254932913,-0.1271657525729187,18.1,-0.4585635359116022,0.4894031668696711,-0.17289156626506022,0.31712707182320443,0.0,0.8619489559164734,0.0,0.15178406359770752,1.1269284712482468,-0.10741356997596599,-100.45,0.09500609013398295,0.39855072463768115,-12.205316973415133,2.817919904363419,1.281561892417369,-0.7417218543046358,0.39855072463768115,0.3953771289537713,-47.05263157894738,7.518918352373963,11.214723926380369,Oil & Gas Equipment & Services,Energy,WFRD
2020Q1,2020,Q1,2020-05-11,2020-03-31,-966000000.0,1215000000.0,-822000000.0,-13.8,302000000.0,0.248559670781893,6165000000.0,1819000000.0,3374000000.0,1644000000.0,4302000000.0,1004000000.0,-992000000.0,401800000.0,1906800000.0,25.985714285714284,2.0523114355231145,0.35279805352798055,1.1957119296316658,-0.21490923321869337,25.985714285714284,-0.5310610225398571,0.33069958847736625,-0.10398550724637681,0.22089059923034637,0.0,0.9093625498007968,0.0,0.19708029197080293,1.1399026763990268,-0.15669099756690996,-40.18,0.248559670781893,-1.182999602174778,-89.9864406779661,3.8331629000920344,2.0964750672822356,0.25833333333333336,-1.1829892025004736,-1.6012658227848102,-29.43392857142857,11.372912801484231,14.70268239405854,Oil & Gas Equipment & Services,Energy,WFRD
2019Q4,2019,Q4,2020-03-16,2019-12-31,5279000000.0,985000000.0,-316000000.0,75.41,240000000.0,0.2436548223350254,7293000000.0,2880000000.0,3453000000.0,1672000000.0,4377000000.0,972000000.0,-26000000.0,401800000.0,1947800000.0,41.142857142857146,2.0651913875598087,0.29672288495817906,0.7513888888888889,-0.06195741176913778,41.142857142857146,1.8329861111111112,0.4079187817258883,0.01902822504262171,0.13951388888888888,0.0,0.7664609053497943,0.0,0.1350610174139586,1.111842105263158,0.7238447826683121,-3.1147286821705427,0.2436548223350254,92.96341463414633,124.36189473684209,1.9335927019050176,3.594423684966945,-0.2182410423452769,7.429963459196102,0.2930648769574944,129.71254228467342,8.377616338142653,18.160465776767968,Oil & Gas Equipment & Services,Energy,WFRD
2019Q3,2019,Q3,2019-10-30,2019-09-30,-821000000.0,1314000000.0,-447000000.0,-0.82,307000000.0,0.23363774733637746,6324000000.0,-5262000000.0,3924000000.0,3380000000.0,11548000000.0,1126000000.0,-10289000000.0,5762960000.0,6851960000.0,-5.241035856573705,1.16094674556213,0.2790955091714105,-0.3354237932345116,0.13287810834943067,-5.241035856573705,0.15602432535157734,4.385814307458143,-1.7548599269183922,-1.0952033447358418,0.0,0.894316163410302,0.0,0.2077798861480076,0.577810650887574,-0.12982289690069576,-21.584119850187268,0.23363774733637746,-1.6451612903225807,-9.251629844259327,-0.7377068974553167,-1.517904726002514,0.05862068965517241,-1.5981012658227849,-2.788135593220339,0.587000872912843,-0.13231586926629765,-3.0274058670653017,Oil & Gas Equipment & Services,Energy,WFRD
2019Q2,2019,Q2,2019-08-05,2019-06-30,-316000000.0,1309000000.0,-118000000.0,-0.31,290000000.0,0.2215431627196333,6381000000.0,-4426000000.0,3406000000.0,2889000000.0,10770000000.0,1081000000.0,-9468000000.0,5762960000.0,13440960000.0,-4.408366533864542,1.1789546555901695,1.3001097006738755,-1.8743786714866697,-0.034097413242199434,-4.408366533864542,0.07139629462268414,4.402566844919786,-4.559303797468354,-1.302069588793493,0.0,0.9426456984273821,0.0,0.20514026014731232,0.6382831429560402,-0.04952201849239931,-20.010277777777777,0.2215431627196333,0.35416666666666663,-0.6865778266245364,-0.727016751103911,-1.4293971163109878,0.09848484848484848,0.34303534303534305,0.6079734219269103,0.4991996615308677,-0.16397818142551054,-1.9612227780606897,Oil & Gas Equipment & Services,Energy,WFRD
2019Q1,2019,Q1,2019-05-10,2019-03-31,-481000000.0,1346000000.0,-301000000.0,-0.48,264000000.0,0.1961367013372957,6519000000.0,-4145000000.0,3406000000.0,2504000000.0,10625000000.0,1050000000.0,-9152000000.0,5757220000.0,13377220000.0,-4.132602193419741,1.360223642172524,1.2606227949071944,-1.9826296743063931,-0.07580843160704244,-4.132602193419741,0.11604342581423402,4.277280832095097,-2.9923180873180875,-1.3889553679131483,0.0,1.0304761904761905,0.0,0.20647338548857186,0.6996805111821086,-0.07378432274888787,-18.393674121405752,0.1961367013372957,0.7714285714285715,-8.076575152591008,-0.7104082635297666,-1.4045539677171337,-0.14285714285714285,0.7712791250594389,0.846350178662583,0.21710170692741054,-0.31165619859663907,-1.7318243483446416,Oil & Gas Equipment & Services,Energy,WFRD
2018Q4,2018,Q4,2019-02-15,2018-12-31,-2103000000.0,1429000000.0,-1959000000.0,-2.1,308000000.0,0.21553533939818054,6601000000.0,-3705000000.0,3450000000.0,2300000000.0,10267000000.0,1025000000.0,-8671000000.0,5745740000.0,13131740000.0,-3.7012987012987013,1.5,1.2101196788365398,-2.1560053981106613,-0.44756711930627957,-3.7012987012987013,0.5676113360323887,4.020811756473058,-0.6830408939610082,-1.5508070175438597,0.0,1.093658536585366,0.0,0.21648235115891531,0.7530434782608696,-0.31858809271322525,133.62186046511627,0.21553533939818054,-9.5,-5.015858680065322,-0.7036393248271258,-1.3518999990453067,-0.09144542772861357,-9.5678391959799,-149.69230769230768,-0.3600191199528947,-0.4451482910727444,-1.6724943272341044,Oil & Gas Equipment & Services,Energy,WFRD
2018Q3,2018,Q3,2018-11-02,2018-09-30,-199000000.0,1444000000.0,-13000000.0,-0.2,339000000.0,0.2347645429362881,8838000000.0,-1553000000.0,3730000000.0,2299000000.0,10346000000.0,1097000000.0,-6568000000.0,5728520000.0,13357520000.0,-1.5561122244488979,1.6224445411048283,0.9076714188730483,-5.1654861558274305,-0.0022666240064421733,-1.5561122244488979,0.12813908564069543,3.9671191135734074,-7.196633165829146,-3.6886799742433998,0.0,1.0072926162260711,0.0,0.16338538130798824,0.6733362331448456,-0.02251640642679339,-62.95076923076923,0.2347645429362881,0.23076923076923075,-8.00614866095828,-0.7072123304200023,-1.1408518442036297,0.11147540983606558,0.24621212121212122,0.821917808219178,0.08628433337262761,-0.4961420382114251,-1.2132673157715854,Oil & Gas Equipment & Services,Energy,WFRD
2018Q2,2018,Q2,2018-08-09,2018-06-30,-264000000.0,1448000000.0,-73000000.0,-0.26,305000000.0,0.2106353591160221,8979000000.0,-1359000000.0,3693000000.0,2200000000.0,10291000000.0,1143000000.0,-6369000000.0,5722780000.0,13236780000.0,-1.3630892678034103,1.6786363636363637,0.8830604744403608,-5.8344370860927155,-0.012350977587029091,-1.3630892678034103,0.19426048565121412,3.952196132596685,-5.419299242424242,-4.21102281089036,0.0,1.0,0.0,0.16126517429557857,0.7190909090909091,-0.029401937854994988,-31.443846153846152,0.2106353591160221,-0.040000000000000036,-0.7278955510599597,-0.7108803141586082,-1.1249349763371772,0.09712230215827339,-0.07755102040816327,-0.8717948717948718,0.5787115949074216,-0.5272243508768985,-1.1718216867062627,Oil & Gas Equipment & Services,Energy,WFRD
2018Q1,2018,Q1,2018-05-02,2018-03-31,-245000000.0,1423000000.0,-39000000.0,-0.25,278000000.0,0.19536191145467321,9334000000.0,-942000000.0,3615000000.0,2092000000.0,10232000000.0,1225000000.0,-6105000000.0,5705560000.0,13038560000.0,-0.9476861167002012,1.7280114722753346,0.8347975144632527,-8.27176220806794,-0.0065610010427528676,-0.9476861167002012,0.26008492569002123,4.009529163738581,-5.822,-6.056857749469215,0.0,0.9346938775510204,0.0,0.15245339618598672,0.7452198852772467,-0.026248125133919005,-25.2458407079646,0.19536191145467321,0.8717948717948718,-9.615556978233036,-0.7130851305382464,-1.0841245092626635,0.45549738219895286,0.8735810113519091,0.9776119402985075,-0.6250895201718788,-0.6013684108948608,-1.1129269105211756,Oil & Gas Equipment & Services,Energy,WFRD
2017Q4,2017,Q4,2018-02-14,2017-12-31,-1938000000.0,1490000000.0,-1742000000.0,-1.95,191000000.0,0.12818791946308725,9747000000.0,-626000000.0,3878000000.0,2230000000.0,10318000000.0,1234000000.0,-5763000000.0,5699820000.0,12775820000.0,-0.6304128902316214,1.7390134529147983,0.7888581101877501,-12.282747603833865,-0.25480595277423823,-0.6304128902316214,3.0958466453674123,3.8253825503355703,-0.7352708978328174,-9.10514376996805,0.0,1.0526742301458671,0.0,0.15286754898943264,0.7695067264573991,-0.19883040935672514,356.23875,0.12818791946308725,-6.5,-11.28586994205339,-0.7160210184946673,-1.0551055201113004,-0.2765151515151515,-6.5703125,-26.21875,-2.1925075528700906,-0.6871770220899664,-1.0703982201365292,Oil & Gas Equipment & Services,Energy,WFRD
2017Q3,2017,Q3,2017-11-01,2017-09-30,-256000000.0,1460000000.0,-64000000.0,-0.26,264000000.0,0.18082191780821918,12013000000.0,1328000000.0,5043000000.0,2470000000.0,10629000000.0,1752000000.0,-3825000000.0,5682600000.0,13158600000.0,1.3414141414141414,2.0417004048582994,0.6593690168983601,5.96460843373494,-0.0076851168794138955,1.3414141414141414,-0.1927710843373494,3.8921917808219177,-5.5494140625,4.279066265060242,0.0,0.682648401826484,0.0,0.1215350037459419,0.6805668016194332,-0.021310247232165156,-18.213461538461537,0.18082191780821918,-0.5294117647058822,-3.8333621933621935,-0.7038147910103919,-0.8841629535617377,0.5172413793103449,-0.49707602339181284,0.49606299212598426,-3.609366391184573,-0.7044418911842176,-0.8674451497038297,Oil & Gas Equipment & Services,Energy,WFRD
2017Q2,2017,Q2,2017-08-01,2017-06-30,-171000000.0,1363000000.0,-127000000.0,-0.17,174000000.0,0.1276595744680851,12052000000.0,1467000000.0,5047000000.0,2380000000.0,10528000000.0,1728000000.0,-3569000000.0,5682600000.0,12788600000.0,1.481818181818182,2.1205882352941177,0.6380683703949552,5.241990456714383,-0.015462251593080468,1.481818181818182,-0.1165644171779141,4.16918561995598,-8.307894736842105,3.8736196319018403,0.0,0.6880787037037037,0.0,0.11309326252904082,0.734873949579832,-0.014188516428808497,-51.1945945945946,0.1276595744680851,0.6222222222222222,0.8443623514294892,-0.7189145255598418,-0.8680029216242536,-0.03333333333333333,0.6183035714285714,0.3520408163265306,0.07442006269592474,-0.7117357895854258,-0.8556634414851789,Oil & Gas Equipment & Services,Energy,WFRD
2017Q1,2017,Q1,2017-04-28,2017-03-31,-448000000.0,1386000000.0,-196000000.0,-0.45,180000000.0,0.12987012987012986,12162000000.0,1635000000.0,5106000000.0,2447000000.0,10471000000.0,1700000000.0,-3398000000.0,5671120000.0,12664120000.0,1.6548582995951417,2.086636697997548,0.6198815984213123,4.611009174311927,-0.023084326330509875,1.6548582995951417,-0.27400611620795107,4.091717171717172,-3.1646875,3.4685749235474006,0.0,0.7094117647058824,0.0,0.1139615194869265,0.7511238250919493,-0.036836046702844925,-25.661176470588234,0.12987012987012986,0.2372881355932203,-3.801751094434021,-0.7037638660311625,-0.8731141739616315,0.1320754716981132,0.18397085610200364,0.5087719298245614,-7.582205984003161,-0.6972749748933813,-0.838000499497183,Oil & Gas Equipment & Services,Energy,WFRD
2016Q4,2016,Q4,2017-02-15,2016-12-31,-549000000.0,1406000000.0,-399000000.0,-0.59,159000000.0,0.11308677098150782,12664000000.0,2012000000.0,4910000000.0,2428000000.0,10596000000.0,1802000000.0,-2950000000.0,5378380000.0,11923380000.0,2.1472785485592314,2.0222405271828667,0.5987049905243209,3.768389662027833,-0.04213061468818384,2.1472785485592314,-0.27286282306163023,3.8253058321479374,-2.4491712204007285,2.673151093439364,0.0,0.6920088790233074,0.0,0.11102337334175616,0.9967051070840197,-0.04335123183828175,79.09382352941176,0.11308677098150782,0.7020202020202021,-3.548913698278623,-0.693284917218407,-0.8291985439373792,0.2619047619047619,0.6915730337078652,0.5777777777777777,-0.6777420282207092,-0.6884927534742267,-0.795848057622891,Oil & Gas Equipment & Services,Energy,WFRD
2016Q3,2016,Q3,2016-10-28,2016-09-30,-1780000000.0,1356000000.0,-945000000.0,-1.98,126000000.0,0.09292035398230089,12635000000.0,2324000000.0,4598000000.0,2720000000.0,10252000000.0,1917000000.0,-2401000000.0,5160260000.0,12212260000.0,2.585094549499444,1.6904411764705882,0.5929560743965177,3.2237521514629948,-0.15772877777677533,2.585094549499444,-0.76592082616179,3.805501474926254,-0.7247556179775281,2.220421686746988,0.0,0.6416275430359938,0.0,0.1073209339137317,0.6816176470588236,-0.1408785120696478,-30.354470588235294,0.09292035398230089,-2.142857142857143,-8.841444148561322,-0.6628368034186932,-0.8025902479782178,-0.23170731707317074,-2.150442477876106,-1.0543478260869565,-70.56921832338963,-0.6947777926608389,-0.7660095917139262,Oil & Gas Equipment & Services,Energy,WFRD
2016Q2,2016,Q2,2016-07-29,2016-06-30,-565000000.0,1402000000.0,-460000000.0,-0.63,164000000.0,0.11697574893009986,14112000000.0,4123000000.0,5049000000.0,2528000000.0,9925000000.0,2195000000.0,-621000000.0,5160260000.0,11941260000.0,4.586206896551724,1.9972310126582278,0.5125425170068028,1.7543051176327917,-0.03428472608291567,4.586206896551724,-0.1370361387339316,3.680641940085592,-2.2833008849557523,1.2515789473684211,0.0,0.564009111617312,0.0,0.09934807256235828,0.7658227848101266,-0.04003684807256236,-30.176959064327484,0.11697574893009986,-0.03278688524590167,-5.284326799881453,-0.6164663044115662,-0.65098207725006,0.4774774774774775,-0.13453815261044177,-0.029082774049217,-3.1010727550385555,-0.6895493441523559,-0.5796477430847724,Oil & Gas Equipment & Services,Energy,WFRD
2016Q1,2016,Q1,2016-05-05,2016-03-31,-498000000.0,1585000000.0,-447000000.0,-0.61,111000000.0,0.07003154574132492,14516000000.0,4591000000.0,5366000000.0,3478000000.0,9857000000.0,2302000000.0,-56000000.0,4666620000.0,11260620000.0,5.646986469864698,1.542840713053479,0.4862220997519978,1.5373556959268133,-0.03182575119543958,5.646986469864698,-0.10847309954258331,2.9442397476340694,-2.3426807228915663,1.0164713570028316,0.0,0.6403127715030409,0.0,0.10918985946541747,0.620184013801035,-0.03430697161752549,-18.300470588235296,0.07003154574132492,0.6038961038961039,-8.733967792879733,-0.48979484816180807,-0.5626413138124748,0.4230769230769231,0.5877483443708609,0.5676982591876208,-22.411271385441125,-0.6092731451161267,-0.4987264694302259,Oil & Gas Equipment & Services,Energy,WFRD
2015Q4,2015,Q4,2016-02-16,2015-12-31,-1208000000.0,2012000000.0,-1034000000.0,-1.54,78000000.0,0.03876739562624255,14787000000.0,4304000000.0,5564000000.0,4031000000.0,10422000000.0,2344000000.0,442000000.0,4488680000.0,11482680000.0,5.5038363171355495,1.3803026544281816,0.5045648204503956,1.733503717472119,-0.09186878341978734,5.5038363171355495,-0.28066914498141265,2.2309542743538766,-0.9289486754966888,1.0429089219330856,0.0,0.8250853242320819,0.0,0.13606546290660715,0.5576779955346068,-0.08169337931967269,24.663076923076922,0.03876739562624255,-6.0,-5.201229068668177,-0.33915017223104166,-0.5623899883642721,-0.7880434782608695,-6.105882352941176,-9.551020408163266,-8.72437214372563,-0.5130656629763569,-0.5188998074709649,Oil & Gas Equipment & Services,Energy,WFRD
2015Q3,2015,Q3,2015-10-23,2015-09-30,-170000000.0,2237000000.0,-98000000.0,-0.22,368000000.0,0.16450603486812695,16799000000.0,5684000000.0,6515000000.0,4025000000.0,11045000000.0,2767000000.0,1650000000.0,4471460000.0,11656460000.0,7.296534017971759,1.6186335403726708,0.4585987261146497,1.3553835327234343,-0.0052146817517206,7.296534017971759,-0.029908515130190008,1.998864550737595,-6.575676470588236,0.7866748768472906,0.0,0.6754607878568847,0.0,0.1331626882552533,0.6370186335403727,-0.010119649979165427,-4471.46,0.16450603486812695,0.6507936507936508,-2.7188021697305094,-0.15374861710961998,-0.45148580620548645,-0.016042780748663103,0.6523517382413088,0.7887931034482759,-3.3911608289015223,-0.42326775688478757,-0.36991200272637487,Oil & Gas Equipment & Services,Energy,WFRD
2015Q2,2015,Q2,2015-07-24,2015-06-30,-489000000.0,2390000000.0,-464000000.0,-0.63,374000000.0,0.15648535564853555,17634000000.0,6172000000.0,7064000000.0,4137000000.0,11387000000.0,2921000000.0,1820000000.0,4465720000.0,11678720000.0,7.933161953727506,1.707517524776408,0.44368832936372915,1.267660401814647,-0.026036707351926335,7.933161953727506,-0.07922877511341543,1.8685020920502091,-2.283087934560327,0.7235450421257291,0.0,0.6901745977404998,0.0,0.13553362821821482,0.6937394247038917,-0.027730520585233072,44.21504950495049,0.15648535564853555,-3.2,-16.58517727376363,-0.0636304317706507,-0.38607534091078033,-0.36824324324324326,-3.1440677966101696,-10.28,0.4336524748607919,-0.372814446930295,-0.29333152135519996,Oil & Gas Equipment & Services,Energy,WFRD
2015Q1,2015,Q1,2015-04-24,2015-03-31,-118000000.0,2794000000.0,50000000.0,-0.15,592000000.0,0.21188260558339297,18223000000.0,6529000000.0,7592000000.0,4393000000.0,11625000000.0,3052000000.0,2309000000.0,4465720000.0,11785720000.0,8.392030848329048,1.7282039608468018,0.42978653350161883,1.1995711441262062,0.0034816516955643757,8.392030848329048,-0.018073211824169093,1.5983249821045096,-9.461271186440678,0.6839822331138,0.0,0.7214941022280472,0.0,0.15332272403007188,0.7154564079216936,-0.0064753333699171375,-16.78842105263158,0.21188260558339297,0.7540983606557377,-1.7971877921298043,0.133269351388079,-0.3615751051145235,-0.2771672771672772,0.751578947368421,0.5625,-1.9371538445461576,-0.24163453001440707,-0.35654323600382604,Oil & Gas Equipment & Services,Energy,WFRD
2014Q4,2014,Q4,2015-02-18,2014-12-31,-475000000.0,3727000000.0,32000000.0,-0.61,819000000.0,0.21974778642339685,18889000000.0,6958000000.0,7944000000.0,4027000000.0,11856000000.0,3087000000.0,2427000000.0,4459980000.0,11510980000.0,8.954954954954955,1.9726843804320835,0.3983800095293557,1.0814889336016096,0.003247595155349074,8.954954954954955,-0.06826674331704513,1.1966675610410518,-2.347357894736842,0.6409859154929578,0.0,0.9420149011985747,0.0,0.19731060405527026,0.8664017879314626,-0.025146910900524115,25.197627118644068,0.21974778642339685,-7.1,-13.842412957808964,0.45884780997334945,-0.3201881876427684,-0.1743951612903226,-7.1688311688311686,-0.89937106918239,-3.7462163903044927,-0.019544748124148973,-0.28769402260002347,Oil & Gas Equipment & Services,Energy,WFRD
2014Q3,2014,Q3,2014-10-24,2014-09-30,77000000.0,3877000000.0,318000000.0,0.1,992000000.0,0.2558679391281919,20727000000.0,7863000000.0,8927000000.0,4878000000.0,12785000000.0,3317000000.0,2902000000.0,4459980000.0,12596980000.0,10.11969111969112,1.8300533005330053,0.4206590437593477,1.1088643011573192,0.009127221902236625,10.11969111969112,0.009792699987282208,1.1503688418880578,14.480454545454545,0.5672109881724532,0.0,0.8697618329816099,0.0,0.1870507068075457,0.7988929889298892,0.0037149611617696724,-135.1509090909091,0.2558679391281919,1.5263157894736843,-0.07256901484936741,0.6806129623111415,-0.23947725830213715,0.12471655328798185,1.5310344827586206,11.72,-0.6075309181844168,0.11535969609116828,-0.22721367585488184,Oil & Gas Equipment & Services,Energy,WFRD
2014Q2,2014,Q2,2014-07-25,2014-06-30,-145000000.0,3711000000.0,25000000.0,-0.19,882000000.0,0.23767178658043653,21813000000.0,7977000000.0,9718000000.0,5801000000.0,13763000000.0,3365000000.0,2825000000.0,4459980000.0,13313980000.0,10.266409266409266,1.675228408895018,0.43208178609086323,1.1815218753917514,0.0015661474750405548,10.266409266409266,-0.01817725962141156,1.2018270008084075,-7.689620689655173,0.5591049266641596,0.0,0.8407132243684993,0.0,0.17012790537752717,0.6741941044647475,-0.0066474120937055885,76.89620689655172,0.23767178658043653,-2.8000000000000003,-4.113545543692515,0.6769674305587106,-0.17813811793707685,0.16512549537648613,-2.5365853658536586,-0.8076923076923077,-2.272157310277894,0.17458686189382105,-0.2187092913411726,Oil & Gas Equipment & Services,Energy,WFRD
2014Q1,2014,Q1,2014-03-31,2014-03-31,-41000000.0,3596000000.0,130000000.0,-0.05,757000000.0,0.21051167964404893,21830000000.0,7927000000.0,8860000000.0,5817000000.0,13859000000.0,3403000000.0,2970000000.0,4454240000.0,13419240000.0,10.21520618556701,1.5231218841327145,0.42748511223087493,1.17724233631891,0.04820673271916102,10.21520618556701,-0.005172196291156806,1.2386651835372637,-27.16,0.5619074050712753,0.0,0.8342638848075228,0.0,0.16472743930371048,0.7031115695375623,-0.0018781493357764543,-6.41821325648415,0.21051167964404893,0.8568278784755032,-1.2238816461040347,0.4343348737932805,-0.1519849547039122,0.2533112582781457,0.8487084870848709,3.6,-1.6670919462387181,0.21272988653797079,-0.20883303328309297,Oil & Gas Equipment & Services,Energy,WFRD
2013Q4,2013,Q4,2013-12-31,2013-12-31,-271000000.0,3738000000.0,-50000000.0,-0.34923,604000000.0,0.1615837346174425,21977000000.0,8162000000.0,8774000000.0,5699000000.0,13774000000.0,3371000000.0,3011000000.0,4454240000.0,12746240000.0,10.518041237113403,1.539568345323741,0.3970969650088729,1.0692232296005881,-0.004028730955853045,10.518041237113403,-0.03320264641019358,1.1916104868913857,-4.109077490774908,0.545728987993139,0.0,0.9296944526846633,0.0,0.1700869090412704,0.7069661344095456,-0.012331073394912864,15.048108108108108,0.1615837346174425,-12.640999999999998,-1.7005512683725028,0.27678401346051484,-0.11352350679274678,-0.22959183673469388,-13.318181818181818,-1.209205020920502,-0.40192623349736434,0.23725476083491717,-0.1637105678764496,Oil & Gas Equipment & Services,Energy,WFRD
2013Q3,2013,Q3,2013-09-30,2013-09-30,22000000.0,3820000000.0,239000000.0,0.03,784000000.0,0.20523560209424083,22937000000.0,8540000000.0,9073000000.0,6151000000.0,14356000000.0,3580000000.0,3282000000.0,4437020000.0,13416020000.0,11.047865459249676,1.4750447081775322,0.4052404412085277,1.088407494145199,0.00519273899635548,11.047865459249676,0.002576112412177986,1.161523560209424,50.42068181818182,0.5195573770491804,0.0,0.8480446927374302,0.0,0.16654313990495706,0.7023248252316696,0.0009591489732746218,-103.18651162790698,0.20523560209424083,1.2,-0.9475843724626823,0.3275078250273493,-0.10052825307324893,0.05660377358490566,1.1864406779661016,3.3454545454545452,-0.775840258847565,0.4563130255982591,-0.16948087946897797,Oil & Gas Equipment & Services,Energy,WFRD
2013Q2,2013,Q2,2013-06-30,2013-06-30,-118000000.0,3868000000.0,55000000.0,-0.15,742000000.0,0.19183040330920373,22632000000.0,8401000000.0,8948000000.0,5950000000.0,14193000000.0,3637000000.0,3260000000.0,4419800000.0,13359800000.0,10.910389610389611,1.5038655462184873,0.4080505478967833,1.099273895964766,0.0038040322118344347,10.910389610389611,-0.014045946911082014,1.1426577042399173,-9.363983050847459,0.5261040352339007,0.0,0.8594995875721748,0.0,0.17090844821491694,0.6944537815126051,-0.005213856486390951,-22.55,0.19183040330920373,-6.0,-1.281668114086763,0.5365211699817509,-0.08930166671730165,-0.10709987966305656,-6.363636363636363,-0.8028673835125448,-3.2875457850386325,0.5311746384561505,-0.155676228323842,Oil & Gas Equipment & Services,Energy,WFRD
2013Q1,2013,Q1,2013-03-31,2013-03-31,22000000.0,3837000000.0,279000000.0,0.03,831000000.0,0.21657544956997654,22681000000.0,8663000000.0,9057000000.0,5754000000.0,13983000000.0,3744000000.0,3378000000.0,4414060000.0,13056060000.0,11.265279583875163,1.5740354535974974,0.3936334376791147,1.0305898649428604,0.013594614128978293,11.265279583875163,0.0025395359575204894,1.1503935366171487,50.15977272727273,0.5095301858478587,0.0,0.8028846153846154,0.0,0.16917243507781843,0.718804310045186,0.0009699748688329439,-10.71373786407767,0.21657544956997654,1.1875,-0.9631733570623608,-0.22722203524345655,-0.5018799758071595,-0.011890606420927468,1.180327868852459,0.13877551020408163,1.5276130815950024,0.574533112471539,-0.14299231447379346,Oil & Gas Equipment & Services,Energy,WFRD
2012Q4,2012,Q4,2012-12-31,2012-12-31,-122000000.0,4058000000.0,245000000.0,-0.16,841000000.0,0.20724494825036965,22795000000.0,8786000000.0,9029000000.0,5710000000.0,13977000000.0,3675000000.0,3356000000.0,4408320000.0,12742320000.0,11.440104166666666,1.5812609457092819,0.3787672735248958,0.982699749601639,-0.01801493827319754,11.440104166666666,-0.013885727293421352,1.0863282405125678,-9.03344262295082,0.5017436831322559,0.0,0.8753741496598639,0.0,0.17802149594209257,0.7329246935201401,-0.005352050888352709,22.377258883248732,0.20724494825036965,-2.7777777777777777,-1.1632136328173384,-0.18013561074343432,-0.4747036810006563,-0.012910798122065728,-2.742857142857143,-0.2222222222222222,-2.8568303013227596,0.6070242727623275,-0.1315290823664112,Oil & Gas Equipment & Services,Energy,WFRD
2012Q3,2012,Q3,2012-09-30,2012-09-30,70000000.0,3819000000.0,315000000.0,0.09,852000000.0,0.22309505106048705,22781000000.0,8882000000.0,9099000000.0,5326000000.0,13866000000.0,3676000000.0,3478000000.0,4402580000.0,12943580000.0,11.580182529335072,1.7084115659031167,0.39093981826961066,1.0027020941229452,0.008365396951967342,11.580182529335072,0.007881107858590407,1.1528096360303743,15.7235,0.4956743976581851,0.0,0.8071273122959739,0.0,0.16763969974979148,0.8028539241457003,0.0030727360519731354,-12.542962962962964,0.22309505106048705,1.0810810810810811,-0.8945604731986453,-0.1461292262007403,-0.447010687303274,0.0979381443298969,1.0824499411071848,1.4984177215189873,-0.14588849654848698,0.6770546729408032,-0.12971729448987235,Oil & Gas Equipment & Services,Energy,WFRD
2012Q2,2012,Q2,2012-06-30,2012-06-30,-849000000.0,3747000000.0,-632000000.0,-1.11,776000000.0,0.20709901254336802,21703000000.0,8588000000.0,8501000000.0,4594000000.0,13092000000.0,3399000000.0,3408000000.0,4391100000.0,12584100000.0,11.226143790849672,1.8504571179799738,0.3950605907017463,0.9983698183511877,-0.03979991573512142,11.226143790849672,-0.09885887284583139,1.1718975180144116,-1.2930212014134275,0.5113064741499768,0.0,0.8740806119446897,0.0,0.17264894254250565,0.8683064867218111,-0.03911901580426669,-10.025342465753425,0.20709901254336802,-7.9375,-3.2713754194436837,-0.08744014500309587,-0.42586418032069584,-0.15098468271334792,-7.902439024390244,-2.595959595959596,-19.516312187913208,0.7197960628302752,-0.10130802066848882,Oil & Gas Equipment & Services,Energy,WFRD
2012Q1,2012,Q1,2012-03-31,2012-03-31,123000000.0,3599000000.0,396000000.0,0.16,914000000.0,0.2539594331758822,21873000000.0,9912000000.0,8053000000.0,4832000000.0,11940000000.0,3303000000.0,4475000000.0,4362400000.0,11914400000.0,13.042105263157895,1.6665976821192052,0.3607644127463082,0.7961057304277643,0.010830140356346961,13.042105263157895,0.012409200968523002,1.2121144762434009,8.866666666666667,0.4401129943502825,0.0,0.812897366030881,0.0,0.16454075801216111,0.7651076158940397,0.005623371279659855,-11.4498687664042,0.2539594331758822,2.249718305532516,-0.8051436502732404,-0.13329170385994088,-0.30450437287504173,0.0018337723206701107,2.259484532915553,-0.007993667191895608,-0.3142151682497466,0.4657531978392822,0.08268999025390598,Oil & Gas Equipment & Services,Energy,WFRD
2011Q4,2011,Q4,2011-12-31,2011-12-31,-97659000.0,3709350000.0,399191000.0,-0.12802885201543285,912327000.0,0.24595333414210035,21185000000.0,9532000000.0,7699000000.0,4213000000.0,11632000000.0,3158000000.0,4352000000.0,4352102440.0,11587102440.0,12.571781283714452,1.8274388796582008,0.3590276138777437,0.7979437683592111,-0.008648251615976507,12.571781283714452,-0.010245383969785984,1.173278994972165,-11.141068513910648,0.45657809903483004,0.0,0.8856944268524383,0.0,0.1750932263393911,0.8559221457393781,-0.0046098182676422,22.82279939797893,0.24595333414210035,-1.5121154080617314,-1.160533423610887,-0.08246285223201744,-0.3097816507076527,0.01872805132013109,-1.5130226938432443,-0.03972759594521128,-1.2583791172641154,0.2967326837474974,0.059568824129683326,Oil & Gas Equipment & Services,Energy,WFRD
2011Q3,2011,Q3,2011-09-30,2011-09-30,190360000.0,3372650000.0,415706000.0,0.25,895555000.0,0.2655345203326761,20667276000.0,9872321000.0,7594548000.0,4038155000.0,10770703000.0,3071830000.0,4700272000.0,4327363040.0,11669615040.0,13.095070142300795,1.8806974967528487,0.3684962643359483,0.7714309532682335,0.016695111170063993,13.095070142300795,0.01928219311345326,1.2830750418810135,5.683130699726834,0.43833289456451024,0.0,0.8063906531285912,0.0,0.1631879305235968,0.8554458657480953,0.009210696174957938,-18.54189482524434,0.2655345203326761,0.6666666666666667,-0.6272543036177728,-0.0884467494530228,-0.24057615771209906,0.138512409722337,0.7290050682119567,0.3986709957438218,-0.5349690482243443,0.20174702554507934,0.06614672856665924,Oil & Gas Equipment & Services,Energy,WFRD
2011Q2,2011,Q2,2011-06-30,2011-06-30,110098000.0,3051814000.0,297215000.0,0.15,786601000.0,0.2577486701352048,20504628000.0,9862322000.0,7365317000.0,3774932000.0,10583414000.0,2939356000.0,4518144000.0,4308093860.0,11348973860.0,13.140319157298954,1.9511124968608706,0.35945226609329367,0.747332626130033,0.012310670123845166,13.140319157298954,0.011163496791120792,1.41165020541881,9.782407173608966,0.43682348436808294,0.0,0.7706494211657248,0.0,0.14883537511629083,0.8874861851816138,0.005369421966592128,-34.68423270455442,0.2577486701352048,0.8749999999999999,-0.7261186257218103,-0.07804801192261103,-0.23128937696389906,0.07677302513151645,0.8597320991199473,0.40269859548440684,-0.7303797113058047,0.24373428053764273,0.09683221064435761,Oil & Gas Equipment & Services,Energy,WFRD
2011Q1,2011,Q1,2011-03-31,2011-03-31,59201000.0,2856186000.0,211888000.0,0.08,730517000.0,0.2557666062364286,19821921000.0,9650984000.0,6895867000.0,2992309000.0,10109538000.0,2759569000.0,4408046000.0,4290466320.0,11187103320.0,12.911568120641954,2.304530381053561,0.36050764201915647,0.7404378662320857,0.00960570679565369,12.911568120641954,0.00613419315584815,1.5021662874896804,18.118217259843583,0.44456257724600934,0.0,0.7702902156097564,0.0,0.14409229055044664,1.0601776086627417,0.002986642919220594,-8.06328581711298,0.2557666062364286,1.3255075883956546,-0.8639848672045684,-0.1313915693156757,-0.2266694515941686,-0.06944895590908454,1.317946487072901,-0.25144579121962246,-0.8980464792110371,-0.408188838146729,-0.4290855742428638,Oil & Gas Equipment & Services,Energy,WFRD
2010Q4,2010,Q4,2010-12-31,2010-12-31,-186198000.0,2910121000.0,283063000.0,-0.24577,785037000.0,0.2697609480842893,19131654000.0,9400931000.0,6492067000.0,2582979000.0,9666807000.0,2590008000.0,4348845000.0,4290466320.0,10640084320.0,12.577034735935184,2.513402935138071,0.3536228493364975,0.719651064346712,-0.029996072289392404,12.577034735935184,-0.01980633620223359,1.4743257479671807,-5.760623529790868,0.456387385462142,0.0,0.8204932185537651,0.0,0.15211026709974998,1.1789391241663212,-0.009732457005546933,33.00841138320216,0.2697609480842893,-2.8905384615384615,-1.356830745684611,-0.06981174365881408,-0.22506806759436043,0.23843185632974495,-2.9671642737155715,0.02773541884512606,-1.2559412153413738,-0.39589887738986834,-0.4224991351072078,Oil & Gas Equipment & Services,Energy,WFRD
2010Q3,2010,Q3,2010-09-30,2010-09-30,94653000.0,2529752000.0,275424000.0,0.13,633896000.0,0.25057634108007426,19884443000.0,9916937000.0,7184164000.0,2768112000.0,9897918000.0,2493289000.0,4895374000.0,4279181480.0,10605390480.0,13.302361361874281,2.5953299577473743,0.3659942096441927,0.7338547174394674,0.01035164862215725,13.302361361874281,0.009544580146067278,1.691541890272248,11.302286985092918,0.43150233585228986,0.0,0.7603835736651468,0.0,0.12722267352422192,1.259705893403157,0.004760153452626256,84.2225925051173,0.25057634108007426,4.25,-0.6009998050939578,-0.5257757769736225,-0.6331414356712546,0.0071545123634994354,4.5632058424936,1.6775548296780214,-0.8533147847114704,-0.4180750346052199,-0.36477135415509515,Oil & Gas Equipment & Services,Energy,WFRD
2010Q2,2010,Q2,2010-06-30,2010-06-30,-26564000.0,2438271000.0,102864000.0,-0.04,629393000.0,0.2581308640425941,18814727000.0,9603780000.0,6318611000.0,2750740000.0,9140083000.0,2371489000.0,4750528000.0,4266019660.0,10676816660.0,12.922044808391718,2.2970586096832126,0.35257381093012935,0.6907259433264819,0.020916992538402637,12.922044808391718,-0.0027659942231079847,1.7496084971686905,-40.148506060834215,0.44420214332273333,0.0,0.7627604429116053,0.0,0.12959374855664926,0.9793222914561173,-0.0014118727313981224,23.845034040222238,0.2581308640425941,0.20000000000000004,-1.0521693109649557,-0.5136941385527736,-0.49295732307500145,0.06870958758965443,0.3360493888875003,-0.12015122614638486,-1.0731518271006117,-0.3887623254910649,-0.3391311454565688,Oil & Gas Equipment & Services,Energy,WFRD
2010Q1,2010,Q1,2010-03-31,2010-03-31,-40009000.0,2338248000.0,116911000.0,-0.05,588928000.0,0.2518672099794376,18957759000.0,9699161000.0,6327705000.0,2953478000.0,9181635000.0,2316155000.0,4777092000.0,4235345100.0,10864296100.0,13.144899134665556,2.142458823123111,0.36059378115314156,0.7048083849726796,0.004938385319542406,13.144899134665556,-0.004124995966145938,1.8113327157769408,-26.464952260741335,0.4366712852792113,0.0,0.7552689694774314,0.0,0.12333989476287782,0.9692897661672103,-0.0021104287695607902,-18.239837986589322,0.2518672099794376,-0.21388686574411278,-1.0927165973293773,-0.4908269606307442,-0.4765682946465272,0.07204904723417578,-0.3164752722845579,0.3012811237380764,-1.065283560079326,-0.4200128649578316,-0.29902268976589064,Oil & Gas Equipment & Services,Energy,WFRD
2009Q4,2009,Q4,2009-12-31,2009-12-31,-30391000.0,2426081000.0,89843000.0,-0.04119,549348000.0,0.22643431938175188,18866183000.0,9719672000.0,6140606000.0,2796888000.0,9067479000.0,2239762000.0,4817101000.0,4235345100.0,10699665100.0,13.172696902549925,2.195513728114962,0.35602532849384533,0.6910561385199007,0.013256515582080847,13.172696902549925,-0.0031267516023174443,1.745755850690888,-34.84045523345727,0.4357497969067269,0.0,0.8379162607455614,0.0,0.12859416236978088,0.9858796633973187,-0.0016108716850674035,161.84589017539838,0.22643431938175188,-1.3744545454545454,-1.0425008988716735,-0.4866043440644818,-0.45211115319356926,0.01611059525967468,-1.3927805205883113,-0.40073504889209055,-1.0513344001746574,-0.38334615223726354,-0.2767900660517937,Oil & Gas Equipment & Services,Energy,WFRD
2009Q3,2009,Q3,2009-09-30,2009-09-30,77374000.0,2149879000.0,149922000.0,0.11,540638000.0,0.2514736875889294,18685290000.0,9635228000.0,6096248000.0,2748614000.0,8968693000.0,2307659000.0,4808242000.0,4156414360.0,10722620360.0,13.306230786865052,2.2179352939335972,0.36781880291930175,0.7132992597580462,0.015505402717107365,13.306230786865052,0.00803032372456573,1.933324787115926,13.429622224519864,0.43137685584606816,0.0,0.6973478317203712,0.0,0.1150572990839318,0.979925882644853,0.004140904422676876,-12.648587400755309,0.2514736875889294,0.8333333333333334,-0.795511147344637,-0.4986037761877602,-0.4084715452274393,-0.020565589956339787,0.8430718658440723,-0.022449711472630654,-0.8422619434198844,-0.39503634727246395,-0.22833029523924614,Oil & Gas Equipment & Services,Energy,WFRD
2009Q2,2009,Q2,2009-06-30,2009-06-30,41981000.0,1994832000.0,153365000.0,0.06,551990000.0,0.27671001868829054,17365659000.0,8749450000.0,5634228000.0,2240471000.0,8533042000.0,2259904000.0,4730868000.0,4020433760.0,10312732760.0,12.49164791611938,2.514751585715682,0.3741620747015705,0.7426262222196823,0.009081307267604305,12.49164791611938,0.004798130168182,2.0154247375217564,23.941984230961626,0.4595070272988588,0.0,0.6384527838350655,0.0,0.11487223145404386,1.0689899579150992,0.0024174723228182703,-15.472490263388803,0.27671001868829054,-0.7391304347826088,-0.8920275721358547,-0.4892218925085331,-0.41730793952638834,-0.23506937852418375,-0.7452640137862404,-0.5064285139592888,-0.8880953602420264,-0.3542434559198333,-0.2692367409497864,Oil & Gas Equipment & Services,Energy,WFRD
2009Q1,2009,Q1,2009-03-31,2009-03-31,164802000.0,2256141000.0,310725000.0,0.23,721621000.0,0.3198474740718776,16945150000.0,8412061000.0,5692987000.0,2047773000.0,8449396000.0,2231643000.0,4688887000.0,4008396980.0,10033950980.0,12.046019987770773,2.7800869529972316,0.365135156667247,0.7355236724983331,0.01793149847124115,12.046019987770773,0.01959115607934845,1.7766606697010514,6.08062550818558,0.4765059335637247,0.0,0.687618942635538,0.0,0.13314376089913632,1.1960480971279532,0.009725614703912328,-9.385522205285623,0.3198474740718776,-0.54,-0.40642465542751044,-0.4118499553549647,-0.42871301196856,-0.2297952548827489,-0.5265915580349192,-0.4152170599095513,-0.5947206873212864,-0.26559172280047205,-0.2785109325057555,Oil & Gas Equipment & Services,Energy,WFRD
2008Q4,2008,Q4,2008-12-31,2008-12-31,348118000.0,2634626000.0,531351000.0,0.5,936921000.0,0.3556182167791557,16476513000.0,8285648000.0,5570282000.0,3022093000.0,8110464000.0,2088342000.0,4524085000.0,4008396980.0,9590200980.0,11.864997343651327,1.8431868244954739,0.35324233956541656,0.7024437919641289,0.03118028118843752,11.864997343651327,0.042014577495930315,1.5214292199348218,2.8786194480032634,0.483775919517701,0.0,0.8129439526667567,0.0,0.15990191613965893,0.8872149202555977,0.021128135546641454,-26.398820995785037,0.3556182167791557,-0.05660377358490571,0.40692197564018306,-0.3104137451667231,-0.4202946423305492,0.0411702540247346,-0.06066378845116028,-0.006337659423271123,-0.28591895286144137,-0.09861038633183505,-0.2689401347336084,Oil & Gas Equipment & Services,Energy,WFRD
2008Q3,2008,Q3,2008-09-30,2008-09-30,370600000.0,2540796000.0,534740000.0,0.53,899873000.0,0.35416971689187166,16198911000.0,8383278000.0,5507138000.0,2639991000.0,7738052000.0,2021814000.0,4175967000.0,3917733680.0,9199297680.0,12.282615320600353,2.086044232726551,0.34682022760665826,0.6701567095830533,0.03138997216909761,12.282615320600353,0.04420705122745542,1.541931615131636,2.6428316783594172,0.46732718156310693,0.0,0.8116092776091174,0.0,0.1568498030515755,1.046295991160576,0.022878081125329967,-8.12664505222108,0.35416971689187166,0.0,1.0989883033815644,-0.25829740815713015,-0.3798232695984809,0.16098263956980813,-0.0010350850710542773,0.07610016823498161,0.7063571421754407,-0.47976283075145015,-0.6612644552243007,Oil & Gas Equipment & Services,Energy,WFRD
2008Q2,2008,Q2,2008-06-30,2008-06-30,370984000.0,2229250000.0,496924000.0,0.53,775096000.0,0.34769361893013345,14796542000.0,8168970000.0,4927661000.0,1449000000.0,6561284000.0,1909239000.0,3805367000.0,3913933800.0,8235254800.0,11.980245501341898,3.4007322291235336,0.3101602387909283,0.5617965300398948,0.03287922610748024,11.980245501341898,0.0454138036986303,1.755717752607379,2.637535446272616,0.47912206802081536,0.0,0.761640632733775,0.0,0.15066020155249787,1.6420131124913733,0.025072344605922114,-11.943940651587466,0.34769361893013345,-0.3026315789473684,1.2925123797801947,-0.35709013735079936,-0.32976810254404376,0.03870471473330707,0.4041733377239299,0.19586844879119397,-0.20587990564219413,-0.5153863050325512,-0.5299121896501843,Oil & Gas Equipment & Services,Energy,WFRD
2008Q1,2008,Q1,2008-03-31,2008-03-31,264201000.0,2195892000.0,415534000.0,0.76,746214000.0,0.33982272352192183,14484134000.0,7691450000.0,5101425000.0,1661260000.0,6792684000.0,1768047000.0,3434383000.0,1952145300.0,6082748300.0,22.615592702039137,3.070816729470402,0.3284311647489591,0.6184842909984464,0.026614248025619607,22.615592702039137,0.03434996002054229,0.8889987758960823,1.8472160400604087,0.2538071885015179,0.0,0.8199318230793639,0.0,0.1516067167011849,1.6440984553892828,0.01824071773983864,-4.41604883533119,0.33982272352192183,-0.19999999999999996,1.8017596379369434,0.3276853148898568,0.34575838823319754,-0.023666037770410125,-0.20183619275492357,-0.09978075876531656,0.3283450711158337,0.03743875605619668,-0.099443964207407,Oil & Gas Equipment & Services,Energy,WFRD
2007Q4,2007,Q4,2007-12-31,2007-12-31,331011000.0,2191841000.0,461592000.0,0.95,764302000.0,0.34870321341739663,13190957000.0,7406719000.0,4471769000.0,2202365000.0,5784238000.0,1607684000.0,3170182000.0,1952145300.0,5621986300.0,21.77838251076905,2.030439550210796,0.2911505965791565,0.5185231139455946,0.03443384121423551,21.77838251076905,0.04469063832447268,0.8906418394399959,1.4743809873387894,0.2635641098305471,0.0,0.8879475070971659,0.0,0.1661623944343083,0.9683081596374806,0.02509378205083983,-10.175107763675692,0.34870321341739663,0.13095238095238093,36.84027153087965,0.3422101064636231,0.33665162379034796,0.09382263031954478,0.13083805638970597,0.10010510285064671,0.004320238280434456,0.006311886978334404,-0.09417692007892374,Oil & Gas Equipment & Services,Energy,WFRD
2007Q3,2007,Q3,2007-09-30,2007-09-30,292713000.0,1971991000.0,419589000.0,0.84,698744000.0,0.3543342743450655,12439402000.0,7081764000.0,4172207000.0,1732873000.0,5357638000.0,1639095000.0,2839171000.0,1941130240.0,5310691240.0,20.94106027630583,2.407681924757325,0.28100699696014325,0.493600040893766,0.032131633985019864,20.94106027630583,0.04133334575961582,0.9843504559604989,1.6578783996611015,0.27410264448236343,0.0,0.7767987822548419,0.0,0.1585277973973347,1.1509533589593697,0.023531115080933956,-11.19994830252256,0.3543342743450655,0.75,0.11590539494385307,0.19822237389798977,0.0,0.12072137384378252,0.7706914282257576,0.2814186372506803,0.6564592679706799,-0.015227003967144583,-0.06906522027484895,Oil & Gas Equipment & Services,Energy,WFRD
2007Q2,2007,Q2,2007-06-30,2007-06-30,165310000.0,1815945000.0,327441000.0,0.48,623477000.0,0.3433347375608843,11729399000.0,6615425000.0,3876289000.0,1513291000.0,5113974000.0,1515812000.0,2546458000.0,1942019940.0,5167385940.0,19.553115144636465,2.561496103525363,0.2848287452750137,0.5050121496351331,0.020791518799044957,19.553115144636465,0.02498856838373952,1.069426629110463,2.9369365737099993,0.2935593616434318,0.0,0.7866859478616082,0.0,0.15481995283816333,1.2263213089881588,0.014093646230297052,-9.37784273200506,0.3433347375608843,-0.4074074074074075,1.3973620145163297,0.08485850290099234,0.0,-0.09305048847615224,-0.41290327163212254,-0.20649410761151676,-0.11980592688234742,-0.0373955489783144,-0.08791497896736601,Oil & Gas Equipment & Services,Energy,WFRD
2007Q1,2007,Q1,2007-03-31,2007-03-31,281572000.0,1852285000.0,412651000.0,0.81,687444000.0,0.3711329520025266,10677830000.0,6357199000.0,3606550000.0,2408419000.0,4320631000.0,1372883000.0,2381148000.0,1945917400.0,4395531400.0,18.75224624642341,1.4974761451391971,0.23963904651038648,0.40250824301708976,0.03517425936131579,18.75224624642341,0.04429183355751488,1.0505496724316183,1.727726300910602,0.30609666301149296,0.0,0.8484634160376375,0.0,0.17347017137377163,0.7524882505909478,0.02636977737986089,-9.122357287178934,0.3711329520025266,0.025316455696202552,7.754878698782359,3.583009432389864,0.0,0.051168153203227616,0.03518356482672921,0.10501721857142092,1.0890515930302331,-0.005336844487219032,-0.11066773192980313,Oil & Gas Equipment & Services,Energy,WFRD
