Year,Date,FillingDate,NetIncome,Revenue,OperatingIncome,EPSDiluted,GrossProfit,GrossProfitRatio,TotalAssets,CommonStockEquity,CurrentAssets,CurrentLiability,TotalLiability,Inventory,RetainedEarnings,EnterpriseValue,bookValuePerShare,currentRatio,debtToAssets,debtToEquity,roic,shareholdersEquityPerShare,roe,priceToSalesRatio,peRatio,pbRatio,payoutRatio,inventoryTurnover,dividendYield,assetTurnover,quickRatio,returnOnAssets,priceToFreeCashFlowsRatio,grossProfitMargin,epsdilutedGrowth,fiveYNetIncomeGrowthPerShare,fiveYRevenueGrowthPerShare,fiveYShareholdersEquityGrowthPerShare,grossProfitGrowth,netIncomeGrowth,operatingIncomeGrowth,threeYNetIncomeGrowthPerShare,threeYRevenueGrowthPerShare,threeYShareholdersEquityGrowthPerShare,Industry,Sector,Price,MarketCap,AvgVolume,Symbol
2022,2022-12-31,2023-02-15,992192000.0,6298154000.0,1289359000.0,26.31,1802895000.0,0.2862576876,5772101000.0,3949611000.0,5676261000.0,671843000.0,1822490000.0,4358263000.0,3621367000.0,3672272800.0,107.63642557366327,8.448790863341584,0.19934630388484192,0.29133172861833734,0.19367866568779343,107.63642557366327,0.251212587771302,0.5371711774593,3.4098106011739664,0.8565873449309311,0.0,1.0314336239001638,0.0,1.0911371786460424,1.619921618592439,0.17189442804275254,8.943155546274243,0.2862576875700404,0.36391912908242613,6.604239800701404,1.1244887564619968,1.750050688621865,0.25608571699291033,0.34544724751981165,0.32467483099430827,3.126401239909715,0.7780747249411498,1.0774916865620245,Residential Construction,Consumer Cyclical,137.04,5038316712,402716,MTH
2021,2021-12-31,2022-02-16,737444000.0,5147326000.0,973340000.0,19.29,1435328000.0,0.278849251,4807533000.0,3044389000.0,4715746000.0,595896000.0,1763144000.0,3734408000.0,2629175000.0,5128961920.0,81.00657229524772,7.913706418569683,0.2412958995809285,0.38104131896416654,0.17769040734580233,81.00657229524772,0.24223054281171033,0.8911926153501838,6.220484430004177,1.5067913200317042,0.0,0.9939990488452253,0.0,1.070679286028822,1.2852628646609476,0.153393434844857,-25.806492720358243,0.2788492510480199,0.7536363636363635,4.245515977238851,0.7912080511907018,1.2781077204456035,0.47061993725422696,0.7414109451561486,0.8168039526414718,2.4618541234645566,0.5500239992985175,0.8880843554401996,Residential Construction,Consumer Cyclical,137.04,5038316712,402716,MTH
2020,2020-12-31,2021-02-12,423475000.0,4506305000.0,535743000.0,11.0,976002000.0,0.2165858725,3864398000.0,2347868000.0,3681767000.0,496445000.0,1516530000.0,2778039000.0,1891731000.0,3398268759.9999995,62.247945278116546,7.416263634440875,0.27128132247247827,0.4465067882862239,0.12416634858884691,62.247945278116546,0.1803657616186259,0.6932075747203085,7.376597815691599,1.3304856831815075,0.0,1.2707895749483717,0.0,1.1661078905433653,1.7004784014341972,0.10958369194891417,6.119971396553479,0.21658587246091865,0.7133956386292835,2.452953839279419,0.8245769764783264,0.9576697621854536,0.39390226137327655,0.6961864593472,0.6903076194983436,2.1574338460388507,0.4787955823621355,0.5904003116512495,Residential Construction,Consumer Cyclical,137.04,5038316712,402716,MTH
2019,2019-12-31,2020-02-18,249663000.0,3677843000.0,316950000.0,6.42,700194000.0,0.1903816993,3398249000.0,1973990000.0,458859000.0,405278000.0,1424259000.0,2744361000.0,1468256000.0,3027806000.0,51.81076115485564,1.1322080152389224,0.3099278481359076,0.533544749466816,0.0853210895211276,51.81076115485564,0.12647632460144176,0.6330588336696265,9.325735090902537,1.1794846985040452,0.0,1.085006309301145,0.0,1.0822759015010377,1.0066127448319424,0.07346813020470248,7.220962364507575,0.19038169927318813,0.15053763440860213,0.7974560736361439,0.719303148182317,0.8220103741262892,0.07194919756214435,0.0982307814122077,0.11586789138111316,0.7517344259786652,0.26244497098921105,0.4570483807023656,Residential Construction,Consumer Cyclical,137.04,5038316712,402716,MTH
2018,2018-12-31,2019-02-15,227332000.0,3543917000.0,284039000.0,5.58,653197000.0,0.1843149825,3365479000.0,1720755000.0,3182782000.0,334667000.0,1644724000.0,2742621000.0,1218593000.0,2471320040.0,42.90410651507218,9.510295308470809,0.38926316283655316,0.7613268594308894,0.07521483344075501,42.90410651507218,0.13211177651670342,0.41556533067789114,6.478318230605458,0.8558621302858339,0.0,1.0539990760662885,0.0,1.0530200901565572,1.1616054167276726,0.06754818556288718,6.437174814782438,0.1843149825461488,0.6363636363636364,0.6442353837114719,0.7396426075837857,0.8410595367280425,0.10983359215976783,0.5869044710481309,0.16952969950507688,0.7432193851541428,0.3494401506752188,0.3493147705177088,Residential Construction,Consumer Cyclical,137.04,5038316712,402716,MTH
2017,2017-12-31,2018-02-12,143255000.0,3254833000.0,242866000.0,3.41,588554000.0,0.18082463831477683,3251258000.0,1576825000.0,3041388000.0,321592000.0,1674433000.0,2731380000.0,991844000.0,3175752400.0,39.13979695683471,9.4572874947138,0.3948637727304323,0.8141702471739096,0.049136750251212565,39.13979695683471,0.0908502845908709,0.633732790591714,14.398760252696242,1.3081314667131738,0.0,0.9761655280480929,0.0,1.0010995743801323,0.7775784223488147,0.04406140638485165,-19.602143916067966,0.18082463831477683,-0.03943661971830977,0.15156453939706735,1.3050716902488952,0.9201452945922988,0.06407359061603937,-0.042035294668351826,0.13372763387001152,-0.0246197956235812,0.43895770829390657,0.3764151405420151,Residential Construction,Consumer Cyclical,137.04,5038316712,402716,MTH
2016,2016-12-31,2017-02-17,149541000.0,3056716000.0,214219000.0,3.55,553114000.0,0.18095040559868827,2888691000.0,1421495000.0,2709676000.0,311534000.0,1467196000.0,2422063000.0,848589000.0,2401776800.0,35.55871022613568,8.697849993901148,0.3954434724932504,0.8036004347535517,0.05730026000781389,35.55871022613568,0.10519980724518904,0.45511745284808924,9.302898870543864,0.9786631680027014,0.0,1.0336651028482744,0.0,1.0581664844041816,0.6485873131022617,0.05176773839777255,-11.586860341151386,0.18095040559868827,0.1488673139158576,6.7392967264296795,1.8749693093254691,1.3551521634623933,0.08884995472262687,0.16159176000869985,0.03631121409877463,0.08513691841695838,0.5054017818670681,0.5258609931097856,Residential Construction,Consumer Cyclical,137.04,5038316712,402716,MTH
2015,2015-12-31,2016-02-17,128738000.0,2592556000.0,206713000.0,3.09,507980000.0,0.195937908380764,2690522000.0,1258937000.0,2505645000.0,267603000.0,1431585000.0,2098302000.0,699048000.0,2211343070.0,31.796959058419418,9.36329189134651,0.4191695886523136,0.8958232222899161,0.058849937980868586,31.796959058419418,0.10225928700165299,0.5190885249923242,10.453526309248241,1.068970147036746,0.0,0.9934585202701994,0.0,0.9635884783696249,1.1939477509594436,0.04784870742554791,-69.27297421114943,0.195937908380764,-0.10693641618497113,13.579607223781698,1.2293639608738711,1.0388414032398856,0.08358664234900116,-0.09493043496600839,-0.0035766792798438214,0.05300824216903459,0.8682302125435035,0.5599156374189225,Residential Construction,Consumer Cyclical,137.04,5038316712,402716,MTH
2014,2014-12-31,2015-02-17,142241000.0,2190633000.0,207455000.0,3.46,468795000.0,0.21399978910205406,2316138000.0,1109489000.0,2132767000.0,237763000.0,1206649000.0,1877682000.0,570310000.0,2236096830.0,28.436040700207602,8.970138331027115,0.40377904943487825,0.842917775660687,0.06924471040365693,28.436040700207602,0.1282040651146609,0.6410119038652298,9.872131312350167,1.2656473655890235,0.0,0.917001920452984,0.0,0.9458128142623626,0.6733427825187266,0.06141300734239497,-6.051741238428519,0.21399978910205406,0.0646153846153846,2.7197854523932503,0.8140173946719148,0.8364729380470893,0.1368254876664759,0.1428284483866821,0.06855150247751692,6.593307009865035,1.1110241961363456,0.8833979733656008,Residential Construction,Consumer Cyclical,137.04,5038316712,402716,MTH
2013,2013-12-31,2014-02-19,124464000.0,1833879000.0,194146000.0,3.25,412372000.0,0.22486325433684556,2003361000.0,841392000.0,1770013000.0,234629000.0,1161969000.0,1405299000.0,428069000.0,2363597950.0,23.304029912754466,7.5438799125427805,0.4517683033661931,1.0756638998231502,0.07787495339099398,23.304029912754466,0.14792629357065434,0.9448163973740906,13.921125385653683,2.0593004806320954,0.0,1.0115334886027814,0.0,0.9154011683366103,1.334528127384083,0.062127594577312824,-16.97722836790484,0.22486325433684556,0.08333333333333333,1.3463397205937384,-0.0218710851906987,0.29647082419602305,0.8898895045348512,0.18353413272729002,2.5183487069824757,14.457308723681802,0.7293168298803276,0.4942693406992233,Residential Construction,Consumer Cyclical,137.04,5038316712,402716,MTH
2012,2012-12-31,2013-02-22,105163000.0,1193674000.0,55181000.0,3.0,218199000.0,0.18279614031971878,1575562000.0,694210000.0,1357223000.0,146178000.0,881352000.0,1113187000.0,303605000.0,1824368950.0,20.383768388290218,9.284728208075087,0.4587550347114236,1.0411791820918743,0.14193010048648208,20.383768388290218,0.15148586162688524,1.0656418335324385,12.095784163631695,1.832340286080581,0.0,0.8762903267824723,0.0,0.7576179166545017,1.3048954014968053,0.06674634194020927,-5.4982880916360495,0.18279614031971878,5.615384615384615,1.2803484755687757,-0.6077955973932896,-0.26788457663906884,0.5463262182158347,5.9826115796455985,26.425944333996025,2.4566658043475287,0.1324135054387525,0.3164363989759455,Residential Construction,Consumer Cyclical,137.04,5038316712,402716,MTH
2011,2011-12-31,2012-02-24,-21106000.0,861244000.0,2012000.0,-0.65,141108000.0,0.16384207030760156,1221378000.0,488912000.0,348119000.0,117199000.0,732466000.0,0.0,198442000.0,1183735580.0,15.098264467914273,2.97032397887354,0.49649576134497264,1.2403234119841609,0.0019027142203608572,15.098264467914273,-0.043169322904735415,0.87192314837607,-35.57938879939354,1.535938123834146,0.0,0.0,0.0,0.7051412421052287,2.866688282323228,-0.01728048155444097,-9.24596247137334,0.16384207030760156,-3.9545454545454546,-1.0764944331037956,-0.7967766410229129,-0.6033907358453082,-0.1585488025951722,-3.951888111888112,-0.9353345760750787,0.9345170610538768,-0.4878286156052569,-0.1600397248060044,Residential Construction,Consumer Cyclical,137.04,5038316712,402716,MTH
2010,2010-12-31,2011-02-28,7150000.0,941656000.0,31114000.0,0.22,167696000.0,0.17808626504795808,1224938000.0,499995000.0,433477000.0,111400000.0,724943000.0,0.0,219548000.0,1213559000.0,15.595601996257018,3.8911759425493715,0.4945393154592314,1.2115721157211572,0.08099226244182615,15.595601996257018,0.014300143001430014,0.7558301545362638,99.54293706293706,1.4234782347823478,0.0,0.0,0.0,0.7687376830500809,3.8072980251346498,0.0058370301190754145,27.204800856203654,0.17808626504795808,1.1037735849056605,-0.9764676717533284,-0.7359770643584836,-0.5056168235756247,40.3961984695137,1.1075899843505477,1.2325984734650548,1.020248093856185,-0.6713286267733439,-0.4398591790997087,Residential Construction,Consumer Cyclical,137.04,5038316712,402716,MTH
2009,2009-12-31,2010-03-05,-66456000.0,970313000.0,-133767000.0,-2.12,4051000.0,0.004174941487952857,1242667000.0,485425000.0,506821000.0,133532000.0,757242000.0,0.0,212398000.0,961673500.0,15.484051036682615,3.795502201719438,0.4868633350688479,1.246349075552351,-0.052664219164629,15.484051036682615,-0.13690271411649585,0.6245361032986263,-9.11874774286746,1.2483813153422259,0.0,0.0,0.0,0.7808310673736407,3.673074618817961,-0.0534785264274339,3.357966918793118,0.004174941487952857,0.7869346733668341,-1.3977126776767856,-0.604423142735449,-0.22742584331034385,1.1097385886496005,0.7723602856800316,0.4472575060122476,-1.248785014607321,-0.7635031343796324,-0.5932566884860813,Residential Construction,Consumer Cyclical,137.04,5038316712,402716,MTH
2008,2008-12-31,2009-02-27,-291935000.0,1523068000.0,-242006000.0,-9.95,-36915000.0,-0.024237263208208695,1326249000.0,527206000.0,364521000.0,156756000.0,799043000.0,0.0,278854000.0,779991100.0,17.974974428912375,2.325403812294266,0.47424578642472115,1.193021323733038,-0.22142850177848247,17.974974428912375,-0.5537399043258233,0.23435992352278429,-1.222690324901091,0.6770524235308399,0.0,0.0,0.0,1.1484027509163062,2.2230536630176836,-0.22012080687713997,1.8773199183742164,-0.024237263208208695,0.09627611262488651,-3.749574807146122,-0.07936963106664574,0.13808001063730424,-3.829602943430937,-0.01067678491679101,0.16428332164970527,-2.05025915616101,-0.5332115233825793,-0.43019032183269296,Residential Construction,Consumer Cyclical,137.04,5038316712,402716,MTH
TTM,,,,,,,,,,,,,,,,5231861712.0,110.93197687104517,8.554357827309735,0.19600176864959584,0.2829347390471601,0.1728986619341304,110.93197687104517,0.23988697050512536,0.8009186795941673,5.5442709483922,1.235351644001662,0.010954063994156066,1.0545444985256631,0.0039404553415061305,1.0714555556956002,1.785913858486392,0.1543547034940027,10.322156232137626,0.26991440660075744,,,,,,,,,,,Residential Construction,Consumer Cyclical,137.04,5038316712,402716,MTH
