Quarters,Year,Quarter,FillingDate,Date,NetIncome,Revenue,OperatingIncome,EPSDiluted,GrossProfit,GrossProfitRatio,TotalAssets,CommonStockEquity,CurrentAssets,CurrentLiability,TotalLiability,Inventory,RetainedEarnings,MarketCap,EnterpriseValue,bookValuePerShare,currentRatio,debtToAssets,debtToEquity,roic,shareholdersEquityPerShare,roe,priceToSalesRatio,peRatio,pbRatio,payoutRatio,inventoryTurnover,dividendYield,assetTurnover,quickRatio,returnOnAssets,priceToFreeCashFlowsRatio,grossProfitMargin,epsdilutedGrowth,fiveYNetIncomeGrowthPerShare,fiveYRevenueGrowthPerShare,fiveYShareholdersEquityGrowthPerShare,grossProfitGrowth,netIncomeGrowth,operatingIncomeGrowth,threeYNetIncomeGrowthPerShare,threeYRevenueGrowthPerShare,threeYShareholdersEquityGrowthPerShare,Industry,Sector,Symbol
2023Q1,2023,Q1,2023-04-28,2023-03-31,202000000.0,2331000000.0,305000000.0,1.78,771000000.0,0.3307593308,12794000000.0,6050000000.0,1814000000.0,1355000000.0,6629000000.0,190000000.0,8412000000.0,15845759999.999998,20292760000.0,54.017857142857146,1.3387453874538746,0.3612630920744099,0.7639669421487604,0.020626456029697503,54.017857142857146,0.033388429752066115,6.797837837837837,19.61108910891089,2.6191338842975203,0.36633663366336633,8.210526315789474,0.004670018982996083,0.1821947788025637,1.0546125461254612,0.015788650930123497,-480.1745454545454,0.3307593307593308,1.0459770114942528,0.38579499596448746,0.5023885350318471,0.46052257881283737,0.017150395778364115,1.0,1.2592592592592593,1.4411976911976911,0.5306668496158068,0.279546200661633,Diagnostics & Research,Healthcare,DGX
2022Q4,2022,Q4,2023-02-21,2022-12-31,101000000.0,2333000000.0,135000000.0,0.87,758000000.0,0.3249035577,12837000000.0,5893000000.0,1898000000.0,1551000000.0,6830000000.0,192000000.0,8290000000.0,17677720000.0,21984720000.0,52.150442477876105,1.2237266279819472,0.3600529718781647,0.7843203801119973,0.012544064572946758,52.150442477876105,0.017138978449007296,7.577248178311187,43.75673267326733,2.9997827931444085,0.7425742574257426,8.203125,0.004242628574273153,0.1817402819973514,0.973565441650548,0.007867881903871622,94.53326203208556,0.324903557651093,-0.5990783410138248,-0.5214270782523867,0.4503400863014702,0.44126400670415555,-0.12672811059907835,-0.60546875,-0.6556122448979592,-0.5266011402987163,0.43643113794466054,0.23881568729576272,Diagnostics & Research,Healthcare,DGX
2022Q3,2022,Q3,2022-10-21,2022-09-30,256000000.0,2486000000.0,392000000.0,2.17,868000000.0,0.3491552695,13223000000.0,6235000000.0,2334000000.0,1602000000.0,6874000000.0,183000000.0,8263000000.0,14232040000.0,18172040000.0,53.75,1.4569288389513109,0.35090372835211375,0.7441860465116279,0.026145708968911947,53.75,0.04105854049719326,5.724875301689461,13.898476562499999,2.282604651162791,0.3046875,8.841530054644808,0.005480591679056551,0.18800574756106783,1.2359550561797752,0.019360205702185586,37.06260416666667,0.3491552695092518,0.10714285714285712,0.8779181837652602,0.5204825086162251,0.5360346266166041,0.030878859857482184,0.09401709401709402,0.010309278350515464,0.3857257417802727,0.4791358155278188,0.2946030330062444,Diagnostics & Research,Healthcare,DGX
2022Q2,2022,Q2,2022-07-22,2022-06-30,234000000.0,2453000000.0,388000000.0,1.96,842000000.0,0.3432531594,13312000000.0,6411000000.0,2426000000.0,1577000000.0,6785000000.0,187000000.0,8083000000.0,15558659999.999998,19405660000.0,54.794871794871796,1.5383639822447686,0.3483323317307692,0.7232880985805646,0.025256807176311822,54.794871794871796,0.036499766027140855,6.342706889523032,16.6225,2.426869443144595,0.3333333333333333,8.614973262032086,0.0050132852057953575,0.18426983173076922,1.320862396956246,0.017578125,47.725950920245396,0.3432531593966572,-0.30742049469964666,0.4196891191709845,0.4782893666064022,0.598232368724172,-0.12746113989637306,-0.3157894736842105,-0.24366471734892786,0.1946902654867257,0.4492496750561267,0.35506643933095666,Diagnostics & Research,Healthcare,DGX
2022Q1,2022,Q1,2022-04-22,2022-03-31,342000000.0,2611000000.0,513000000.0,2.83,965000000.0,0.3695901953,13442000000.0,6377000000.0,2475000000.0,1700000000.0,6949000000.0,197000000.0,7926000000.0,16286340000.000002,20237340000.0,53.588235294117645,1.4558823529411764,0.34689778306799585,0.7312215775442998,0.03313032325509023,53.588235294117645,0.053630233652187546,6.237587131367293,11.905219298245616,2.5539187705817787,0.21637426900584794,8.355329949238579,0.004543685075959362,0.19424192828448147,1.2252941176470589,0.02544264246391906,39.05597122302159,0.36959019532746074,-0.08709677419354839,1.400799344127895,0.5829074125700834,0.5856562063270233,-0.0594541910331384,-0.11855670103092783,-0.051756007393715345,1.3482270957163354,0.5547951597349675,0.3574335594351161,Diagnostics & Research,Healthcare,DGX
2021Q4,2021,Q4,2022-02-28,2021-12-31,388000000.0,2744000000.0,541000000.0,3.1,1026000000.0,0.3739067055,13611000000.0,6444000000.0,2741000000.0,1753000000.0,7128000000.0,208000000.0,7649000000.0,21107220000.0,24892220000.0,52.81967213114754,1.5636052481460354,0.3421497318345456,0.7226877715704532,0.03559879331643289,52.81967213114754,0.06021104903786468,7.69213556851312,13.600012886597938,3.27548417132216,0.19845360824742267,8.259615384615385,0.003648040812575034,0.2016016457277202,1.3177410154021678,0.028506355153919624,62.632700296735905,0.3739067055393586,-0.22885572139303473,1.831517715494447,0.6678500013213414,0.5750031880074247,-0.07065217391304347,-0.2316831683168317,-0.17024539877300612,2.405705434361688,0.6633416236550514,0.3772000402293071,Diagnostics & Research,Healthcare,DGX
2021Q3,2021,Q3,2021-10-22,2021-09-30,505000000.0,2774000000.0,652000000.0,4.02,1104000000.0,0.3979812545061283,13572000000.0,6392000000.0,2854000000.0,1759000000.0,7140000000.0,205000000.0,7333000000.0,17873130000.0,21536130000.0,51.96747967479675,1.6225127913587265,0.34261715296198053,0.7274718397997497,0.04274436370631209,51.96747967479675,0.07900500625782228,6.443089401586157,8.848084158415842,2.796171777221527,0.1504950495049505,8.146341463414634,0.004252193096564508,0.20439139404656645,1.3985218874360432,0.037208959622752724,37.866800847457625,0.3979812545061283,-0.18951612903225815,1.972349254742547,0.6630480257057214,0.5491056561863067,0.12081218274111676,-0.19968304278922344,0.22326454033771106,1.6214741020649641,0.6237093657331492,0.3292415339049009,Diagnostics & Research,Healthcare,DGX
2021Q2,2021,Q2,2021-07-23,2021-06-30,631000000.0,2550000000.0,533000000.0,4.96,985000000.0,0.3862745098039216,12861000000.0,5899000000.0,2146000000.0,1551000000.0,6921000000.0,199000000.0,10246000000.0,16496250000.0,20583250000.0,47.192,1.3836234687298516,0.3613249358525776,0.7877606373961689,0.03733591520877061,47.192,0.10696728259026954,6.469117647058823,6.535756735340729,2.796448550601797,0.12836767036450078,7.864321608040201,0.004910206865196636,0.19827385117797994,1.1702127659574468,0.04906305886011974,43.87300531914894,0.3862745098039216,0.43352601156069365,2.624205128205128,0.4984260230849947,0.4562221732422305,-0.09963436928702012,0.34541577825159914,-0.19242424242424241,2.1348310502283105,0.4457529963522668,0.22881715489182458,Diagnostics & Research,Healthcare,DGX
2021Q1,2021,Q1,2021-04-23,2021-03-31,469000000.0,2720000000.0,660000000.0,3.46,1094000000.0,0.4022058823529412,13931000000.0,6745000000.0,2999000000.0,1707000000.0,7141000000.0,223000000.0,9690000000.0,17069220000.0,20500220000.0,50.714285714285715,1.7568834212067956,0.33457756083554663,0.6910303928836175,0.04136790508889634,50.714285714285715,0.06953298739807265,6.275448529411765,9.098731343283582,2.5306478873239437,0.15991471215351813,7.291479820627803,0.0043938738852741955,0.19524800803962386,1.5301698886936146,0.03366592491565573,26.463906976744187,0.4022058823529412,-0.17814726840855108,3.9437564499484,0.5697859786341861,0.5643103660791323,-0.13790386130811663,-0.18998272884283246,-0.16981132075471697,1.709485578352661,0.4763022205194515,0.37120136324907704,Diagnostics & Research,Healthcare,DGX
2020Q4,2020,Q4,2021-02-22,2020-12-31,579000000.0,3002000000.0,795000000.0,4.21,1269000000.0,0.4227181878747502,14026000000.0,6759000000.0,3058000000.0,1776000000.0,7217000000.0,223000000.0,9303000000.0,16087950000.0,19737950000.0,50.06666666666667,1.7218468468468469,0.34279195779267074,0.7113478325196035,0.04871604661281547,50.06666666666667,0.08566355969818021,5.359077281812125,6.946437823834197,2.380226364846871,0.12953367875647667,7.771300448430493,0.004661874259927461,0.21403108512762015,1.507882882882883,0.04128047911022387,42.448416886543534,0.4227181878747502,0.016908212560386545,2.262293144208038,0.7197924804198466,0.528508397381156,0.05223880597014925,0.01936619718309859,0.10724233983286909,1.2964129483814522,0.5621059075604531,0.3836754047280363,Diagnostics & Research,Healthcare,DGX
2020Q3,2020,Q3,2020-10-23,2020-09-30,568000000.0,2786000000.0,718000000.0,4.14,1206000000.0,0.4328786791098349,14143000000.0,6400000000.0,3348000000.0,2389000000.0,7697000000.0,205000000.0,8800000000.0,15456150000.0,19000150000.0,47.407407407407405,1.4014231896190874,0.3640670296259634,0.80453125,0.04529707972234772,47.407407407407405,0.08875,5.547792534099067,6.802882922535211,2.4150234375,0.13380281690140844,7.7073170731707314,0.004917136544352896,0.19698790921303824,1.266638760987861,0.040161210492823306,20.046887159533075,0.4328786791098349,2.044117647058823,0.7715399610136452,0.5807092198581559,0.4876153119779181,0.9900990099009901,2.0702702702702704,1.5371024734982333,2.5802162410858065,0.4641502196137099,0.354779894621363,Diagnostics & Research,Healthcare,DGX
2020Q2,2020,Q2,2020-07-24,2020-06-30,185000000.0,1827000000.0,283000000.0,1.36,606000000.0,0.33169129720853857,12990000000.0,5831000000.0,2380000000.0,1843000000.0,7109000000.0,154000000.0,8307000000.0,15270640000.0,19419640000.0,43.514925373134325,1.2913727618014108,0.39545804464973056,0.8809809638140971,0.018191928983215144,43.514925373134325,0.03172697650488767,8.35831417624521,20.635999999999996,2.618871548619448,0.40540540540540543,7.928571428571429,0.004911385508400434,0.14064665127020784,1.1470428648941942,0.01424172440338722,55.936410256410255,0.33169129720853857,0.8630136986301372,0.6847963571970657,0.019918588873812815,0.45251489423536,0.09782608695652174,0.8686868686868687,0.6171428571428571,-0.01999071997525316,-0.038650033415014384,0.26922392508396903,Diagnostics & Research,Healthcare,DGX
2020Q1,2020,Q1,2020-05-04,2020-03-31,99000000.0,1822000000.0,175000000.0,0.73,552000000.0,0.3029637760702525,12049000000.0,5657000000.0,1560000000.0,1129000000.0,6346000000.0,126000000.0,8197000000.0,10760200000.0,14599200000.0,42.21641791044776,1.3817537643932685,0.3469997510166819,0.7390843203111189,0.013129395493273837,42.21641791044776,0.017500441930351777,5.9057080131723385,27.17222222222222,1.9021035884744564,0.7171717171717171,10.079365079365079,0.006598390364491366,0.15121586853680805,1.1638618246235606,0.008216449497883641,65.6109756097561,0.3029637760702525,-0.6075268817204301,0.7440665524834843,0.06469284896885875,0.4327513973849817,-0.1661631419939577,-0.6086956521739131,-0.5179063360881543,-0.38282672005824536,-0.019067380317999205,0.24916830534154286,Diagnostics & Research,Healthcare,DGX
2019Q4,2019,Q4,2020-02-20,2019-12-31,253000000.0,1926000000.0,363000000.0,1.86,662000000.0,0.34371754932502596,12843000000.0,5641000000.0,2490000000.0,1990000000.0,7156000000.0,123000000.0,8174000000.0,14309860000.0,18120860000.0,42.09701492537314,1.2512562814070352,0.3895507280230476,0.8868994859067542,0.025291650881157982,42.09701492537314,0.044850203864563024,7.4298338525441325,14.14017786561265,2.5367594398156355,0.28063241106719367,10.276422764227643,0.0049616138802196525,0.14996496145760335,1.1331658291457287,0.01969944716966441,81.30602272727273,0.34371754932502596,0.19230769230769232,0.4408876669285154,0.1068000412171748,0.4192204520295524,-0.04335260115606936,0.17674418604651163,0.1597444089456869,0.6809821858449686,0.0658208153215651,0.2552696758214117,Diagnostics & Research,Healthcare,DGX
2019Q3,2019,Q3,2019-10-23,2019-09-30,215000000.0,1956000000.0,313000000.0,1.56,692000000.0,0.3537832310838446,12019000000.0,5605000000.0,1779000000.0,2011000000.0,6365000000.0,112000000.0,7992000000.0,14449050000.0,18155050000.0,41.51851851851852,0.8846345101939334,0.34445461352857976,0.7386262265834077,0.02341710458637719,41.51851851851852,0.0383586083853702,7.387039877300613,16.80122093023256,2.577885816235504,0.33488372093023255,11.285714285714286,0.004983026565760378,0.16274232465263333,0.7712580805569369,0.017888343456194358,71.17758620689655,0.3537832310838446,-0.06024096385542161,0.7901234567901234,0.10340802987861815,0.4395469118089874,0.005813953488372093,-0.048672566371681415,0.019543973941368076,0.1529706790123456,0.06841143530798703,0.23763115463737383,Diagnostics & Research,Healthcare,DGX
2019Q2,2019,Q2,2019-07-24,2019-06-30,226000000.0,1953000000.0,307000000.0,1.66,688000000.0,0.3522785458269329,11760000000.0,5459000000.0,1566000000.0,1904000000.0,6251000000.0,105000000.0,7849000000.0,13830750000.0,17679750000.0,40.43703703703704,0.8224789915966386,0.35051020408163264,0.7550833485986445,0.023078411670574225,40.43703703703704,0.04139952372229346,7.081797235023042,15.299502212389381,2.5335684191243817,0.3141592920353982,12.047619047619047,0.0051334887840500335,0.16607142857142856,0.7148109243697479,0.01921768707482993,58.60487288135593,0.3522785458269329,0.3833333333333333,0.8125313283208019,0.0952681388012618,0.42300423590746167,0.0633693972179289,0.3780487804878049,0.23790322580645162,0.2018993352326686,0.06260930395243096,0.24778161454379213,Diagnostics & Research,Healthcare,DGX
2019Q1,2019,Q1,2019-04-24,2019-03-31,164000000.0,1891000000.0,248000000.0,1.2,647000000.0,0.3421470121628768,11937000000.0,5290000000.0,1778000000.0,2282000000.0,6596000000.0,98000000.0,7694000000.0,12078760000.0,15998760000.0,39.47761194029851,0.7791411042944786,0.3672614559772137,0.8287334593572779,0.0185844141753511,39.47761194029851,0.03100189035916824,6.387498677948176,18.412743902439026,2.283319470699433,0.43902439024390244,12.693877551020408,0.005960876778742188,0.15841501214710563,0.6761612620508326,0.013738795342213287,52.97701754385965,0.3421470121628768,0.30434782608695643,0.6946039035591275,0.16387136482535777,0.4240421140789042,0.07119205298013245,0.29133858267716534,0.12727272727272726,0.7158326016973953,0.0832031469063699,0.21770891015157176,Diagnostics & Research,Healthcare,DGX
2018Q4,2018,Q4,2019-02-21,2018-12-31,127000000.0,1839000000.0,220000000.0,0.92,604000000.0,0.32843936922240347,11003000000.0,5216000000.0,1390000000.0,1485000000.0,5736000000.0,99000000.0,7602000000.0,11324720000.0,15180720000.0,38.35294117647059,0.936026936026936,0.3627192583840771,0.7651457055214724,0.018171542220219057,38.35294117647059,0.024348159509202456,6.158085916258837,22.29275590551181,2.171150306748466,0.5354330708661418,12.474747474747474,0.00600456346823586,0.1671362355721167,0.7723905723905724,0.011542306643642643,78.6438888888889,0.32843936922240347,-0.3986928104575163,-0.043978435634824724,0.12396865094726416,0.4183205196972406,-0.0944527736131934,-0.40375586854460094,-0.27631578947368424,-0.2896980600750938,0.04578388954283711,0.17089466016978955,Diagnostics & Research,Healthcare,DGX
2018Q3,2018,Q3,2018-10-24,2018-09-30,213000000.0,1889000000.0,304000000.0,1.53,667000000.0,0.35309687665431444,10986000000.0,5317000000.0,1603000000.0,1389000000.0,5621000000.0,95000000.0,7546000000.0,14739680000.0,18174680000.0,39.095588235294116,1.1540676745860332,0.3366102312033497,0.6955049840135414,0.027636478884399015,39.095588235294116,0.040060184314463045,7.802901005823187,17.300093896713616,2.7721798006394582,0.323943661971831,12.863157894736842,0.004681241383802091,0.1719461132350264,0.9791216702663786,0.019388312397596943,45.91800623052959,0.35309687665431444,-0.02547770700636945,-0.4216856764154878,0.16269570375012604,0.522036307463461,-0.013313609467455622,-0.0273972602739726,-0.003278688524590164,-0.34055727554179566,0.0638923654568211,0.2267955340776536,Diagnostics & Research,Healthcare,DGX
2018Q2,2018,Q2,2018-07-25,2018-06-30,219000000.0,1919000000.0,305000000.0,1.57,676000000.0,0.3522668056279312,10747000000.0,5223000000.0,1415000000.0,1262000000.0,5484000000.0,91000000.0,7401000000.0,14951840000.0,18532840000.0,38.404411764705884,1.1212361331220286,0.34549176514376106,0.7108941221520199,0.02870157483519167,38.404411764705884,0.04192992533026996,7.79147472642001,17.068310502283104,2.8626919394983723,0.3105022831050228,13.659340659340659,0.00454793523740222,0.17856145901181725,0.9405705229793978,0.02037777984553829,61.02791836734694,0.3522668056279312,0.2362204724409449,0.4860390635331659,0.18664671801287952,0.49908477407992013,0.02735562310030395,0.23728813559322035,0.1213235294117647,0.9651046859421736,0.05552330022918253,0.2819275137036735,Diagnostics & Research,Healthcare,DGX
2018Q1,2018,Q1,2018-04-20,2018-03-31,177000000.0,1884000000.0,272000000.0,1.27,658000000.0,0.3492569002123142,10695000000.0,5030000000.0,1371000000.0,1117000000.0,5629000000.0,94000000.0,7249000000.0,13640800000.0,17375800000.0,36.98529411764706,1.2273948075201433,0.360822814399252,0.7671968190854871,0.02365123274387018,36.98529411764706,0.03518886679920477,7.240339702760085,19.266666666666666,2.7118886679920475,0.3446327683615819,13.042553191489361,0.004471878482200458,0.17615708274894812,1.0295434198746642,0.016549789621318374,127.4841121495327,0.3492569002123142,-0.30219780219780223,0.5154221197681528,0.2258437173095749,0.3922490487384489,-0.11320754716981132,-0.3031496062992126,0.011152416356877323,2.0723240115718418,0.08473275117551098,0.255216203851326,Diagnostics & Research,Healthcare,DGX
2017Q4,2017,Q4,2018-02-23,2017-12-31,254000000.0,1936000000.0,269000000.0,1.82,742000000.0,0.38326446280991733,10503000000.0,4921000000.0,1306000000.0,1057000000.0,5548000000.0,95000000.0,7138000000.0,13394640000.0,17112640000.0,36.18382352941177,1.2355723746452223,0.3670379891459583,0.7833773623247308,0.03366455913174236,36.18382352941177,0.05161552529973583,6.918719008264463,13.183700787401573,2.721934566145092,0.24015748031496062,12.56842105263158,0.004554060430142206,0.18432828715605065,1.0037842951750235,0.02418356660001904,55.57941908713693,0.38326446280991733,0.5826086956521741,4.310226247586608,0.3384671666323557,0.3793677549443106,0.001349527665317139,0.577639751552795,-0.09731543624161074,0.4253095975232199,0.09618568617037883,0.21986849843401676,Diagnostics & Research,Healthcare,DGX
2017Q3,2017,Q3,2017-10-19,2017-09-30,161000000.0,1931000000.0,298000000.0,1.15,741000000.0,0.38373899533920247,10439000000.0,4794000000.0,1544000000.0,1052000000.0,5611000000.0,100000000.0,6946000000.0,12828680000.0,16242680000.0,34.99270072992701,1.467680608365019,0.36057093591340167,0.785148101793909,0.022404350795574568,34.99270072992701,0.033583646224447226,6.643542206110824,19.92031055900621,2.6759866499791407,0.38509316770186336,11.9,0.004832921235855911,0.18497940415748634,1.2452471482889733,0.01542293323115241,42.905284280936456,0.38373899533920247,-0.16058394160583955,0.14432603292938376,0.2089345709681423,0.332173861197847,-0.04139715394566624,-0.16580310880829016,-0.06583072100313479,0.3209415492559271,0.07340290130650809,0.213281110913299,Diagnostics & Research,Healthcare,DGX
2017Q2,2017,Q2,2017-07-25,2017-06-30,193000000.0,1943000000.0,319000000.0,1.37,773000000.0,0.397838394235718,10171000000.0,4697000000.0,1500000000.0,917000000.0,5438000000.0,83000000.0,6847000000.0,15228920000.0,18651920000.0,34.284671532846716,1.6357688113413305,0.3674171664536427,0.79561422184373,0.025647168505819565,34.284671532846716,0.04109005748350011,7.837838394235718,19.72658031088083,3.2422652757078985,0.32124352331606215,14.096385542168674,0.004071201372126192,0.1910333300560417,1.3751363140676118,0.01897551863140301,66.50183406113537,0.397838394235718,0.18103448275862086,0.2565111908380924,0.17889215897977953,0.36016094245905944,0.05313351498637602,0.17682926829268292,0.14336917562724014,0.5252730366061137,0.07375256165235201,0.20649870496821282,Diagnostics & Research,Healthcare,DGX
2017Q1,2017,Q1,2017-04-21,2017-03-31,164000000.0,1899000000.0,279000000.0,1.16,734000000.0,0.3865192206424434,10109000000.0,4630000000.0,1558000000.0,985000000.0,5446000000.0,77000000.0,6715000000.0,13452030000.0,16816030000.0,33.7956204379562,1.581725888324873,0.369077060045504,0.8058315334773218,0.02278873165480847,33.7956204379562,0.035421166306695465,7.083744075829384,20.506143292682925,2.9054060475161987,0.3780487804878049,15.12987012987013,0.004608969798610321,0.18785240874468295,1.3472081218274112,0.01622316747452765,87.35084415584416,0.3865192206424434,0.06422018348623838,0.19092629507018757,0.13312462839406622,0.38264192329928665,0.047075606276747506,0.05806451612903226,0.010869565217391304,0.6574957888826504,0.1432011438031454,0.2190804967599432,Diagnostics & Research,Healthcare,DGX
2016Q4,2016,Q4,2017-02-22,2016-12-31,155000000.0,1861000000.0,276000000.0,1.09,701000000.0,0.3766792047286405,10100000000.0,4628000000.0,1531000000.0,981000000.0,5440000000.0,82000000.0,6613000000.0,12682200000.0,16057200000.0,33.53623188405797,1.5606523955147809,0.3697029702970297,0.806828003457217,0.02154967078539082,33.53623188405797,0.03349178910976664,6.81472326706072,20.45516129032258,2.740319792566984,0.3548387096774194,14.146341463414634,0.004336786992793048,0.18425742574257425,1.309887869520897,0.015346534653465346,72.05795454545455,0.3766792047286405,-0.18656716417910446,-0.061425568195858385,0.1359271247866631,0.4375763652913984,-0.03708791208791209,-0.19270833333333334,-0.14285714285714285,0.14988785671675775,0.12093044297920576,0.2401949987518905,Diagnostics & Research,Healthcare,DGX
2016Q3,2016,Q3,2016-10-21,2016-09-30,192000000.0,1885000000.0,322000000.0,1.34,728000000.0,0.38620689655172413,10173000000.0,4663000000.0,1642000000.0,1046000000.0,5479000000.0,82000000.0,6520000000.0,11763570000.0,15179570000.0,33.54676258992806,1.569789674952199,0.37570038336773814,0.819644006004718,0.025474631601054582,33.54676258992806,0.041175209092858676,6.240620689655173,15.317148437499998,2.522747158481664,0.296875,14.109756097560975,0.004845467829918979,0.1852944067630001,1.311663479923518,0.018873488646416987,49.014875,0.38620689655172413,-0.02189781021897812,0.2683787144670932,0.12250526005112752,0.502867413364307,-0.03062583222370173,-0.015384615384615385,-0.23696682464454977,-0.48995360497724244,0.13519265499001146,0.306014130096471,Diagnostics & Research,Healthcare,DGX
2016Q2,2016,Q2,2016-07-25,2016-06-30,195000000.0,1906000000.0,422000000.0,1.37,751000000.0,0.39401888772298005,10109000000.0,4537000000.0,1510000000.0,1111000000.0,5540000000.0,80000000.0,6384000000.0,11397400000.0,14956400000.0,32.40714285714286,1.3591359135913592,0.3800573746166782,0.846815076041437,0.02629974164554741,32.40714285714286,0.04297994269340974,5.979748163693599,14.612051282051283,2.5121005069429136,0.28717948717948716,14.4375,0.004913401302051345,0.1885448610149372,1.1323132313231323,0.019289741814224947,43.1719696969697,0.39401888772298005,0.9571428571428574,0.34553297238794006,0.12736985140898333,0.48939699758998995,0.04450625869262865,0.9117647058823529,0.642023346303502,0.28538016845725883,0.14493343131253847,0.264986291841144,Diagnostics & Research,Healthcare,DGX
2016Q1,2016,Q1,2016-04-27,2016-03-31,102000000.0,1863000000.0,257000000.0,0.7,719000000.0,0.38593666129898013,10097000000.0,4636000000.0,1493000000.0,1090000000.0,5431000000.0,82000000.0,6244000000.0,10217350000.0,13987350000.0,32.41958041958042,1.3697247706422018,0.3860552639397841,0.8408110440034513,0.018208969866089674,32.41958041958042,0.02200172562553926,5.484353193773484,25.042524509803922,2.2039150129421916,0.5392156862745098,13.951219512195122,0.005383000484470044,0.1845102505694761,0.9908256880733946,0.010102010498167772,106.43072916666667,0.38593666129898013,-0.45736434108527135,3.1387609623995885,0.15505272767359415,0.6287496190065415,0.02861230329041488,-0.4574468085106383,0.07531380753138076,-0.1694545594633236,0.15284237883721724,0.22038045327113834,Diagnostics & Research,Healthcare,DGX
2015Q4,2015,Q4,2016-02-26,2015-12-31,188000000.0,1849000000.0,239000000.0,1.29,699000000.0,0.3780421849648459,9962000000.0,4684000000.0,1501000000.0,1173000000.0,5249000000.0,84000000.0,6199000000.0,10173020000.0,13691020000.0,32.75524475524475,1.2796248934356351,0.3664926721541859,0.7794619982920581,0.026725528680671636,32.75524475524475,0.04013663535439795,5.50190373174689,13.527952127659576,2.171865926558497,0.2872340425531915,13.69047619047619,0.005308158246027236,0.18560530014053403,0.8815004262574595,0.018871712507528608,57.474689265536725,0.3780421849648459,-0.451063829787234,0.28092906634859843,0.14482483591713657,0.3115156212432013,-0.026462395543175487,-0.4502923976608187,-0.6212361331220285,2.738006296412488,0.2157440457942218,0.2486665038029458,Diagnostics & Research,Healthcare,DGX
2015Q3,2015,Q3,2015-10-29,2015-09-30,342000000.0,1880000000.0,631000000.0,2.35,718000000.0,0.3819148936170213,10074000000.0,4589000000.0,1648000000.0,1133000000.0,5453000000.0,86000000.0,6066000000.0,8851680000.0,12459680000.0,31.868055555555557,1.4545454545454546,0.37035934087750644,0.8130311614730878,0.045222964851871106,31.868055555555557,0.07452604053170625,4.708340425531915,6.470526315789473,1.9288908258879929,0.1608187134502924,13.511627906976743,0.006213509751821123,0.18661901925749455,0.9152691968225949,0.033948779035139966,55.323,0.3819148936170213,1.9012345679012346,1.0767386091127098,0.21267592247478612,0.43089833105776504,-0.033647375504710635,1.8983050847457628,1.0963455149501662,1.3126402668596164,0.11978964590365783,0.2132184636438749,Diagnostics & Research,Healthcare,DGX
2015Q2,2015,Q2,2015-07-30,2015-06-30,118000000.0,1925000000.0,301000000.0,0.81,743000000.0,0.38597402597402597,9720000000.0,4314000000.0,1530000000.0,1242000000.0,5376000000.0,109000000.0,5793000000.0,10442880000.0,14028880000.0,29.958333333333332,1.2318840579710144,0.38436213991769547,0.8660176170607325,0.023301827347195967,29.958333333333332,0.027352804821511357,5.424872727272727,22.124745762711864,2.420695410292072,0.4661016949152542,10.844036697247706,0.005266746338174909,0.19804526748971193,0.8752012882447665,0.01213991769547325,48.798504672897195,0.38597402597402597,0.9285714285714288,-0.2467250154864162,0.27567647923611743,0.36572181796375364,0.09911242603550297,0.9344262295081968,0.3201754385964912,-0.26911485639433647,0.11119451101869379,0.1885239986076638,Diagnostics & Research,Healthcare,DGX
2015Q1,2015,Q1,2015-04-30,2015-03-31,61000000.0,1839000000.0,228000000.0,0.42,676000000.0,0.3675910821098423,10613000000.0,4243000000.0,2375000000.0,2089000000.0,6342000000.0,106000000.0,5729000000.0,11066400000.0,14823400000.0,29.46527777777778,1.1369076112972714,0.4457740506925469,1.1150129625265142,0.015879206596835303,29.46527777777778,0.014376620315814282,6.017618270799347,45.35409836065573,2.6081546075889697,0.7868852459016393,10.971698113207546,0.004337453914552158,0.17327805521530198,0.9205361416945907,0.005747667954395553,-2766.6,0.3675910821098423,-0.6744186046511629,-0.530097494446086,0.2746055623649845,0.35999139781053713,-0.032904148783977114,-0.6789473684210526,-0.11284046692607004,-0.578566605356472,0.04398081684616996,0.2054795209931691,Diagnostics & Research,Healthcare,DGX
2014Q4,2014,Q4,2015-02-24,2014-12-31,190000000.0,1883000000.0,257000000.0,1.29,699000000.0,0.3712161444503452,9877000000.0,4301000000.0,1603000000.0,1709000000.0,5547000000.0,110000000.0,5723000000.0,9723700000.0,13293700000.0,29.662068965517243,0.9379754242246928,0.3808848840741116,0.8746803069053708,0.027871876684117062,29.662068965517243,0.04417577307602883,5.163940520446097,12.794342105263159,2.260799813996745,0.25263157894736843,10.763636363636364,0.0049363925254789845,0.19064493267186391,0.657694558221182,0.019236610306773313,45.43785046728972,0.3712161444503452,0.46590909090909094,0.3003146535108458,0.26610867699664537,0.3397464852299185,-0.0371900826446281,0.4728682170542636,0.00390625,0.09496870308807964,0.09386946982272619,0.2715050825594226,Diagnostics & Research,Healthcare,DGX
2014Q3,2014,Q3,2014-10-30,2014-09-30,129000000.0,1904000000.0,256000000.0,0.88,726000000.0,0.38130252100840334,9801000000.0,4182000000.0,1563000000.0,1190000000.0,5591000000.0,111000000.0,5581000000.0,8798600000.0,12492600000.0,28.841379310344827,1.3134453781512605,0.3942454851545761,0.9239598278335724,0.020011629960307416,28.841379310344827,0.03084648493543759,4.6211134453781515,17.051550387596897,2.103921568627451,0.37209302325581395,10.612612612612613,0.005455413361216557,0.1942658912355882,0.9436974789915966,0.013161922252831344,52.06272189349112,0.38130252100840334,-0.04347826086956525,-0.14329399063675743,0.2811636441046818,0.3643901297304331,-0.0027472527472527475,-0.03007518796992481,-0.022900763358778626,-0.1830711663394595,0.0869029620564939,0.29207010678909523,Diagnostics & Research,Healthcare,DGX
2014Q2,2014,Q2,2014-07-31,2014-06-30,133000000.0,1902000000.0,262000000.0,0.92,728000000.0,0.38275499474237645,9757000000.0,4092000000.0,1505000000.0,1258000000.0,5638000000.0,109000000.0,5500000000.0,8451360000.0,12265360000.0,28.416666666666668,1.196343402225755,0.4056574766834068,0.9672531769305963,0.020181724483983834,28.416666666666668,0.03250244379276637,4.443406940063092,15.886015037593983,2.065337243401759,0.3609022556390977,10.770642201834862,0.005679559266200943,0.19493696833042942,0.8799682034976153,0.01363123911038229,36.585974025974025,0.38275499474237645,0.29577464788732405,-0.09078779962215135,0.2866925664460709,0.4072278871560856,0.12868217054263567,0.27884615384615385,0.25961538461538464,-0.10776980249774051,0.09375380389844971,0.3059990571035582,Diagnostics & Research,Healthcare,DGX
2014Q1,2014,Q1,2014-05-01,2014-03-31,104000000.0,1746000000.0,208000000.0,0.71,645000000.0,0.3694158075601375,9550000000.0,3992000000.0,1488000000.0,1192000000.0,5530000000.0,99000000.0,5415000000.0,8340480000.0,12143480000.0,27.72222222222222,1.2483221476510067,0.4132984293193717,0.9887274549098196,0.016523720642627304,27.72222222222222,0.026052104208416832,4.776907216494846,20.04923076923077,2.089298597194389,0.41346153846153844,11.121212121212121,0.005155578575813382,0.18282722513089006,0.9404362416107382,0.010890052356020943,521.28,0.3694158075601375,-0.26804123711340205,-0.22139168475758178,0.2699688220061216,0.4862019505596225,-0.08443886748636595,-0.2707383773928897,-0.22908142086224278,3.165553719553831,0.074995731720372,0.39275580677128,Diagnostics & Research,Healthcare,DGX
2013Q4,2013,Q4,2014-02-18,2013-12-31,142610000.0,1756473000.0,269808000.0,0.97,704486000.0,0.4010798913504506,8948000000.0,3948000000.0,1383000000.0,1132000000.0,4975000000.0,91000000.0,5358000000.0,7816840000.0,10961840000.0,27.041095890410958,1.221731448763251,0.3723737147966026,0.8439716312056738,0.02360550935550936,27.041095890410958,0.03612208713272543,4.450304673057883,13.703176495336933,1.9799493414387033,0.3085267512797139,11.560296703296704,0.005628745119511208,0.196297831917747,0.9178445229681979,0.015937639696021456,57.98025500856704,0.4010798913504506,-0.6380597014925373,0.0892745799589864,0.26547471712913845,0.42050487136581016,0.008372015796472274,-0.648000829336802,-0.6086773017809151,-0.048299290887050754,0.06518929041450378,0.0827218645689007,Diagnostics & Research,Healthcare,DGX
2013Q3,2013,Q3,2013-10-24,2013-09-30,405143000.0,1787140000.0,689477000.0,2.68,698637000.0,0.3909246057947335,8927539000.0,3842681000.0,1425648000.0,1238995000.0,5055944000.0,85187000.0,5259665000.0,9243784000.0,12452415000.0,25.686370320855616,1.1506487112538792,0.37713764117972487,0.8761880051974129,0.059861971434660655,25.686370320855616,0.10543237911239575,5.172389404299607,5.704025492233606,2.4055559126557733,0.11288359912425983,12.777806472818623,0.004947540963743852,0.20018282754071418,0.8709583170230711,0.04538126352626407,68.18206896551725,0.3909246057947335,1.5046728971962617,3.7679797546607587,0.27512521680429414,0.341939651356367,-0.03245789212739968,1.4484673773781034,1.3880389718794268,1.3680723622621742,0.10962537449222337,0.15333627302644087,Diagnostics & Research,Healthcare,DGX
2013Q2,2013,Q2,2013-07-25,2013-06-30,165468000.0,1815740000.0,288721000.0,1.07,722074000.0,0.3976747772258143,9036185000.0,3911956000.0,1469699000.0,1290691000.0,5097619000.0,89442000.0,4898331000.0,9232242000.0,12580265000.0,25.61857236411264,1.1386916000808869,0.3869293291361343,0.8937638869148835,0.024605009278818857,25.61857236411264,0.04229802175689092,5.084561666317865,13.94868192037131,2.360006605391267,0.28749969782677015,12.227655911093223,0.0051528112023060055,0.2009409944572848,0.8484563694951,0.018311710085616884,60.5551751279024,0.3976747772258143,0.2588235294117648,0.30660741922592577,0.2585555786280351,0.35877158158150674,0.03923501719167603,0.21865678786852163,0.2719322977699851,-0.003886076620875609,0.13471535120652173,0.16788350117669745,Diagnostics & Research,Healthcare,DGX
2013Q1,2013,Q1,2013-04-24,2013-03-31,135779000.0,1786647000.0,226994000.0,0.85,694813000.0,0.388892153850201,9306164000.0,4199949000.0,1457166000.0,1208216000.0,5078811000.0,89817000.0,4778602000.0,8904192000.0,12171792000.0,26.565142314990513,1.2060475941387965,0.36547851510031415,0.8098200716246793,0.018727115371883356,26.565142314990513,0.032328725896433506,4.983744410619445,16.394641292099664,2.1200714580105613,0.3512693420926653,12.156206508790095,0.005356465808464148,0.1919853335918,0.8802805127559973,0.014590222136639758,-4802.692556634304,0.388892153850201,1.5,0.1943050742056175,0.22935900868796047,0.4727003602368581,0.08576746133940068,1.4326178873441306,-0.11926000364721356,-0.04733292982952231,0.12788145732170456,0.2261335291821755,Diagnostics & Research,Healthcare,DGX
2012Q4,2012,Q4,2013-02-27,2012-12-31,55816000.0,1687857000.0,257731000.0,0.34,639928000.0,0.3791363841842052,9283863000.0,4163047000.0,1560997000.0,1047603000.0,5098134000.0,93050000.0,4690378000.0,9247449000.0,12315440000.0,26.232180214240707,1.490065416002054,0.36230360142108947,0.8079603713337851,0.0213399782142993,26.232180214240707,0.013407487352412787,5.478810704935311,41.41934660312456,2.221317462906376,0.4855596961444747,11.261998925308975,0.0029307542004286804,0.18180546179968404,1.1097677268965438,0.006012152484369922,28.853465087036696,0.3791363841842052,-0.6633663366336633,14.003537104043673,0.16624864089991784,0.5320166712692196,-0.15989187642194452,-0.6577427306508382,-0.16519775987665716,-0.650984559030531,0.03692510616590853,0.18482872124675317,Diagnostics & Research,Healthcare,DGX
2012Q3,2012,Q3,2012-10-24,2012-09-30,163082000.0,1851439000.0,308733000.0,1.01,761721000.0,0.41142106221160946,9318721000.0,4171258000.0,1472265000.0,1070640000.0,5121140000.0,94511000.0,4682265000.0,10066332000.0,13404938000.0,26.2673677581864,1.3751260928043039,0.3788476980907573,0.8463576216095959,0.025014015194543583,26.2673677581864,0.03909659867598696,5.437031411782943,15.431396475392745,2.413260460033879,0.16588587336431979,11.530065283406165,0.002687473451104136,0.19867951835879624,1.0484401853097214,0.017500470289860594,28.784716523071907,0.41142106221160946,-0.09009009009009017,1.0271664335216624,0.2758804246912651,0.5262613992418462,-0.043419783598059015,-0.08228806167524831,-0.0777151767897045,-0.011069808166306951,0.13753449165498574,0.2426221685734089,Diagnostics & Research,Healthcare,DGX
2012Q2,2012,Q2,2012-07-26,2012-06-30,177705000.0,1906810000.0,334748000.0,1.11,796296000.0,0.4176063687519994,9392847000.0,3995204000.0,1477175000.0,1324718000.0,5371712000.0,90098000.0,4546307000.0,9494150000.0,13143095000.0,25.206334384858046,1.1150863806485607,0.4069785231250972,0.9568189759521667,0.026718651429093323,25.206334384858046,0.04447958101764015,4.979074999606673,13.356616302298754,2.376386787758522,0.15239301088883261,12.325623210282137,0.002852388049483103,0.2030066070489597,0.8418478498820127,0.01891918392794006,46.66415999449515,0.4176063687519994,0.12121212121212133,0.5282737157094184,0.41221089311724884,0.5225862777875356,-0.02881019809298003,0.11681267989793738,0.11737236510506201,0.10368842227712646,0.17193878062277018,0.248248328892208,Diagnostics & Research,Healthcare,DGX
2012Q1,2012,Q1,2012-04-27,2012-03-31,159118000.0,1936456000.0,299585000.0,0.99,819918000.0,0.42341163444973706,9451444000.0,3869293000.0,1518604000.0,1525448000.0,5555387000.0,88262000.0,4395647000.0,9680045000.0,13454219000.0,24.44278584965256,0.9955134491637866,0.41471049291515666,1.013004959820825,0.024000846557352146,24.44278584965256,0.04112327497555755,4.998845829701269,15.208909425709221,2.5017606575671576,0.1690569263062633,12.650268518728332,0.0027789127013355826,0.20488467159092305,0.7337693582475443,0.016835311091088302,73.7420487700828,0.42341163444973706,-0.17272232985108507,0.835610166423909,0.5499664687967493,0.5603695870174229,0.022418136020151132,-0.16004793150229363,-0.07871308594290564,0.08364389051235532,0.2812622491220173,0.3103897557586492,Diagnostics & Research,Healthcare,DGX
2011Q4,2011,Q4,2012-02-16,2011-12-31,189437000.0,1879307000.0,325181000.0,1.19669614655717,801940000.0,0.4267211264577847,9313379000.0,3692872000.0,1401260000.0,1561159000.0,5598380000.0,89132000.0,4263599000.0,9190898000.0,13050929000.0,23.32831332912192,0.8975767362581262,0.43216506060797055,1.0899151121403612,0.028741533701753228,23.32831332912192,0.0512980141201753,4.89057828231364,12.129227658799495,2.4888211668316695,0.08357395862476708,12.087319929991473,0.0017225737898516555,0.2017857321172047,0.6862472048010485,0.020340308281237132,31.25422264842605,0.4267211264577847,0.11840761360483165,0.5501514149021272,0.4818321577866512,0.4941869484279849,0.01533112779822519,0.10235207858107165,0.009712687042194919,0.3345170821640939,0.2487677284024347,0.22546744625526455,Diagnostics & Research,Healthcare,DGX
2011Q3,2011,Q3,2011-11-03,2011-09-30,171848000.0,1906405000.0,322053000.0,1.07,789831000.0,0.41430388611024416,9326471000.0,3522386000.0,1396277000.0,1764072000.0,5781507000.0,84954000.0,4101066000.0,7789008000.0,11881940000.0,22.321837769328262,0.7915079429864541,0.4507339378420841,1.193440185147227,0.026802668994608952,22.321837769328262,0.048787384460419726,4.085704768923708,11.331246217587637,2.2112874625324994,0.09252362552953773,13.143277538432564,0.002041338255141091,0.20440796953102625,0.5935608070418894,0.018425833308225587,26.1034485069875,0.41430388611024416,0.049019607843137296,0.33761318653532896,0.5045251783134099,0.4342478980964753,-0.011236756813598278,0.05335809688432847,0.016408187998257873,0.9173223719920007,0.28953763677049477,0.1661655118895741,Diagnostics & Research,Healthcare,DGX
2011Q2,2011,Q2,2011-07-27,2011-06-30,163143000.0,1903201000.0,316854000.0,1.02,798807000.0,0.4197176230991892,9431191000.0,3429150000.0,1477955000.0,1993357000.0,5980595000.0,87967000.0,3945037000.0,9314160000.0,13457548000.0,21.758565989847718,0.7414401936030526,0.4588610282624962,1.2620054532464313,0.025296903444231487,21.758565989847718,0.04757534666025108,4.893944465140571,14.272999760945918,2.7161716460347316,0.09681077337060125,12.55463980810986,0.0016956977333436403,0.20179858514157967,0.5586505578278251,0.017298239427024645,468.7549068948163,0.4197176230991892,4.090622157033847,0.5531295494438752,0.5092984680685337,0.4841470641914283,0.10244293582894343,4.028963442936448,9.234302325581396,0.24819480391588647,0.2781629341384491,0.1540424931869546,Diagnostics & Research,Healthcare,DGX
2011Q1,2011,Q1,2011-05-10,2011-03-31,-53861000.0,1821577000.0,30960000.0,-0.33003063725490195,724579000.0,0.39777566361454936,9224729000.0,3214590000.0,2299985000.0,1766564000.0,5986725000.0,71741000.0,3797796000.0,9321780000.0,12551419000.0,19.90458204334365,1.3019539626076384,0.4578867303310482,1.3139719217691836,-0.06557433615344435,19.90458204334365,-0.016755169399519067,5.117422980197928,-43.267763316685546,2.899834815637453,-0.31815228087113123,15.291088777686399,0.0018382755224860487,0.1974667223286451,1.0951202447236557,-0.005838762309440202,76.66631027477814,0.39777566361454936,-1.321556673162158,-1.4574632445519047,0.4386707097830467,0.3782064940198723,-0.025582233506633925,-1.3249414802480755,-0.894769757861678,-1.463784710601039,0.2270064647830464,0.10345673281241599,Diagnostics & Research,Healthcare,DGX
2010Q4,2010,Q4,2011-02-16,2010-12-31,165756000.0,1824040000.0,294212000.0,1.0263529411764707,743602000.0,0.4076675950088814,8527630000.0,4033480000.0,1605417000.0,1214268000.0,4473505000.0,76572000.0,3867420000.0,8716155000.0,11257010000.0,24.975108359133127,1.322127405152734,0.3506432619614125,0.741334034134296,0.02751481405113963,24.975108359133127,0.04109503456072672,4.77848895857547,13.146062585969737,2.1609515852316115,0.17058206037790488,14.110092461996553,0.0032439762716473036,0.21389764799833014,1.0661567298158232,0.01943752250038991,32.224767080745345,0.4076675950088814,-0.09172306090577806,0.5623789928926478,0.5616301399345522,0.7933280188774949,-0.03826743749919166,-0.16316546762589929,-0.1266226730430704,38.946912789720734,0.238495005180255,0.458600926817958,Diagnostics & Research,Healthcare,DGX
2010Q3,2010,Q3,2010-10-26,2010-09-30,198075000.0,1864655000.0,336867000.0,1.13,773190000.0,0.4146557942353947,8459300000.0,3857400000.0,1552800000.0,1148300000.0,4578600000.0,73200000.0,3718900000.0,8741404000.0,11539504000.0,22.27136258660508,1.3522598624052948,0.37442814417268566,0.8211230362420283,0.03208813311437776,22.27136258660508,0.05134935448747861,4.687947100133805,11.032947115991416,2.2661388500025925,0.13391392149438344,14.910724043715847,0.00303440957539544,0.22042663104512195,1.0915266045458505,0.023415057983521094,30.92868085949524,0.4146557942353947,0.05607476635514003,0.7138150948141047,0.5906191030311251,0.5963208937507727,-0.028357938865682445,0.017778691262235698,-0.07933171902244912,1.2574370704223563,0.1781529281663017,0.2940741279209663,Diagnostics & Research,Healthcare,DGX
2010Q2,2010,Q2,2010-07-27,2010-06-30,194615000.0,1874727000.0,365894000.0,1.07,795756000.0,0.4244650021043064,8481792000.0,3924332000.0,1631344000.0,995503000.0,4534904000.0,78432000.0,3537858000.0,8903853000.0,11600932000.0,21.93589714924539,1.6387132936816866,0.370790394294036,0.8014018691588785,0.032038329904977764,21.93589714924539,0.04959187958613084,4.749413114549478,11.437778434344732,2.268883723395472,0.17926675744418466,13.756770195838433,0.003918303682686585,0.22102958903024267,1.323482701709588,0.02294503331371484,55.6198808125734,0.4244650021043064,0.202247191011236,0.4782686894594317,0.5412033818352919,0.5984213969703894,0.07661169212452477,0.19801413375357038,0.22552099731379077,0.4828483318031871,0.23012457968368666,0.325035821569652,Diagnostics & Research,Healthcare,DGX
2010Q1,2010,Q1,2010-04-26,2010-03-31,162448000.0,1805503000.0,298562000.0,0.89,739130000.0,0.4093762236894649,8516209000.0,3904174000.0,1645248000.0,1076498000.0,4586994000.0,79462000.0,3361029000.0,10503858000.0,13155812000.0,21.665782463928966,1.5283335407961742,0.36579574315285124,0.7979134638978693,0.026328586434409627,21.665782463928966,0.04160880124707557,5.8176906933967985,16.16495432384517,2.690417486515714,0.1130946518270462,13.419911404193199,0.0017490716268251153,0.21200783118403976,1.2340004347430278,0.019075154214745083,52.66358823175501,0.4093762236894649,-0.11681259981276497,0.3816945570882463,0.5317349567534037,0.6567258981686322,-0.05000295616901061,-0.10541329368357288,-0.0963428401933455,0.6462721831336183,0.26951843610050824,0.38309226467042456,Diagnostics & Research,Healthcare,DGX
2009Q4,2009,Q4,2010-02-17,2009-12-31,181590000.0,1848273000.0,330393000.0,1.0077136514983351,778034000.0,0.42095188319041615,8563643000.0,3989639000.0,1679425000.0,1059212000.0,4552179000.0,91386000.0,3216639000.0,10880476000.0,13453519000.0,22.14006104328524,1.585541893407552,0.3628477973684797,0.7788421458683354,0.03037527210100225,22.14006104328524,0.0455153962551499,5.886833817298635,14.979453714411587,2.727183085988482,0.17076931549094113,11.71119208631519,0.002850059133442324,0.21582789006968178,1.285482981688274,0.02120476063749972,35.05036981676675,0.42095188319041615,-0.012045439707514587,0.6123514341131026,0.612248022726181,0.9513891954384534,-0.026984371150471916,-0.055296302654784385,-0.05135810267600781,0.3053511930997987,0.2802463060670149,0.4180789575977831,Diagnostics & Research,Healthcare,DGX
2009Q3,2009,Q3,2009-10-27,2009-09-30,192219000.0,1897146000.0,348280000.0,1.02,799611000.0,0.4214810035706266,8365725000.0,3912766000.0,1470682000.0,990845000.0,4427618000.0,80857000.0,3053421000.0,9660369000.0,12394942000.0,21.138660183684493,1.4842704963944915,0.35640736457390126,0.7620200134636214,0.031138336067181843,21.138660183684493,0.04912611692086877,5.092053537260706,12.564274343327144,2.4689360416646435,0.14141682143804724,13.573778398901764,0.002813867669030034,0.22677604152658615,1.1458108987783155,0.02297696852334974,29.053217084804484,0.4214810035706266,0.020000000000000018,0.6157160341827068,0.608935350609308,0.7275508189397459,-0.002488753826692914,0.021354941551540912,-0.03087304347826087,0.2755073133868339,0.2763965636413302,0.35822503730782684,Diagnostics & Research,Healthcare,DGX
2009Q2,2009,Q2,2009-07-28,2009-06-30,188200000.0,1901818000.0,359375000.0,1.0,801606000.0,0.4214945909650661,8211435000.0,3741144000.0,1339098000.0,1023876000.0,4445793000.0,79715000.0,2879722000.0,10454560380.0,13418002380.0,20.19336521541999,1.3078712656610763,0.3754198870234009,0.8240089127817587,0.03244815060480457,20.19336521541999,0.05030546806003725,5.4971403046979255,13.887566923485654,2.7944822172041492,0.14894261424017002,13.801818980116666,0.002681222259103735,0.2316060469333314,0.992140649844317,0.022919258326955034,-229.3018748492093,0.4214945909650661,0.13636363636363635,0.6501008678410223,0.6297192375473302,0.705436895034255,0.06240946194717945,0.0714123058705652,0.11932860528930458,0.5241206443017561,0.2829800868654133,0.37738505904270025,Diagnostics & Research,Healthcare,DGX
2009Q1,2009,Q1,2009-04-24,2009-03-31,175656000.0,1808006000.0,321063000.0,0.88,754517000.0,0.417319964646135,8346633000.0,3532331000.0,1484557000.0,1266350000.0,4814302000.0,86501000.0,2710170000.0,8991287600.0,11869251600.0,18.653065427470032,1.1723117621510641,0.3692728552938652,0.8725640377416499,0.029936776641682775,18.653065427470032,0.04972806908525843,4.973040797430982,12.796727125745774,2.5454261222971457,0.1369039486268616,12.178922787019804,0.0026745891211398913,0.21661501110687387,0.8626951474710783,0.021045132809840807,38.56389409529365,0.417319964646135,-0.01865228221632024,0.6474106861551849,0.5683890887080074,0.5363937258366503,-0.006405216880590902,0.034408437516562335,0.01263495207486351,0.272348639752326,0.2177975124813248,0.29155065147995785,Diagnostics & Research,Healthcare,DGX
2008Q4,2008,Q4,2009-02-17,2008-12-31,169813000.0,1800306000.0,317057000.0,0.8967259861646512,759381000.0,0.42180662620687814,8403830000.0,3604896000.0,1496819000.0,1224761000.0,4798934000.0,102125000.0,2561679000.0,9830196700.0,12659481700.0,19.036257062892748,1.2221315015745928,0.36688402787776525,0.8552898613441275,0.030560859129624612,19.036257062892748,0.04710621332765217,5.460292139225221,14.47209091765648,2.7269016082572146,0.3091223875675007,10.19265605875153,0.005339974529706003,0.21422446670149206,0.8873723118224699,0.020206620076798316,33.85030647171851,0.42180662620687814,0.6012964038654484,0.7089031671669722,0.6288174123178197,0.6398233978795485,0.007831661092530657,0.5334109913131423,0.0003849369744584852,0.36505268992423756,0.3144724885697096,0.3668910931053551,Diagnostics & Research,Healthcare,DGX
2008Q3,2008,Q3,2008-10-23,2008-09-30,110742000.0,1826603000.0,316935000.0,0.56,753480000.0,0.4125034284954092,8568756000.0,3731984000.0,1551567000.0,1240833000.0,4836772000.0,98818000.0,2410907000.0,10074151570.0,12915812570.0,19.141226131065647,1.2504237072998543,0.36508683407486453,0.8382511822129999,0.028337466570742025,19.141226131065647,0.029673760659209687,5.515238708137455,22.742391256253278,2.699409099824651,0.1762023441873905,10.859590358031937,0.0019369373057784955,0.21317014978603663,0.9467784947692397,0.01292392968127462,35.525277332082645,0.4125034284954092,-0.3170731707317072,-0.008228441350315188,0.6077454389827442,0.6845430028185372,-0.0012459902971819412,-0.3135599523951205,0.028598968593710954,-0.1488138857783874,0.38417097757567675,0.37196541460852184,Diagnostics & Research,Healthcare,DGX
2008Q2,2008,Q2,2008-07-24,2008-06-30,161328000.0,1837901000.0,308123000.0,0.82,754420000.0,0.41047912809231835,8567033000.0,3667654000.0,1417088000.0,1130600000.0,4899379000.0,98331000.0,2319730000.0,9428723690.0,12544987690.0,18.854215610172368,1.2533946577038741,0.3804890211115097,0.8887594086028835,0.027434317234340994,18.854215610172368,0.04398670103559387,5.130158637489179,14.611108564539323,2.570777856907985,0.12075399186749976,11.018712308427657,0.0020661333008052123,0.2145317988152958,0.9427834777993985,0.018831256982434874,57.00386137057526,0.41047912809231835,0.15492957746478872,0.4470449068128468,0.6271494799067764,0.6707774927183499,0.03913169240093112,0.15558675424584728,0.09941447436496695,0.12698275120641764,0.3895509792315469,0.37386592621899556,Diagnostics & Research,Healthcare,DGX
2008Q1,2008,Q1,2008-04-24,2008-03-31,139607000.0,1784637000.0,280261000.0,0.71,726010000.0,0.40681102095272037,8646334000.0,3502027000.0,1464635000.0,1192729000.0,5144307000.0,97363000.0,2177908000.0,8788853610.0,12046338610.0,18.03838922855833,1.2279696393732356,0.39641158900407963,0.9787208950701979,0.02446888249717292,18.03838922855833,0.03986462697175093,4.924729012118431,15.73856183787346,2.509647586954641,0.13901881710802466,10.872990766512947,0.0022082515947150928,0.20640389325695724,0.937144984317477,0.016146380651036612,79.19027616593382,0.40681102095272037,27.250529422967052,0.6342399073585852,0.6829814039504508,0.6089576525593569,-0.0023909309515630366,27.58674538183203,-0.10191466521397785,0.10214293985753892,0.40529775520775924,0.37934859476934246,Diagnostics & Research,Healthcare,DGX
2007Q4,2007,Q4,2008-02-22,2007-12-31,-5251000.0,1770473000.0,312065000.0,-0.02704707354887892,727750000.0,0.4110483469671664,8565693000.0,3324242000.0,1374357000.0,1288297000.0,5241451000.0,95234000.0,2057744000.0,10270164700.0,13643363700.0,17.122646708869237,1.0668013664550953,0.41336912261506453,1.0651429709389388,0.027592668611287896,17.122646708869237,-0.0015796082234686886,5.800802779822115,-488.96232622357644,3.0894756458765635,-3.686916777756618,10.949062309679316,0.0018850720086309816,0.20669349228369496,0.8146886936785539,-0.0006130268735991355,36.78425752148997,0.4110483469671664,-1.0540941470977578,-1.0662376365499149,0.7649662390401172,0.9367222999352146,-0.01718093324258041,-1.053600775787271,0.019846924102590917,-1.04327557512023,0.4334682961269027,0.5091624056353217,Diagnostics & Research,Healthcare,DGX
2007Q3,2007,Q3,2007-10-25,2007-09-30,97965000.0,1767070000.0,305992000.0,0.5,740472000.0,0.41903942684783285,8582631000.0,3328070000.0,1449246000.0,1202975000.0,5254561000.0,92447000.0,2082401000.0,11152051590.0,14751565590.0,17.210268025670064,1.2047183025416155,0.4385761196071461,1.1310269916197677,0.026181229931659968,17.210268025670064,0.029435979411490745,6.311041209459727,28.459275225845968,3.3509065584558018,0.19706017455213598,11.104719460880288,0.0017310716189038002,0.20588907993364738,0.9372489037594297,0.011414332038741965,46.93466377394701,0.41903942684783285,-0.3150684931506849,0.13348756321852687,0.672723090708344,0.9880182719793689,0.10121443039555988,-0.3068448758950556,0.12328153621943475,-0.21179122680259024,0.4344756928173486,0.40650411916203993,Diagnostics & Research,Healthcare,DGX
2007Q2,2007,Q2,2007-07-31,2007-06-30,141332000.0,1641156000.0,272409000.0,0.73,672414000.0,0.40971973413861934,8494033000.0,3189327000.0,1415201000.0,1159552000.0,5304706000.0,96839000.0,2003795000.0,9950424150.0,13740272150.0,16.554946509491256,1.2204722168561652,0.4605757947961822,1.2266368421927258,0.02329127056732996,16.554946509491256,0.04431405120892276,6.063058082229843,17.601152162992104,3.1199134331474947,0.13628194605609487,10.003634899162527,0.0019356963793347442,0.19321281186451714,0.944645863229937,0.016638974677870923,125.02417638337438,0.40971973413861934,0.35185185185185175,0.6228274863271409,0.5365743569608586,1.0328497546989235,0.1312045462574631,0.3346680139385984,0.3561457659182556,0.19166953190723604,0.35244047848462295,0.3981531196714768,Diagnostics & Research,Healthcare,DGX
2007Q1,2007,Q1,2007-04-30,2007-03-31,105893000.0,1526208000.0,200870000.0,0.54,594423000.0,0.38947705686249845,6186542000.0,3029232000.0,1246949000.0,1567739000.0,3157310000.0,87717000.0,1881749000.0,9643810730.0,11490719730.0,15.664741259392178,0.7953804810622176,0.3241400446323649,0.6619849519614213,0.024218355638041384,15.664741259392178,0.03495704521806187,6.318804992504298,22.767819237343353,3.1835827463858823,0.18321324355717564,10.622627312835597,0.002011756611901072,0.24669807462715035,0.6180703548230924,0.01711667034669772,86.54823992389636,0.38947705686249845,-0.30050600860094046,0.5670478125517969,0.590897164487047,1.0680174439280083,-0.056255715592135346,-0.29067025709041705,-0.2802989588035915,-0.027458793881748135,0.2964910994858208,0.29025496004218726,Diagnostics & Research,Healthcare,DGX
