Quarters,Year,Quarter,FillingDate,Date,NetIncome,Revenue,OperatingIncome,EPSDiluted,GrossProfit,GrossProfitRatio,TotalAssets,CommonStockEquity,CurrentAssets,CurrentLiability,TotalLiability,Inventory,RetainedEarnings,MarketCap,EnterpriseValue,bookValuePerShare,currentRatio,debtToAssets,debtToEquity,roic,shareholdersEquityPerShare,roe,priceToSalesRatio,peRatio,pbRatio,payoutRatio,inventoryTurnover,dividendYield,assetTurnover,quickRatio,returnOnAssets,priceToFreeCashFlowsRatio,grossProfitMargin,epsdilutedGrowth,fiveYNetIncomeGrowthPerShare,fiveYRevenueGrowthPerShare,fiveYShareholdersEquityGrowthPerShare,grossProfitGrowth,netIncomeGrowth,operatingIncomeGrowth,threeYNetIncomeGrowthPerShare,threeYRevenueGrowthPerShare,threeYShareholdersEquityGrowthPerShare,Industry,Sector,Symbol
2023Q1,2023,Q1,2023-05-10,2023-03-31,-1305000.0,23043000.0,28263000.0,-0.14,23043000.0,1.0,4723031000.0,357284000.0,1719276000.0,2592000.0,4365747000.0,0.0,199335000.0,150250798.79999998,565815798.8,39.59232594775396,663.300925925926,0.15234644871058436,2.0139077036755073,0.010915215499696299,39.59232594775396,-0.0036525565096673794,6.520453013930477,-28.78367793103448,0.4205360407966771,-0.4199233716475096,0.0,0.0036472351852814243,0.004878858512679675,663.300925925926,-0.0002763056181507172,47.04157758296806,1.0,-1.2058823529411764,-1.2038978098713125,0.22475887495170266,0.49673939759921837,-0.1290724922518709,-1.2054794520547945,1.790305064665811,-1.233569551610329,0.20328873388337323,0.2614295123545309,Banks—Regional,Financial Services,INBK
2022Q4,2022,Q4,2023-03-14,2022-12-31,6351000.0,26458000.0,10129000.0,0.68,26458000.0,1.0,4543104000.0,364974000.0,428879000.0,2913000.0,4178130000.0,0.0,205675000.0,225350182.52,688258182.52,39.323548003842994,147.22931685547545,0.15836309272250867,1.9712637064558023,0.008654888122298752,39.323548003842994,0.01740123954035082,8.51727955703379,8.870657475988033,0.6174417424802863,0.09195402298850575,0.0,0.0025915221965625407,0.005823771588763981,567.1606591143152,0.0013979429042346378,38.86688211797171,1.0,-0.23595505617977525,0.6609991510507617,0.37559364787495264,0.48975500161416813,-0.02613368669022379,-0.24715504978662872,-0.6523067417273102,-0.052484142541976565,0.3670142280449766,0.2671965078543467,Banks—Regional,Financial Services,INBK
2022Q3,2022,Q3,2022-11-09,2022-09-30,8436000.0,27168000.0,29132000.0,0.89,27168000.0,1.0,4264424000.0,360857000.0,31661000.0,1887000.0,3903567000.0,-938800000.0,199877000.0,320256649.74,793586649.74,38.15258178064272,16.77848436671966,0.16283136948858745,1.9242580856128606,0.024715354698202917,38.15258178064272,0.02337768146384856,11.788009781360424,9.490773166785205,0.8874890877549831,0.06697486960644855,0.0,0.0017642100498418834,0.006370848677336025,832.1860095389508,0.001978227305727573,15.980073336659848,1.0,-0.101010101010101,0.24522647605741993,0.15037993282103082,0.18050756141620036,-0.07279615030203747,-0.11618648507071766,-0.35414357291712856,0.4070497263721632,0.3945762025751687,0.29005766617824563,Banks—Regional,Financial Services,INBK
2022Q2,2022,Q2,2022-08-09,2022-06-30,9545000.0,29301000.0,45106000.0,0.99,29301000.0,1.0,4099806000.0,365332000.0,23621000.0,2005000.0,3734474000.0,-901504000.0,192011000.0,353486102.06,714839102.06,38.053898474675435,11.781047381546134,0.1388616924800832,1.5583250303833225,0.0425577863871242,38.053898474675435,0.0261269201712415,12.063960344698133,9.258410216343636,0.9675749785400677,0.05992666317443688,0.0,0.0016181682862963305,0.007146923537357621,774.2703241895261,0.002328158942154824,21.568497288425164,1.0,-0.131578947368421,0.6359749576873076,0.29952920380899956,0.5291974083898118,-0.05444042855298825,-0.14845213667588544,0.19252326565143824,0.6483811869333558,0.6075794322156594,0.3041395619413467,Banks—Regional,Financial Services,INBK
2022Q1,2022,Q1,2022-05-09,2022-03-31,11209000.0,30988000.0,37824000.0,1.14,30988000.0,1.0,4225397000.0,374655000.0,36239000.0,1532000.0,3850742000.0,-887006000.0,183043000.0,421073147.21999997,522753147.21999997,38.268675303535545,23.654699738903393,0.1465493064912007,1.652797907408149,0.03281622956196265,38.268675303535545,0.029918191402757203,13.588264722473214,9.391407512266928,1.1238957099731752,0.05317155856900705,0.0,0.0014154310336218262,0.007333748757809029,1230.4869451697127,0.00265276848542279,18.325056454869873,1.0,-0.08800000000000008,1.6471672804067605,0.5494410340426535,0.5910490125354285,0.01450319201178589,-0.10169899022279211,0.5028010648019389,1.053805224301339,0.7670846811093965,0.3299256588055325,Banks—Regional,Financial Services,INBK
2021Q4,2021,Q4,2022-03-15,2021-12-31,12478000.0,30545000.0,25169000.0,1.25,30545000.0,1.0,4210994000.0,380338000.0,1974748000.0,2018000.0,3830656000.0,0.0,172431000.0,465877386.24,642070386.24,38.403022014859665,978.5668979187315,0.1470325058644111,1.6279020239891886,0.021697190949325925,38.403022014859665,0.032807660554559366,15.252165206744149,9.333975521718223,1.2249036021643906,0.04912646257413047,0.0,0.0013157968557937448,0.0072536318028474985,978.5668979187315,0.0029631958630195153,104.17651749552773,1.0,0.03305785123966945,0.9433959055403185,0.30427254384414587,0.4275877267254301,0.07746304984302797,0.03209263854425145,0.0,2.615939222187554,0.8334638566527065,0.3650354740450518,Banks—Regional,Financial Services,INBK
2021Q3,2021,Q3,2021-11-09,2021-09-30,12090000.0,28349000.0,0.0,1.21,28349000.0,1.0,4252292000.0,370442000.0,0.0,0.0,3881850000.0,0.0,160551000.0,309811869.66,521372869.66,37.28192071102974,0.0,0.1455864272726332,1.6711819934024759,0.0,37.28192071102974,0.03263668806452832,10.928493762037462,6.40636620471464,0.8363303018016315,0.049710504549214225,0.0,0.001939886940611932,0.006666757598020079,0.0,0.002843172576107191,-42.38772330825011,1.0,-0.07633587786259549,1.1985964453758506,0.06538793378931174,0.5216416119463517,0.030685329940010907,-0.07681734880879658,0.0,0.9857402543048983,0.6519967112260782,0.32962341013833224,Banks—Regional,Financial Services,INBK
2021Q2,2021,Q2,2021-08-09,2021-06-30,13096000.0,27505000.0,0.0,1.31,27505000.0,1.0,4204642000.0,358641000.0,3426528000.0,0.0,3846001000.0,0.0,149066000.0,307716935.78000003,563709935.78,36.106879044003975,0.0,0.13908199556585316,1.6305720762545275,0.0,36.106879044003975,0.03651562425935685,11.187672633339394,5.874254271915088,0.858008247188693,0.04581551618814905,0.0,0.0019498439319861345,0.0065415795209199734,0.0,0.0031146528051615332,130.99912123456792,1.0,0.24761904761904763,1.3134826501266845,0.0672890115745401,0.3233500226857669,-0.030353239794119722,0.25320574162679427,0.0,0.9552946867699381,0.41976130058293365,0.14046074786714238,Banks—Regional,Financial Services,INBK
2021Q1,2021,Q1,2021-05-10,2021-03-31,10450000.0,28366000.0,0.0,1.05,28366000.0,1.0,4188570000.0,344566000.0,3610936000.0,0.0,3844004000.0,0.0,136575000.0,348749872.9,517255872.9,34.80735370326783,0.0,0.13959680750232178,1.6969492056674194,0.0,34.80735370326783,0.030328006825978186,12.294644042163153,8.343298394736841,1.0121424426670071,0.057511961722488035,0.0,0.0017232981190858524,0.006772239690395529,0.0,0.002494884889114901,13.710877217329768,1.0,-0.06250000000000006,0.9713894414009981,0.130392585540761,0.46606262561471934,-0.08176874271656093,-0.057794608240916055,0.0,0.4883993668430352,0.3743926083550257,0.31584938158470227,Banks—Regional,Financial Services,INBK
2020Q4,2020,Q4,2021-03-15,2020-12-31,11091000.0,30892000.0,0.0,1.12,30892000.0,1.0,4246156000.0,330944000.0,3638028000.0,0.0,3915212000.0,0.0,126732000.0,284054922.65999997,458767922.65999997,33.484125080221204,0.0,0.14001346158737454,1.7964338377489848,0.0,33.484125080221204,0.03351322278089344,9.195096551210668,6.4028248728698935,0.858317185566138,0.05193400054097917,0.0,0.0020277768630309716,0.0072752861647099164,0.0,0.0026120095446328395,6.910807548354134,1.0,0.302325581395349,1.2339327848993737,0.3500542076223848,0.45545378766937555,0.0908577280271196,0.3186303649982166,0.0,1.7239032546698843,0.5082483237399956,0.2685310798521789,Banks—Regional,Financial Services,INBK
2020Q3,2020,Q3,2020-11-05,2020-09-30,8411000.0,28319000.0,0.0,0.86,28319000.0,1.0,4333624000.0,318102000.0,3701110000.0,0.0,4015522000.0,0.0,116241000.0,143958867.75,240177867.75,32.54848091843234,0.0,0.13491525799192547,1.8380016472703724,0.0,32.54848091843234,0.0264412043935593,5.0834728539143335,4.278886807454524,0.45255568261123796,0.07062180477945547,0.0,0.004126178604235376,0.0065347155175437465,0.0,0.0019408698124248897,-4.998224697937643,1.0,1.15,0.6791409219694599,0.2947926060260054,0.43347163572242314,0.49047368421052634,1.13911495422177,0.0,0.20153087464639366,0.1604784209162825,0.007106886179722211,Banks—Regional,Financial Services,INBK
2020Q2,2020,Q2,2020-08-06,2020-06-30,3932000.0,19000000.0,0.0,0.4,19000000.0,1.0,4324600000.0,307711000.0,3638662000.0,0.0,4016889000.0,0.0,108431000.0,162347932.74,248322932.74,31.501213065584984,0.0,0.1351787448550155,1.8998150862335113,0.0,31.501213065584984,0.012778223722908834,8.54462803894737,10.322223597405902,0.5275987297821657,0.1510681586978637,0.0,0.0036588085229966568,0.004393469916292836,0.0,0.0009092170374138649,27.521263390405156,1.0,-0.3548387096774193,-0.19497235976131314,-0.11001252356546416,0.4282631968649895,-0.07901114881240912,-0.34673533809602924,0.0,-0.33765075785376825,-0.17180993197390176,0.2658774872457715,Banks—Regional,Financial Services,INBK
2020Q1,2020,Q1,2020-05-08,2020-03-31,6019000.0,20630000.0,0.0,0.62,20630000.0,1.0,4168146000.0,305127000.0,3469563000.0,0.0,3863019000.0,0.0,105100000.0,159626783.70000002,392874783.70000005,31.38687145019511,0.0,0.14023405130242558,1.9156482382745545,0.0,31.38687145019511,0.019726212364032027,7.737604638875425,6.630120605582324,0.5231486682594462,0.09719222462203024,0.0,0.003664798515889661,0.004949442749846095,0.0,0.001444047305444675,-5.201094252386694,1.0,-0.13888888888888887,0.35556721948274006,-0.017420052026478356,0.42677751737411146,0.006832601268911664,-0.15177564825253664,0.0,0.4315098931637438,0.038810252777357696,0.3049328316518892,Banks—Regional,Financial Services,INBK
2019Q4,2019,Q4,2020-03-12,2019-12-31,7096000.0,20490000.0,0.0,0.72,20490000.0,1.0,4100083000.0,304913000.0,3478036000.0,0.0,3795170000.0,0.0,99681000.0,232969338.64000002,490046338.64,31.03192579849099,0.0,0.14254296803259836,1.9167369052811785,0.0,31.03192579849099,0.02327221207360788,11.369904277208395,8.207769822435175,0.7640518398362812,0.08596392333709132,0.0,0.0026183703124238737,0.0049974598075209695,0.0,0.0017306966712625086,-71.72701312807882,1.0,0.1428571428571428,1.217967945304726,0.12716934771282298,0.4426041251843086,-0.0031622476283142786,0.12171988618400253,0.0,0.11395337409128702,-0.11812448370393669,0.1535757886303383,Banks—Regional,Financial Services,INBK
2019Q3,2019,Q3,2019-11-08,2019-09-30,6326000.0,20555000.0,0.0,0.63,20555000.0,1.0,4095491000.0,295140000.0,3484743000.0,0.0,3800351000.0,0.0,93182000.0,213663300.23,381621300.23,29.57432274610523,0.0,0.14268374658862637,1.9799417225723386,0.0,29.57432274610523,0.021433895778274717,10.39471176015568,8.443854735614922,0.7239388094802467,0.09389819791337338,0.0,0.0027800750028693874,0.0050189342376774845,0.0,0.0015446255406250434,-25.895443004484303,1.0,0.050000000000000044,1.2239466685752753,0.24583723304771163,0.4035311902332683,0.06685005449732703,0.03349125959810489,0.0,0.14539975289599485,-0.23087631090016975,0.2070601320251094,Banks—Regional,Financial Services,INBK
2019Q2,2019,Q2,2019-08-07,2019-06-30,6121000.0,19267000.0,0.0,0.6,19267000.0,1.0,3958829000.0,296120000.0,3381577000.0,0.0,3662709000.0,0.0,87454000.0,213824364.95,449807364.95,29.17931453442626,0.0,0.14758935028514744,1.9731223828177766,0.0,29.17931453442626,0.02067067405106038,11.097958423729693,8.733228432854109,0.7220868733959206,0.09818657082176115,0.0,0.0028107180402033973,0.0048668432003504064,0.0,0.0015461642824178563,-7.288804368352877,1.0,0.07142857142857129,1.7757644992548365,0.241280332621745,0.3878243638972593,0.052726477980548574,0.07461376404494383,0.0,0.05834506829869894,-0.26825154079342733,0.06944847002777882,Banks—Regional,Financial Services,INBK
2019Q1,2019,Q1,2019-05-08,2019-03-31,5696000.0,18302000.0,0.0,0.56,18302000.0,1.0,3670176000.0,294013000.0,3100148000.0,0.0,3376163000.0,0.0,81946000.0,202104859.86,600667859.86,28.775048477451293,0.0,0.1441503077781556,1.7994340386309449,0.0,28.775048477451293,0.019373293017655682,11.042774552507924,8.870473132900281,0.6874011008356774,0.10761938202247191,0.0,0.0030330789691283577,0.0049866818376012485,0.0,0.0015519691698708726,-29.517286382357238,1.0,0.6000000000000002,3.1760536739887444,0.2828118343646946,0.41126911898374136,0.060125115848007414,0.5928411633109619,0.0,0.041063119841855705,-0.2933885052899317,0.2119859350032264,Banks—Regional,Financial Services,INBK
2018Q4,2018,Q4,2019-03-14,2018-12-31,3576000.0,17264000.0,0.0,0.35,17264000.0,1.0,3541692000.0,288735000.0,3022213000.0,0.0,3252957000.0,0.0,77689000.0,209777477.84,580093477.84,28.133350923883906,0.0,0.1578420709649512,1.9361282837203664,0.0,28.133350923883906,0.012385058964102032,12.15115140407785,14.665651414988815,0.7265398300864115,0.17058165548098433,0.0,0.0029078431406504702,0.004874506309413692,0.0,0.0010096868954160892,42.259765882352944,1.0,-0.42622950819672134,0.8294527547518313,-0.008563287883051548,0.08216939079096586,-0.025898549906900638,-0.4312977099236641,0.0,-0.3063594167742789,-0.27341873393432375,0.22287179563146145,Banks—Regional,Financial Services,INBK
2018Q3,2018,Q3,2018-11-09,2018-09-30,6288000.0,17723000.0,0.0,0.61,17723000.0,1.0,3202918000.0,287740000.0,2698993000.0,0.0,2915178000.0,0.0,74733000.0,302728026.5,675935026.5,28.03945871196039,0.0,0.14330588544570919,1.595179676096476,0.0,28.03945871196039,0.021853061791895462,17.081082576313264,12.035942529421119,1.052088783276569,0.09732824427480916,0.0,0.002021616587917736,0.005533391738408539,0.0,0.001963209798065389,42.098181963565565,1.0,-0.08955223880597023,1.4361319022411265,-0.14244434507806783,0.30982936674257744,0.01985268730578893,0.04660452729693742,0.0,0.19552072033945667,-0.22827139828511306,0.2348892363158893,Banks—Regional,Financial Services,INBK
2018Q2,2018,Q2,2018-08-08,2018-06-30,6008000.0,17378000.0,0.0,0.67,17378000.0,1.0,3115773000.0,282087000.0,2620892000.0,0.0,2833686000.0,0.0,69066000.0,303828033.3,585435033.3,31.659905096716432,0.0,0.13607120929541403,1.5029653972001547,0.0,31.659905096716432,0.021298393757954108,17.483486782138336,12.64264452812916,1.077072085207755,0.08338881491344874,0.0,0.001648959098864035,0.005577428137415659,0.0,0.001928253438231861,595.7412417647059,1.0,-0.05633802816901398,0.1087805559627381,-0.2848928459500595,0.45682449374506917,-0.01930022573363431,-0.0033178500331785005,0.0,0.34855755613576167,-0.10757368589617466,0.4354582844709464,Banks—Regional,Financial Services,INBK
2018Q1,2018,Q1,2018-05-08,2018-03-31,6028000.0,17720000.0,0.0,0.71,17720000.0,1.0,2862728000.0,224824000.0,2365073000.0,0.0,2637904000.0,0.0,63677000.0,314470252.0,700659252.0,26.452384437304424,0.0,0.15717036337367712,2.001281002028253,0.0,26.452384437304424,0.02681208411913319,17.746628216704288,13.042064200398142,1.398739689712842,0.08410749834107498,0.0,0.0016122351693857516,0.00618989998351223,0.0,0.0021056838092896007,21.729564123825316,1.0,0.7317073170731707,0.37569513216498707,-0.13566602050619592,0.21877071524999836,0.007047056149124801,0.7232704402515723,0.0,0.5528329011090125,-0.03464477317392478,0.20246668916879823,Banks—Regional,Financial Services,INBK
2017Q4,2017,Q4,2018-03-08,2017-12-31,3498000.0,17596000.0,0.0,0.41,17596000.0,1.0,2767687000.0,224127000.0,2260458000.0,0.0,2543560000.0,0.0,57103000.0,323929780.65,722850780.65,26.395983206121436,0.0,0.16147129353861184,1.9939677058096525,0.0,26.395983206121436,0.015607222690706609,18.409285101727665,23.151070658233273,1.4452956611653214,0.11206403659233848,0.0,0.0012101388122247043,0.006357655327354574,0.0,0.001263871239775307,-119.97399283333333,1.0,-0.4225352112676056,-0.23485774107382915,-0.23239391729811967,0.2418038702712016,0.031176746366619785,-0.2853932584269663,0.0,0.2652383345171212,0.12013932175388684,0.22708962726696783,Banks—Regional,Financial Services,INBK
2017Q3,2017,Q3,2017-11-07,2017-09-30,4895000.0,17064000.0,0.0,0.71,17064000.0,1.0,2633422000.0,220867000.0,2107316000.0,0.0,2412555000.0,0.0,54119000.0,220738555.29999998,496903555.29999995,32.31879492145974,0.0,0.15260334272289058,1.8195067619879837,0.0,32.31879492145974,0.022162658975763694,12.935920962259727,11.273674938712972,0.999418452281237,0.10357507660878447,0.0,0.0022968348203192216,0.006479781820004541,0.0,0.0018587981721121796,16.02225123756986,1.0,0.16393442622950816,0.2645653130398233,0.04854699143640111,0.0,0.10360884749708964,0.2234441389652587,0.0,1.512959378596469,0.510296648890458,0.5337776994063205,Banks—Regional,Financial Services,INBK
2017Q2,2017,Q2,2017-08-03,2017-06-30,4001000.0,15462000.0,0.0,0.61,15462000.0,1.0,2381271000.0,163830000.0,1857927000.0,0.0,2217441000.0,0.0,49738000.0,184667595.75,590259595.75,24.884882923483882,0.0,0.1981441843452509,2.8800280778856133,0.0,24.884882923483882,0.024421656595251175,11.943318830034924,11.538840024368907,1.1271903543307087,0.09697575606098476,0.0,0.002101072461707186,0.00649317108384556,0.0,0.0016801951562841861,-23.031628305063606,1.0,0.41860465116279066,0.36158265225244424,0.16084269351840497,0.0,0.15595095693779903,0.4127824858757062,0.0,1.79681419231339,0.5355228081737016,0.18357293051541013,Banks—Regional,Financial Services,INBK
2017Q1,2017,Q1,2017-05-03,2017-03-31,2832000.0,13376000.0,0.0,0.43,13376000.0,1.0,2052803000.0,157491000.0,1548980000.0,0.0,1895312000.0,0.0,46139000.0,193160306.5,466412306.5,24.052480471706023,0.0,0.15909953366202212,2.073769294753351,0.0,24.052480471706023,0.017981979922662247,14.440812387858852,17.051580729166666,1.2264847292861178,0.1370056497175141,0.0,0.002008694265558126,0.006515968653592186,0.0,0.0013795770953179628,9.63489158519553,1.0,-0.328125,0.08112105000309129,-0.007322581444811679,0.0,-0.011528229382205143,-0.2366576819407008,0.0,2.239992015647376,0.4630031678826018,0.17965128542799202,Banks—Regional,Financial Services,INBK
2016Q4,2016,Q4,2017-03-14,2016-12-31,3710000.0,13532000.0,0.0,0.64,13532000.0,1.0,1854335000.0,153942000.0,1366233000.0,0.0,1700393000.0,0.0,43704000.0,183123680.0,369980680.0,26.900638956141552,0.0,0.1221780314775917,1.4717166205454002,0.0,26.900638956141552,0.024099985708903354,13.5326396689329,12.339870619946092,1.1895628223616688,0.0889487870619946,0.0,0.0018020607711684256,0.007297494789237112,0.0,0.0020007172382552237,16.674893462028773,1.0,0.16363636363636358,0.2040876417511925,-0.12411266007338834,0.2655454925716834,-0.09732506170368888,0.197546804389929,0.0,2.4039332655725687,0.393699028937186,0.034752246535321246,Banks—Regional,Financial Services,INBK
2016Q3,2016,Q3,2016-11-07,2016-09-30,3098000.0,14991000.0,0.0,0.55,14991000.0,1.0,1824196000.0,137154000.0,1332915000.0,0.0,1687042000.0,0.0,40389000.0,129254749.03,245698749.03,24.50111801512969,0.0,0.10115086317479043,1.3453417326508887,0.0,24.50111801512969,0.02258774807880193,8.622156562604228,10.430499437540348,0.9424059745249865,0.10684312459651388,0.0,0.0025608343405871684,0.008217866939736739,0.0,0.0016982824214064717,8.13076360508272,1.0,-0.03508771929824545,-0.022935847108946257,0.12458104174305382,0.0,0.16191288172376375,0.0931545518701482,0.0,1.2002788157194506,0.3297307738277015,0.1445400649105018,Banks—Regional,Financial Services,INBK
2016Q2,2016,Q2,2016-08-02,2016-06-30,2834000.0,12902000.0,0.0,0.57,12902000.0,1.0,1702468000.0,135679000.0,1254708000.0,0.0,1566789000.0,0.0,37630000.0,118451119.38,208945119.38,27.284451146737656,0.0,0.09442292013711859,1.1847964681343466,0.0,27.284451146737656,0.020887536022523752,9.180833931173462,10.44911074276641,0.873024708171493,0.09562455892731123,0.0,0.00228786356277995,0.007578409696981089,0.0,0.0016646421548011474,-10.482399945132743,1.0,0.0754716981132074,0.27683777098136053,0.2824048687332368,0.0,0.12064622600538522,0.16529605263157895,0.0,-0.0628878371968589,-0.04872864605596476,0.2554888148758424,Banks—Regional,Financial Services,INBK
2016Q1,2016,Q1,2016-05-04,2016-03-31,2432000.0,11513000.0,0.0,0.53,11513000.0,1.0,1527719000.0,107830000.0,1199236000.0,0.0,1419889000.0,0.0,35135000.0,106140183.36,167916183.36,23.74206469431899,0.0,0.10716630479819915,1.518315867569322,0.0,23.74206469431899,0.022554020217008253,9.21915950317033,10.910791875000001,0.9843288821292776,0.10978618421052631,0.0,0.002515541160263547,0.007536071751415018,0.0,0.0015919157907966059,13.752291184244623,1.0,0.06000000000000005,0.33850313795887194,0.23181400069397623,0.0,0.0965806267263549,0.06760316066725197,0.0,0.03865006105960758,0.0509041263731226,0.0938950791974641,Banks—Regional,Financial Services,INBK
2015Q4,2015,Q4,2016-03-10,2015-12-31,2278000.0,10499000.0,0.0,0.5,10499000.0,1.0,1269870000.0,104330000.0,1042964000.0,0.0,1165540000.0,0.0,32980000.0,130106567.9,307635567.9,23.005969247460257,0.0,0.1603951585595376,1.9522764305568867,0.0,23.005969247460257,0.021834563404581616,12.392281922087818,14.27859612598771,1.2470676497651683,0.1286215978928885,0.0,0.0022520000698596555,0.008267775441580635,0.0,0.0017938844133651476,-21.196899299446073,1.0,-0.01960784313725492,-0.06703840712542095,-0.14244881354307826,0.08232004194528497,0.035098097209898454,-0.019371502367628066,0.0,-0.06703840712542095,-0.14244881354307826,0.08232004194528497,Banks—Regional,Financial Services,INBK
2015Q3,2015,Q3,2015-11-03,2015-09-30,2323000.0,10143000.0,0.0,0.51,10143000.0,1.0,1166170000.0,102912000.0,950410000.0,0.0,1063258000.0,0.0,30977000.0,144808902.0,276796902.0,22.706051593430352,0.0,0.13195588979308334,1.4952872356965174,0.0,22.706051593430352,0.02257268345771144,14.276732919254659,15.584255488592335,1.4071138642723882,0.11450710288420146,0.0,0.0018369036456059864,0.008697702736307742,0.0,0.001991990876115832,23.758638556193603,1.0,0.020000000000000018,-0.09512403232832146,-0.060223118964741515,0.0,0.024545454545454544,0.025607064017660046,0.0,-0.09512403232832146,-0.060223118964741515,0.0,Banks—Regional,Financial Services,INBK
2015Q2,2015,Q2,2015-08-05,2015-06-30,2265000.0,9900000.0,0.0,0.5,9900000.0,1.0,1104645000.0,99908000.0,901071000.0,0.0,1004737000.0,0.0,28928000.0,110980663.5,222978663.5,22.055607912273835,0.0,0.13022283176948252,1.4398246386675742,0.0,22.055607912273835,0.022670857188613523,11.21016803030303,12.249521357615894,1.1108285973095247,0.11876379690949228,0.0,0.002423845663889007,0.008962155262550411,0.0,0.0020504324918865337,-90.67047671568628,1.0,0.08695652173913039,0.12026369376767036,0.08023810982617102,0.0,0.01486417221937468,0.0979156568104702,0.0,0.12026369376767036,0.08023810982617102,0.0,Banks—Regional,Financial Services,INBK
2015Q1,2015,Q1,2015-05-07,2015-03-31,2063000.0,9755000.0,0.0,0.46,9755000.0,1.0,1035677000.0,99362000.0,860274000.0,0.0,936315000.0,0.0,26938000.0,83876530.32000001,152119530.32,21.998434281443224,0.0,0.10603209301741759,1.1052011835510558,0.0,21.998434281443224,0.020762464523660956,8.598311667862635,10.164388065923413,0.8441509864938307,0.12845370819195345,0.0,0.0031594058431958275,0.009418959772206971,0.0,0.001991933778581546,8.708111536544852,1.0,0.43750000000000006,0.14168848032305575,0.049485573385096945,0.0,0.17191254204709275,0.4081911262798635,0.0,0.14168848032305575,0.049485573385096945,0.0,Banks—Regional,Financial Services,INBK
2014Q4,2014,Q4,2015-03-13,2014-12-31,1465000.0,8324000.0,0.0,0.32,8324000.0,1.0,970503000.0,96785000.0,821237000.0,0.0,873718000.0,0.0,25146000.0,75318549.83999999,154799549.83999997,21.51104745699124,0.0,0.11310629642566793,1.1341633517590535,0.0,21.51104745699124,0.015136643074856642,9.04836014416146,12.85299485324232,0.7782047821459936,0.19522184300341297,0.0,0.0037972053446004056,0.008576995640405026,0.0,0.0015095265032668626,-17.160754121667804,1.0,0.14285714285714277,-0.3952583967366214,-0.31472267083706923,0.011991172182757356,0.11941904249596558,0.14274570982839313,0.0,-0.3952583967366214,-0.31472267083706923,0.011991172182757356,Banks—Regional,Financial Services,INBK
2014Q3,2014,Q3,2014-11-12,2014-09-30,1282000.0,7436000.0,0.0,0.28,7436000.0,1.0,926883000.0,94774000.0,786918000.0,0.0,832109000.0,0.0,23951000.0,72503923.44,120619923.44,21.071368382764582,0.0,0.09680078283882647,0.9467047924536265,0.0,21.071368382764582,0.013526916664908097,9.750393146853147,14.138830624024962,0.7650191343617448,0.20670826833073322,0.0,0.003654974619674182,0.00802258753262278,0.0,0.0013831303411541694,-12.794057427210163,1.0,0.2727272727272728,-0.4967824295886133,-0.3057344117086415,0.0,0.08128544423440454,0.31218014329580346,0.0,-0.4967824295886133,-0.3057344117086415,0.0,Banks—Regional,Financial Services,INBK
2014Q2,2014,Q2,2014-08-12,2014-06-30,977000.0,6877000.0,0.0,0.22,6877000.0,1.0,868107000.0,94534000.0,696759000.0,0.0,773573000.0,0.0,22938000.0,92622111.4,94654111.4,21.025221413814585,0.0,0.02842506741680461,0.2610277783654558,0.0,21.025221413814585,0.010334905959760509,13.468389035916825,23.700642630501537,0.9797756510884974,0.2712384851586489,0.0,0.0028610878762584547,0.007921834520398983,0.0,0.0011254373020837293,-38.13178731988473,1.0,0.6923076923076923,-0.5131665678776434,-0.2440081727609949,0.0,0.09576163161249203,0.6283333333333333,0.0,-0.5131665678776434,-0.2440081727609949,0.0,Banks—Regional,Financial Services,INBK
2014Q1,2014,Q1,2014-05-14,2014-03-31,600000.0,6276000.0,0.0,0.13,6276000.0,1.0,848119000.0,91644000.0,631727000.0,0.0,756475000.0,0.0,22233000.0,102343635.89999999,67011635.89999999,20.38948354384193,0.0,0.029038377869143362,0.26873554187944654,0.0,20.38948354384193,0.006547073458164201,16.307144024856594,42.643181625,1.1167521703548513,0.44,0.0,0.002579544860590594,0.007399904966166305,0.0,0.0007074478935149431,7.553035859778597,1.0,-0.3157894736842105,-0.6663198412891538,-0.3214796520284463,0.0,0.05781223664250801,-0.0990990990990991,0.0,-0.6663198412891538,-0.3214796520284463,0.0,Banks—Regional,Financial Services,INBK
2013Q4,2013,Q4,2014-03-31,2013-12-31,666000.0,5933000.0,0.0,0.19,5933000.0,1.0,802342000.0,90908000.0,609112000.0,0.0,711434000.0,0.0,21902000.0,78678922.5,57070922.5,25.99717859633881,0.0,0.043101320883114684,0.38040656487877855,0.0,25.99717859633881,0.0073260879130549565,13.261237569526378,29.534130067567567,0.8654785332423989,0.25225225225225223,0.0,0.002135260558505996,0.007394602301761593,0.0,0.0008300699701623498,-6.927181061806656,1.0,-0.24,0.7479966948623827,0.2970836509235154,0.6122794670183189,0.019240680295481875,-0.08390646492434663,0.0,-0.6462657908339882,-0.37153766936714433,0.22304203427354827,Banks—Regional,Financial Services,INBK
2013Q3,2013,Q3,2013-11-04,2013-09-30,727000.0,5821000.0,0.0,0.25,5821000.0,1.0,738518000.0,61874000.0,510427000.0,0.0,676644000.0,0.0,21500000.0,77143948.61,82848948.61,21.406955305706642,0.0,0.04676121638199746,0.5581342728771375,0.0,21.406955305706642,0.011749684843391409,13.252696892286549,26.528180402338375,1.2467910367844328,0.2310866574965612,0.0,0.0021777469656022058,0.007882001521966966,0.0,0.0009844039007850859,2.84937388675482,1.0,-0.576271186440678,0.5337073016311763,0.44308837326922607,0.40561260009592176,-0.24185985933836937,-0.5753504672897196,0.0,-0.5559362086701853,-0.1542791489243444,0.0,Banks—Regional,Financial Services,INBK
2013Q2,2013,Q2,2013-08-14,2013-06-30,1712000.0,7678000.0,0.0,0.59,7678000.0,1.0,656765000.0,61178000.0,451404000.0,0.0,595587000.0,0.0,20938000.0,59398483.400000006,67935483.4,21.732133989131448,0.0,0.04032644857749728,0.4329170616888424,0.0,21.732133989131448,0.027983915786720718,7.7361921594165155,8.673843954439253,0.9709124750727386,0.0,0.0,0.0,0.01169063515869451,0.0,0.002606716253149909,8.415766987815246,1.0,0.14935139568272432,2.912933278715745,1.0291479738820226,0.36155538840775336,0.1028440103418558,0.15053763440860216,0.0,0.3625239556831849,0.3480957493530102,0.0,Banks—Regional,Financial Services,INBK
2013Q1,2013,Q1,2013-05-15,2013-03-31,1488000.0,6962000.0,0.0,0.513333,6962000.0,1.0,650836000.0,62643000.0,477026000.0,0.0,588193000.0,0.0,19399000.0,48007396.39259999,37814396.39259999,21.704151655693845,0.0,0.039507648624230986,0.4104688472774292,0.0,21.704151655693845,0.023753651645036157,6.895632920511346,8.065758802520161,0.7663648993917915,0.0,0.0,0.0,0.010697011228635171,0.0,0.002286290248234578,4.146074479022367,1.0,-0.046593952428571304,2.9148174616161975,0.9524983937146083,0.32653121452947076,-0.10651950718685832,-0.04247104247104247,0.0,0.28869499761388445,0.17214688740942458,0.0,Banks—Regional,Financial Services,INBK
2012Q4,2012,Q4,2013-03-28,2012-12-31,1554000.0,7792000.0,0.0,0.5384201215291131,7792000.0,1.0,636367000.0,61350000.0,0.0,0.0,575017000.0,0.0,18024000.0,40407108.0,48580108.0,21.256161168475607,0.0,0.06393480491603115,0.6631784841075795,0.0,21.256161168475607,0.02533007334963325,5.185717145790554,6.500500000000001,0.6586325672371638,0.3082368082368082,0.0,0.011854349982186303,0.012244506707607402,0.0,0.0024419870923539405,-8.31421975308642,1.0,-0.055403295562959365,2.1714427272642056,1.0638631770198443,0.38780079490139713,0.1398478642480983,-0.04428044280442804,0.0,0.0,0.0,0.0,Banks—Regional,Financial Services,INBK
2012Q3,2012,Q3,2012-09-30,2012-09-30,1626000.0,6836000.0,0.0,0.57,6836000.0,1.0,,,,,,,,30630155.6,,,0.0,0.0,0.0,0.0,,0.0,4.4807132241076655,4.709433517835179,0.0,0.0,0.0,0.0,0.0,0.0,0.0,-1.8830785442026314,1.0,0.26666666666666655,1.5287043105493177,1.1306523376452893,0.0,0.17821440882454326,0.2703125,0.0,0.0,0.0,0.0,Banks—Regional,Financial Services,INBK
2012Q2,2012,Q2,2012-06-30,2012-06-30,1280000.0,5802000.0,0.0,0.45,5802000.0,1.0,,,,,,,,26870939.31,,,0.0,0.0,0.0,0.0,,0.0,4.631323562564632,5.248230333984375,0.0,0.0,0.0,0.0,0.0,0.0,0.0,-2.4699824717345344,1.0,0.12499999999999997,0.4939264223712576,0.9071891719620425,0.0,-0.015776081424936386,0.1169284467713787,0.0,0.0,0.0,0.0,Banks—Regional,Financial Services,INBK
2012Q1,2012,Q1,2012-03-31,2012-03-31,1146000.0,5895000.0,0.0,0.4,5895000.0,1.0,,,,,,,,25781256.0,,,0.0,0.0,0.0,0.0,,0.0,4.373410687022901,5.624183246073298,0.0,0.0,0.0,0.0,0.0,0.0,0.0,0.9910912236189597,1.0,0.0,0.5520237420275539,0.7236743336189181,0.0,0.0,0.0,0.0,0.0,0.0,0.0,Banks—Regional,Financial Services,INBK
2008Q4,2008,Q4,2008-12-31,2008-12-31,306857.0,3683908.0,0.0,0.10895765217860623,3683908.0,1.0,543043727.0,45411327.0,0.0,0.0,497632400.0,0.0,6874753.0,17094916.720000003,105315079.72,16.1244865596514,0.0,0.2099278461971811,2.5103868909182063,0.0,16.1244865596514,0.006757278861284983,4.640429869584149,13.92742932375667,0.37644609504584614,,0.0,,0.006783814666917237,0.0,0.0005650686763204245,0.0,1.0,-0.3462553944175738,-0.3277685592927094,0.4548611635034053,0.12362880202653863,-0.0626989651775319,-0.3356160972747566,0.0,-0.3277685592927094,0.4548611635034053,0.12362880202653863,Banks—Regional,Financial Services,INBK
2008Q3,2008,Q3,2008-09-30,2008-09-30,461867.0,3930336.0,0.0,0.166667,3930336.0,1.0,523507690.0,42891137.0,0.0,0.0,480616553.0,0.0,0.0,17939805.52,125091226.52,15.22962678638893,0.0,0.21776184414788635,2.6578917691083825,0.0,15.22962678638893,0.010768355243182292,4.5644457674865455,9.71048241160334,0.418263696763273,,0.0,,0.007507694872638833,0.0,0.0008822544707987002,0.0,1.0,0.08696105861099707,0.006711572149083283,0.6418513318290386,0.06820196299251798,0.03904821802602474,0.055980813110736154,0.0,0.006711572149083283,0.6418513318290386,0.06820196299251798,Banks—Regional,Financial Services,INBK
2008Q2,2008,Q2,2008-06-30,2008-06-30,437382.0,3782631.0,0.0,0.153333,3782631.0,1.0,537266531.0,44917911.0,0.0,0.0,492348620.0,0.0,0.0,21021954.48,113164260.48,15.961255909350632,0.0,0.17868226375709229,2.1372320720792204,0.0,15.961255909350632,0.009737362897397432,5.557495425802834,12.015786246347586,0.4680082847129734,,0.0,,0.007040511146226601,0.0,0.0008140875613187972,0.0,1.0,0.1500003750009374,-0.09076210932968558,0.0,0.0,0.0899634626356464,0.18230843463381802,0.0,-0.09076210932968558,0.0,0.0,Banks—Regional,Financial Services,INBK
2008Q1,2008,Q1,2008-03-31,2008-03-31,369939.0,3470420.0,0.0,0.133333,3470420.0,1.0,565782428.0,45961456.0,0.0,0.0,519820972.0,0.0,0.0,20506488.4,88130010.4,16.36158381949003,0.0,0.16260667607725704,2.0016772314610747,0.0,16.36158381949003,0.008048896449233463,5.90893563315103,13.858020106017477,0.4461670752989201,,0.0,,0.006133841965130808,0.0,0.0006538538167537433,0.0,1.0,-0.21463192728867245,-0.2732111881464378,0.2999780929390979,0.13116902559261176,-0.1182985780918886,-0.27582501047290553,0.0,-0.2732111881464378,0.2999780929390979,0.13116902559261176,Banks—Regional,Financial Services,INBK
2007Q4,2007,Q4,2007-12-31,2007-12-31,510842.0,3936049.0,0.0,0.16977135260884016,3936049.0,1.0,557901074.0,46087154.0,0.0,0.0,511813920.0,0.0,5298708.0,27291630.0,112126185.0,15.316435360584912,0.0,0.17458292256307792,2.113387170750444,0.0,15.316435360584912,0.011084260052161173,6.933762765656627,13.356199177044957,0.5921743399473094,,0.0,,0.007055102030508011,0.0,0.0009156497877614769,0.0,1.0,-0.2418654123829888,0.047431168652462566,0.45488739755501917,0.06732005709848818,0.17039815640796907,-0.24207418397626113,0.0,0.047431168652462566,0.45488739755501917,0.06732005709848818,Banks—Regional,Financial Services,INBK
2007Q3,2007,Q3,2007-09-30,2007-09-30,674000.0,3363000.0,0.0,0.223933,3363000.0,1.0,540180000.0,43976000.0,425718000.0,0.0,496204000.0,0.0,4124000.0,28585500.0,66611500.0,14.614822200066467,0.0,0.09570883779480914,1.1756412588684737,0.0,14.614822200066467,0.01532654175004548,8.5,10.602930267062314,0.6500250136438057,,0.0,,0.006225702543596579,0.0,0.0012477322374023474,0.0,1.0,-0.250390817218051,0.37500454785307347,0.314883053705558,0.02507973319806244,0.05357142857142857,-0.25027808676307006,0.0,0.37500454785307347,0.314883053705558,0.02507973319806244,Banks—Regional,Financial Services,INBK
2007Q2,2007,Q2,2007-06-30,2007-06-30,899000.0,3192000.0,0.0,0.298733,3192000.0,1.0,508196000.0,42619000.0,390507000.0,0.0,465577000.0,0.0,3449000.0,27592530.0,67886530.0,14.163841807909604,0.0,0.10173240245889381,1.213073981088247,0.0,14.163841807909604,0.021093878317182478,8.644276315789474,7.673117352614015,0.6474232149980056,,0.0,,0.006281041173090697,0.0,0.0017690025108422734,0.0,1.0,0.15907935731939657,0.7478598775909017,0.0,0.0,-0.07370864770748695,0.20833333333333334,0.0,0.7478598775909017,0.0,0.0,Banks—Regional,Financial Services,INBK
2007Q1,2007,Q1,2007-03-31,2007-03-31,744000.0,3446000.0,0.0,0.257733,3446000.0,1.0,531815000.0,42544000.0,416431000.0,9920000.0,489271000.0,0.0,2551000.0,28488225.15,46162225.15,14.73974871333815,41.9789314516129,0.10285531622838769,1.2857277171869124,0.0,14.73974871333815,0.01748777735990974,8.267041540917004,9.572656300403226,0.6696179284975554,,0.0,,0.006479696887075392,3.9849798387096773,0.001398982728956498,0.0,1.0,1.9186762132667392,0.42256214149139565,0.25628873496172067,0.019042372272389828,0.16381802560264563,1.9190436208695925,0.0,0.42256214149139565,0.25628873496172067,0.019042372272389828,Banks—Regional,Financial Services,INBK
