Quarters,Year,Quarter,FillingDate,Date,NetIncome,Revenue,OperatingIncome,EPSDiluted,GrossProfit,GrossProfitRatio,TotalAssets,CommonStockEquity,CurrentAssets,CurrentLiability,TotalLiability,Inventory,RetainedEarnings,MarketCap,EnterpriseValue,bookValuePerShare,currentRatio,debtToAssets,debtToEquity,roic,shareholdersEquityPerShare,roe,priceToSalesRatio,peRatio,pbRatio,payoutRatio,inventoryTurnover,dividendYield,assetTurnover,quickRatio,returnOnAssets,priceToFreeCashFlowsRatio,grossProfitMargin,epsdilutedGrowth,fiveYNetIncomeGrowthPerShare,fiveYRevenueGrowthPerShare,fiveYShareholdersEquityGrowthPerShare,grossProfitGrowth,netIncomeGrowth,operatingIncomeGrowth,threeYNetIncomeGrowthPerShare,threeYRevenueGrowthPerShare,threeYShareholdersEquityGrowthPerShare,Industry,Sector,Symbol
2023Q3,2023,Q3,2023-06-29,2023-05-31,105000000.0,1000300000.0,143300000.0,3.28,447300000.0,0.4471658502,3438900000.0,1969800000.0,1408400000.0,624200000.0,1469100000.0,400500000.0,3426600000.0,4774160580.0,5007460580.0,62.17410517012815,2.256328099967959,0.1723225449998546,0.3008427251497614,0.04078896675324434,62.17410517012815,0.053304904051172705,4.772728761371589,11.367049,2.4236778251599147,0.04,1.3807740324594258,0.0008797358047809946,0.29087789700194827,1.4487343800064083,0.030533019279420745,31.264967779960706,0.4471658502449265,0.27626459143968873,0.8341515384475692,0.351223065227649,0.5695037796008355,0.09982788296041308,0.2620192307692308,0.2852017937219731,1.167389007734561,0.6067234654297201,0.1718648443098068,Electrical Equipment & Parts,Industrials,AYI
2023Q2,2023,Q2,2023-04-04,2023-02-28,83200000.0,943600000.0,111500000.0,2.57,406700000.0,0.4310089021,3383800000.0,1947600000.0,1393500000.0,596300000.0,1436200000.0,436400000.0,3325800000.0,6216030080.0,6461930080.0,60.77134298552172,2.3369109508636594,0.17285300549677876,0.30031834052166767,0.03230984123534432,60.77134298552172,0.04271924419798727,6.587568969902501,18.677975,3.191635900595605,0.05048076923076923,1.2302933088909258,0.0006756724060125526,0.2788580885395118,1.4457487841690424,0.02458774159229269,60.70341875,0.4310089020771513,0.12227074235807851,0.10917215508007332,0.4649129538476806,0.5380447485026283,-0.023529411764705882,0.11081441922563418,0.023875114784205693,0.7927653973585078,0.4110795103147268,0.1737656094704943,Electrical Equipment & Parts,Industrials,AYI
2023Q1,2023,Q1,2023-01-09,2022-11-30,74900000.0,997900000.0,108900000.0,2.29,416500000.0,0.4173764906,3436600000.0,1903500000.0,1455800000.0,697600000.0,1533100000.0,487000000.0,3246800000.0,6083273320.0,6373573320.0,58.91729602575214,2.086869266055046,0.16714194261770354,0.3017599159443131,0.034223867776517904,58.91729602575214,0.03934856842658261,6.096075077663093,20.304650600801068,3.19583573417389,0.05740987983978638,1.1938398357289528,0.0007068562883510222,0.2903742070651225,1.244696100917431,0.021794797183262528,36.123950831353916,0.41737649063032367,-0.34195402298850575,0.35856281888224434,0.535558776087232,0.4301805825149264,-0.09945945945945946,-0.3509532062391681,-0.27205882352941174,0.6065490270184561,0.461650806506721,0.17105278167222324,Electrical Equipment & Parts,Industrials,AYI
2022Q4,2022,Q4,2022-10-26,2022-08-31,115400000.0,1110300000.0,149600000.0,3.48,462500000.0,0.4165540845,3476900000.0,1911800000.0,1462700000.0,733600000.0,1565100000.0,485700000.0,3176200000.0,5363297810.0,5653097810.0,58.43445303664762,1.99386586695747,0.14754522707009118,0.2683335076890888,0.046261984173024,58.43445303664762,0.060361962548383725,4.830494289831577,11.618929397746967,2.805365524636468,0.038128249566724434,1.3337451101502986,0.0008203907662550628,0.3193361902844488,1.2119683751363142,0.03319048577756047,40.600286222558665,0.41655408448167164,0.1335504885993486,0.6330435948533693,0.4848984413535596,0.46998293842191113,0.039092338800269605,0.09176915799432356,0.04835318850735809,0.453463510125318,0.432560313949734,0.20590147493420488,Electrical Equipment & Parts,Industrials,AYI
2022Q3,2022,Q3,2022-06-30,2022-05-31,105700000.0,1060600000.0,142700000.0,3.07,445100000.0,0.4196681124,3615500000.0,1918600000.0,1608600000.0,866900000.0,1696900000.0,580600000.0,3065200000.0,5968182000.0,6335882000.0,56.26392961876833,1.8555773445610797,0.18971096667127646,0.3575002606066924,0.040881181753527784,56.26392961876833,0.05509225476910247,5.627175183858194,14.115851466414382,3.110696341082039,0.041627246925260174,1.0601102307957286,0.0007372429326049372,0.29334808463559675,1.055946475948783,0.029235237173281702,243.59926530612245,0.41966811238921364,0.4413145539906103,0.6252720280269138,0.5035035370857885,0.5795827036014297,0.17347745847614027,0.4037184594953519,0.3949169110459433,0.3920628707156221,0.30305485443082625,0.18503793615847136,Electrical Equipment & Parts,Industrials,AYI
2022Q2,2022,Q2,2022-04-05,2022-02-28,75300000.0,909100000.0,102300000.0,2.13,379300000.0,0.4172258277,3679200000.0,2104300000.0,1672000000.0,743700000.0,1574900000.0,524400000.0,2963900000.0,6376384680.0,6460884680.0,60.18476146893948,2.2482183676213525,0.15220700152207,0.2661217507009457,0.028738236379090926,60.18476146893948,0.035783871121037876,7.013953008469915,21.169935856573705,3.0301690253290885,0.06108897742363878,1.0102974828375286,0.0007214119333841697,0.24709175907806044,1.3746134193895387,0.020466405740378342,221.40224583333332,0.41722582774172257,-0.13765182186234828,0.4016284718580418,0.41524182653771025,0.46060092660657637,-0.016848107827890098,-0.1404109589041096,-0.11120764552562988,0.28309092066772223,0.2020607097423267,0.31940175270457843,Electrical Equipment & Parts,Industrials,AYI
2022Q1,2022,Q1,2022-01-07,2021-11-30,87600000.0,926100000.0,115100000.0,2.47,385800000.0,0.4165856819,3605600000.0,2072900000.0,1599900000.0,695200000.0,1532700000.0,439700000.0,2893200000.0,7067385000.0,7117485000.0,59.05698005698006,2.3013521288837744,0.15367761260261814,0.26730667181243667,0.03446263970211102,59.05698005698006,0.04225963625838198,7.63134110787172,20.169477739726027,3.4094191712094166,0.05365296803652968,1.2287923584261997,0.0006650267390272358,0.2568504548480142,1.4863348676639816,0.024295540270690037,94.99173387096774,0.41658568189180434,-0.09191176470588235,0.3379782192511691,0.35766700404858287,0.4951134191640521,-0.07989506320057238,-0.10703363914373089,-0.13328313253012047,0.2541339174505004,0.13165839093353557,0.34917996589137146,Electrical Equipment & Parts,Industrials,AYI
2021Q4,2021,Q4,2021-10-27,2021-08-31,98100000.0,992700000.0,132800000.0,2.72,419300000.0,0.42238339881132264,3575100000.0,2044500000.0,1544300000.0,692200000.0,1530600000.0,398700000.0,2810300000.0,6550815000.0,6616415000.0,57.59154929577465,2.231002600404507,0.1557718665212162,0.27238933724627046,0.0389352728524703,57.59154929577465,0.047982391782831986,6.598987609549713,16.69422782874618,3.2041159207630225,0.04892966360856269,1.438174065713569,0.0007327332553277721,0.27767055466979945,1.5358277954348454,0.027439791893933037,82.6080075662043,0.42238339881132264,0.1476793248945148,0.4566914150767087,0.32050974530998394,0.5162975685175034,0.08458354888773927,0.14469078179696615,0.12447078746824725,0.021582359220015026,0.054028657432723,0.34183479253901783,Electrical Equipment & Parts,Industrials,AYI
2021Q3,2021,Q3,2021-07-01,2021-05-31,85700000.0,899700000.0,118100000.0,2.37,386600000.0,0.42969878848505055,3560300000.0,2039100000.0,1538500000.0,671400000.0,1521200000.0,370000000.0,2717000000.0,6613782000.0,6583282000.0,57.11764705882353,2.291480488531427,0.15813274162289695,0.2761022019518415,0.034753724159026195,57.11764705882353,0.04202834583885047,7.351097032344114,19.293413068844806,3.243480947476828,0.05367561260210035,1.3867567567567567,0.0006955173303262792,0.2527034238687751,1.6420911528150135,0.024071005252366374,70.21,0.42969878848505055,0.36206896551724144,0.41114013172836705,0.287461079558071,0.5647192185016836,0.1482031482031482,0.3624801271860095,0.2978021978021978,0.32852921990714085,0.07854650334710155,0.4418601232044929,Electrical Equipment & Parts,Industrials,AYI
2021Q2,2021,Q2,2021-03-31,2021-02-28,62900000.0,776600000.0,91000000.0,1.74,336700000.0,0.4335565284573783,3360200000.0,1932500000.0,1344100000.0,576300000.0,1427700000.0,321300000.0,2635900000.0,4578840000.0,4647640000.0,53.68055555555556,2.332292208918966,0.16888875662162967,0.2936610608020699,0.027100143977948316,53.68055555555556,0.03254851228978008,5.896008241050734,18.198887122416533,2.3693868046571795,0.07472178060413355,1.3691254279489573,0.001026460850346376,0.23111719540503542,1.6427208051362139,0.0187191238616749,58.03346007604563,0.4335565284573783,0.10828025477707001,0.16036895674300253,0.20646910088283196,0.5636160216061785,0.012936221419975932,0.05536912751677853,0.061843640606767794,-0.25350877192982463,0.07329647878860722,0.3585860129600197,Electrical Equipment & Parts,Industrials,AYI
2021Q1,2021,Q1,2021-01-07,2020-11-30,59600000.0,792000000.0,85700000.0,1.57,332400000.0,0.4196969696969697,3388600000.0,1937000000.0,1347700000.0,583400000.0,1451600000.0,316100000.0,2577700000.0,4463872000.0,4532972000.0,51.515957446808514,2.310078848131642,0.17001121407070766,0.29741868869385646,0.024906891492455157,51.515957446808514,0.03076923076923077,5.63620202020202,18.724295302013424,2.304528652555498,0.08389261744966443,1.4539702625751345,0.001120103802259563,0.2337248421176887,1.6323277339732603,0.017588384583603848,39.67886222222222,0.4196969696969697,-0.16042780748663102,0.0034372278213263465,0.2382077515438962,0.5545619607267467,-0.11383631031724874,-0.19131614654002713,-0.1907459867799811,-0.07110549025442649,0.04719324642276497,0.2505177087198173,Electrical Equipment & Parts,Industrials,AYI
2020Q4,2020,Q4,2020-10-23,2020-08-31,73700000.0,891200000.0,105900000.0,1.87,375100000.0,0.4208931777378815,3491700000.0,2127500000.0,1439700000.0,617600000.0,1364200000.0,320100000.0,2523300000.0,4295097000.0,4209497000.0,54.13486005089059,2.3311204663212437,0.13606552682074635,0.22331374853113983,0.02987653010976735,54.13486005089059,0.034641598119858986,4.819453545780969,14.569528493894166,2.0188470035252646,0.07055630936227951,1.612308653545767,0.001210682785511014,0.2552338402497351,1.7179404145077721,0.0211071970673311,39.08186533212011,0.4208931777378815,0.2302631578947369,0.34798237034967167,0.28984818256285516,0.7195779074988775,0.144993894993895,0.22019867549668873,0.27590361445783135,-0.13175881798883773,-0.0077696361344413555,0.361821947725934,Electrical Equipment & Parts,Industrials,AYI
2020Q3,2020,Q3,2020-06-29,2020-05-31,60400000.0,776200000.0,83000000.0,1.52,327600000.0,0.42205617108992527,3442300000.0,2095700000.0,1380300000.0,575900000.0,1346600000.0,355300000.0,2454800000.0,3637160000.0,3582760000.0,53.05569620253164,2.3967702726167737,0.1354327048775528,0.22245550412749918,0.02433317598863235,53.05569620253164,0.028820919024669562,4.685854161298634,15.054470198675498,1.7355346662213105,0.08609271523178808,1.2625949901491698,0.0014296868985692135,0.2254887720419487,1.6876193783642994,0.01754640792493391,24.21544607190413,0.42205617108992527,0.05555555555555561,0.02415072122460989,0.24163718264173167,0.7446951936890972,-0.04739749927304449,0.055944055944055944,0.019656019656019656,-0.1982383196279528,-0.050087170837805374,0.48951309687930805,Electrical Equipment & Parts,Industrials,AYI
2020Q2,2020,Q2,2020-04-02,2020-02-29,57200000.0,824200000.0,81400000.0,1.44,343900000.0,0.4172530939092453,3396700000.0,2045100000.0,1307800000.0,572200000.0,1351600000.0,348600000.0,2399600000.0,4062970000.0,4105170000.0,51.7746835443038,2.2855644879412793,0.12447375393764536,0.20673805681873747,0.024611224914927284,51.7746835443038,0.027969292455136668,4.929592331958262,17.757736013986015,1.9866852476651509,0.09090909090909091,1.3777969018932874,0.001279851930976601,0.24264727529661143,1.5506815798671794,0.016839873995348427,56.58732590529248,0.4172530939092453,0.0,0.3451113051069402,0.4596931699810363,0.7829089651322257,-0.03344575604272063,0.0035087719298245615,-0.02631578947368421,-0.05755073635901973,0.13573137563649018,0.2564999663345004,Electrical Equipment & Parts,Industrials,AYI
2020Q1,2020,Q1,2020-01-09,2019-11-30,57000000.0,834700000.0,83600000.0,1.44,355800000.0,0.4262609320714029,3305200000.0,1987300000.0,1206400000.0,572600000.0,1317900000.0,352600000.0,2347600000.0,5165810000.0,5272210000.0,50.311392405063295,2.1068808941669577,0.11285247488805518,0.18769184320434762,0.02657506267324652,50.311392405063295,0.02868213153524883,6.188822331376542,22.657061403508774,2.599411261510592,0.0912280701754386,1.3581962563811685,0.0010066185167476155,0.2525414498366211,1.3522528815927348,0.017245552462785915,43.77805084745763,0.4262609320714029,-0.4049586776859504,0.21429810002724864,0.40355384537175,0.7868917761771881,-0.09855586521408664,-0.4068678459937565,-0.35840368380660015,-0.2263762143067413,0.08736616065480156,0.2737061368370454,Electrical Equipment & Parts,Industrials,AYI
2019Q4,2019,Q4,2019-10-29,2019-08-31,96100000.0,938100000.0,130300000.0,2.42,394700000.0,0.4207440571367658,3172400000.0,1918900000.0,1441800000.0,596100000.0,1253500000.0,340800000.0,2295800000.0,4966236000.0,4861836000.0,48.457070707070706,2.418721690991444,0.1124070104652629,0.1858356349992183,0.04566715080630677,48.457070707070706,0.050080775444264945,5.293930284617844,12.919448491155046,2.5880639949971336,0.054110301768990635,1.5944835680751173,0.0010470706587443692,0.29570672046400204,1.7144774366716993,0.030292523010969612,29.299327433628317,0.4207440571367658,0.09009009009008996,0.899787104622871,0.5197771796022133,0.7866852886405958,0.028936392075078206,0.08710407239819004,0.0831255195344971,0.2792490648341071,0.1186800466301221,0.275800692793704,Electrical Equipment & Parts,Industrials,AYI
2019Q3,2019,Q3,2019-07-02,2019-05-31,88400000.0,947600000.0,120300000.0,2.22,383600000.0,0.404812157028282,3121100000.0,1884900000.0,1379300000.0,631000000.0,1236200000.0,390600000.0,2204900000.0,4909699000.0,4932599000.0,47.47858942065491,2.1858954041204437,0.11425458972798051,0.18918775531858453,0.04243628384231904,47.47858942065491,0.046899039736856066,5.181193541578725,13.884895361990951,2.6047530372964083,0.057692307692307696,1.443932411674347,0.0010387602172760488,0.3036109064112012,1.457527733755943,0.028323347537727084,45.12590992647059,0.404812157028282,0.3293413173652696,1.1758623465948954,0.6916607959263945,0.8066177340007381,0.1488469601677149,0.3333333333333333,0.25443169968717416,0.3089386615834979,0.219380231359388,0.3006603941044705,Electrical Equipment & Parts,Industrials,AYI
2019Q2,2019,Q2,2019-04-03,2019-02-28,66300000.0,854400000.0,95900000.0,1.67,333900000.0,0.3908005617977528,2991800000.0,1801800000.0,1232600000.0,584400000.0,1190000000.0,413000000.0,2121600000.0,5139740000.0,5264440000.0,45.61518987341772,2.1091718001368926,0.11922588408316064,0.19796869796869798,0.03417219034228784,45.61518987341772,0.0367965367965368,6.01561329588015,19.380618401206636,2.852558552558553,0.07993966817496229,1.2602905569007263,0.0010311805655538995,0.2855805869376295,1.2869609856262834,0.02216057223076409,112.71359649122807,0.3908005617977528,-0.1565656565656566,1.1969109278829406,0.6949473693968455,0.8087179234595873,-0.09142857142857143,-0.1670854271356784,-0.17611683848797252,0.11471639771958644,0.20972167522157603,0.32868672793201487,Electrical Equipment & Parts,Industrials,AYI
2019Q1,2019,Q1,2019-01-09,2018-11-30,79600000.0,932600000.0,116400000.0,1.98,367500000.0,0.39405961827149905,3015300000.0,1750900000.0,1251800000.0,652000000.0,1264400000.0,420200000.0,2060600000.0,5200800000.0,5342700000.0,43.7725,1.9199386503067484,0.11829668689682618,0.20372379918898853,0.041317708771834695,43.7725,0.04546233365697641,5.576667381514047,16.33417085427136,2.9703581015477756,0.06532663316582915,1.3448357924797716,0.000999846177511152,0.3092892912811329,1.1832822085889572,0.026398699963519383,44.149405772495754,0.39405961827149905,-0.2666666666666667,0.9050337078651683,0.7282390812597878,0.7936788187764526,-0.10865874363327674,-0.2643253234750462,-0.18085855031667838,0.2597514619883041,0.3705396415965246,0.3208929193672034,Electrical Equipment & Parts,Industrials,AYI
2018Q4,2018,Q4,2018-10-25,2018-08-31,108200000.0,1061200000.0,142100000.0,2.7,412300000.0,0.38852242744063326,2988800000.0,1716800000.0,1211100000.0,682700000.0,1272000000.0,411800000.0,1999200000.0,6113600000.0,6341300000.0,42.92,1.7739856452321665,0.11937901498929336,0.20782851817334577,0.05408276658922477,42.92,0.06302423112767941,5.761025254428948,14.12569316081331,3.5610438024231126,0.04805914972273567,1.5757649344341913,0.0008505626799267207,0.35505888650963596,1.1234802988135344,0.03620182012847966,148.74939172749393,0.38852242744063326,0.5000000000000001,1.554387527839644,0.9401034839599864,0.8317141419224962,0.058808423215202875,0.4821917808219178,0.34183191690273845,0.9443594009983362,0.5090138248847926,0.36334117647058833,Electrical Equipment & Parts,Industrials,AYI
2018Q3,2018,Q3,2018-07-03,2018-05-31,73000000.0,944000000.0,105900000.0,1.8,389400000.0,0.4125,2882400000.0,1600400000.0,1105800000.0,672100000.0,1282000000.0,406500000.0,1896200000.0,4777300000.0,5041000000.0,39.613861386138616,1.6452908793334324,0.12420205384401888,0.22369407648087977,0.039792914393580014,39.613861386138616,0.045613596600849786,5.060699152542373,16.360616438356164,2.9850662334416396,0.07260273972602739,1.364329643296433,0.0011094132669080862,0.32750485706355814,0.9922630560928434,0.025326117124618373,43.0,0.4125,-0.2274678111587983,1.4054408595433676,0.8209776656335992,0.8119498704693795,0.16273514481934906,-0.24664602683178535,0.2034090909090909,0.210223347916187,0.4764161804508664,0.3026709384800093,Electrical Equipment & Parts,Industrials,AYI
2018Q2,2018,Q2,2018-04-04,2018-02-28,96900000.0,832100000.0,88000000.0,2.33,334900000.0,0.4024756639826944,2750500000.0,1635800000.0,1093400000.0,509600000.0,1114700000.0,322100000.0,1828500000.0,5902812000.000001,6029912000.000001,39.51207729468599,2.1456043956043955,0.12975822577713142,0.21818070668785916,0.05437381384875634,39.51207729468599,0.05923707054652158,7.093873332532149,15.229133126934984,3.6085169336104665,0.05572755417956656,1.5436199937907482,0.0009148182256185695,0.3025268133066715,1.432496075353218,0.0352299581894201,211.57032258064518,0.4024756639826944,0.3705882352941177,2.9894091415830553,0.7385850085709834,0.8675855553006401,-0.043689320388349516,0.35524475524475524,-0.2580101180438449,1.174116066966517,0.40605154599565435,0.3606348125606952,Electrical Equipment & Parts,Industrials,AYI
2018Q1,2018,Q1,2018-01-09,2017-11-30,71500000.0,842800000.0,118600000.0,1.7,350200000.0,0.41551969625059326,2961400000.0,1726100000.0,1323800000.0,594900000.0,1235300000.0,339600000.0,1725900000.0,7182497999.999999,7110797999.999999,41.19570405727924,2.225247940830392,0.12051732288782332,0.2067666994959736,0.036708776920989054,41.19570405727924,0.04142286078442732,8.52218557190318,25.11362937062937,4.161113492845142,0.07692307692307693,1.4505300353356891,0.0007657503002437314,0.28459512392787195,1.5849722642460917,0.024143985952589993,55.46330501930501,0.41551969625059326,-0.20930232558139533,1.7329255022449,0.7476377970333499,0.9882004729179912,-0.13934627672646843,-0.20994475138121546,-0.22331368696791093,0.43595084746554336,0.33599940426291186,0.46313312502106807,Electrical Equipment & Parts,Industrials,AYI
2017Q4,2017,Q4,2017-10-26,2017-08-31,90500000.0,957600000.0,152700000.0,2.15,406900000.0,0.42491645781119464,2899600000.0,1665600000.0,1245600000.0,600900000.0,1234000000.0,328600000.0,1659900000.0,7407501000.0,7453301000.0,39.75178997613365,2.072890664003994,0.1230859428886743,0.21427713736791545,0.04801690747189689,39.75178997613365,0.054334774255523535,7.735485588972431,20.46270994475138,4.447346902017291,0.06077348066298342,1.675897748021911,0.0007424906186310336,0.33025244861360187,1.471792311532701,0.031211201545040694,59.354975961538464,0.42491645781119464,0.13157894736842105,1.706386404807775,0.8489764204933121,0.9828230971308871,0.07389812615465823,0.10097323600973236,0.1612167300380228,0.6908741703395291,0.4662096833773936,0.46570845722057036,Electrical Equipment & Parts,Industrials,AYI
2017Q3,2017,Q3,2017-06-29,2017-05-31,82200000.0,891600000.0,131500000.0,1.9,378900000.0,0.4249663526244953,2730500000.0,1535200000.0,1094100000.0,544300000.0,1195300000.0,342200000.0,1574900000.0,7021421000.0,7188421000.0,35.619489559164734,2.010104721660849,0.13063541475920162,0.23234757686294946,0.04585443544613655,35.619489559164734,0.05354351224596144,7.875079632122028,21.354686739659368,4.5736197238144864,0.06934306569343066,1.4982466393921683,0.0008118014857676246,0.3265336019044131,1.3058974830056953,0.030104376487822743,79.51779161947906,0.4249663526244953,0.24183006535947704,1.361286045740802,0.7652714617169374,0.8092439141163039,0.12835020845741513,0.2213967310549777,0.2175925925925926,0.8636493659218762,0.46612678840437394,0.35536464538784723,Electrical Equipment & Parts,Industrials,AYI
2017Q2,2017,Q2,2017-04-04,2017-02-28,67300000.0,804700000.0,108000000.0,1.53,335800000.0,0.4172983720641233,2999100000.0,1804800000.0,1363900000.0,546800000.0,1194300000.0,353700000.0,1498400000.0,9254940000.0,9147840000.0,41.205479452054796,2.494330651060717,0.11873562068620586,0.19730718085106383,0.03383901912097324,41.205479452054796,0.037289450354609927,11.501106002236858,34.3794205052006,5.127958776595745,0.08469539375928678,1.3256997455470738,0.0006158872991072875,0.2683138274815778,1.7631675201170447,0.022440065352939215,557.5265060240964,0.4172983720641233,-0.17741935483870971,2.262170706006323,0.6618021614923935,1.1452550921970177,-0.06618464961067853,-0.1762545899632803,-0.14691943127962084,1.0111153002946394,0.4396335662418135,0.6338655925031919,Electrical Equipment & Parts,Industrials,AYI
2017Q1,2017,Q1,2017-01-09,2016-11-30,81700000.0,851200000.0,126600000.0,1.86,359600000.0,0.4224624060150376,2963400000.0,1730100000.0,1356200000.0,609800000.0,1233300000.0,334400000.0,1436800000.0,11011758000.0,10916558000.0,39.5,2.224007871433257,0.12013228048862792,0.20576845269059593,0.039257016326024505,39.5,0.04722270388994856,12.936745770676692,33.69570991432069,6.364810126582278,0.07099143206854346,1.4700956937799043,0.0005267097224621172,0.28723763244921374,1.5967530337815676,0.027569683471687926,573.5290625,0.4224624060150376,-0.01587301587301577,1.5702417495151264,0.6881133167166803,1.1262085184217403,-0.1054726368159204,-0.014475271411338963,-0.06291635825314582,0.7856549176543018,0.44054193849798945,0.6186033089649866,Electrical Equipment & Parts,Industrials,AYI
2016Q4,2016,Q4,2016-10-27,2016-08-31,82900000.0,925400000.0,135100000.0,1.89,402000000.0,0.43440674303004106,2948000000.0,1659800000.0,1322900000.0,672500000.0,1288200000.0,295200000.0,1360900000.0,12022744000.0,11964744000.0,37.98169336384439,1.9671375464684016,0.12048846675712348,0.21400168695023497,0.04369660720695413,37.98169336384439,0.04994577659959031,12.99194294359196,36.2567671893848,7.243489577057477,0.06996381182147166,1.7730352303523036,0.00048241898854371344,0.3139077340569878,1.4661710037174722,0.028120759837177746,150.47239048811014,0.43440674303004106,0.11834319526627217,1.2853051775128133,0.7582819358474523,1.0671674591682816,0.06377348504895475,0.12027027027027028,0.11652892561983472,0.7914001620687724,0.5485873373837584,0.6209600388797203,Electrical Equipment & Parts,Industrials,AYI
2016Q3,2016,Q3,2016-06-29,2016-05-31,74000000.0,851500000.0,121000000.0,1.69,377900000.0,0.44380504991192016,2783200000.0,1587900000.0,1154800000.0,584600000.0,1195300000.0,288900000.0,1283800000.0,11268240000.0,11285440000.0,36.50344827586207,1.9753677728361272,0.1272635814889336,0.22306190566156558,0.04094558791398189,36.50344827586207,0.0466024308835569,13.233399882560187,38.068378378378384,7.096315888909881,0.07702702702702703,1.6393215645552095,0.0005058465208408766,0.3059427996550733,1.4214847759151557,0.026588100028743893,105.90451127819549,0.44380504991192016,0.13422818791946306,1.6678542647495438,0.8152417354490986,0.9915231729449783,0.12169783318492135,0.1297709923664122,0.13402061855670103,1.2646216324014647,0.5254900712155464,0.669678644311055,Electrical Equipment & Parts,Industrials,AYI
2016Q2,2016,Q2,2016-04-06,2016-02-29,65500000.0,777800000.0,106700000.0,1.49,336900000.0,0.43314476729236306,2619800000.0,1493400000.0,997700000.0,513400000.0,1126400000.0,277500000.0,1215500000.0,9110205000.0,9239405000.0,34.33103448275862,1.9433190494740942,0.13493396442476524,0.2367081826704165,0.03799294856615263,34.33103448275862,0.043859649122807015,11.712786063255336,34.771774809160306,6.100311370028124,0.08702290076335878,1.5888288288288288,0.0006256719799389806,0.2968928925872204,1.330541488118426,0.02500190854263684,190.98962264150944,0.43314476729236306,-0.0509554140127389,2.2006584647374807,0.8176963428883971,0.9414475382629539,0.05479023168440827,-0.04239766081871345,-0.050711743772241996,1.5664758713760532,0.5466763022844445,0.6226973747885235,Electrical Equipment & Parts,Industrials,AYI
2016Q1,2016,Q1,2016-01-08,2015-11-30,68400000.0,736600000.0,112400000.0,1.57,319400000.0,0.433613901710562,2506300000.0,1434900000.0,1255200000.0,512700000.0,1071400000.0,242300000.0,1155700000.0,9997104000.0,9789304000.0,33.13856812933025,2.4482153306026917,0.14060567370227028,0.24559202731897692,0.04088925687981468,33.13856812933025,0.04766882709596488,13.571957643225632,36.53912280701754,6.967108509303785,0.08333333333333333,1.7218324391250517,0.0005701651198186995,0.293899373578582,1.9034523112931538,0.02729122611020229,357.0394285714286,0.433613901710562,0.13768115942029,1.719115587021542,0.681141149300367,0.9258611615218911,-0.005913476501711796,0.13810316139767054,0.005366726296958855,1.5299036394043162,0.47803508414848006,0.5993443572405087,Electrical Equipment & Parts,Industrials,AYI
2015Q4,2015,Q4,2015-10-27,2015-08-31,60100000.0,759500000.0,111800000.0,1.38,321300000.0,0.42304147465437786,2429600000.0,1360000000.0,1436500000.0,520900000.0,1069600000.0,224800000.0,1093000000.0,8418384000.0,8013984000.0,31.48148148148148,2.7577270109425993,0.14504445176160685,0.2591176470588235,0.04246577801237927,31.48148148148148,0.044191176470588234,11.084113232389731,35.01823627287854,6.189988235294118,0.09484193011647254,1.949288256227758,0.0006770895696846331,0.31260289759631216,2.2432328661931273,0.024736582153440895,72.26080686695279,0.42304147465437786,-0.06756756756756763,1.1481821895424835,0.6623205262894593,0.9041218637992829,0.08694181326116374,-0.06821705426356589,0.12701612903225806,0.7431950022311468,0.4223461111831396,0.5702993161026734,Electrical Equipment & Parts,Industrials,AYI
2015Q3,2015,Q3,2015-07-01,2015-05-31,64500000.0,683700000.0,99200000.0,1.48,295600000.0,0.43235337136170837,2327800000.0,1313700000.0,1343600000.0,486100000.0,1014100000.0,256400000.0,1038600000.0,7663247999.999999,7364847999.999999,30.40972222222222,2.764040320921621,0.1519460434745253,0.26923955240922587,0.038068963941579985,30.40972222222222,0.04909796757250514,11.20849495392716,29.702511627906976,5.833331810915734,0.08837209302325581,1.5136505460218408,0.0007438099354216385,0.29371079989689836,2.1495577041760954,0.02770856602800928,113.69804154302669,0.43235337136170837,0.3831775700934578,1.993120761606677,0.6579656662305091,0.8112639683203916,0.15604223699648026,0.3900862068965517,0.26208651399491095,0.8485449735449735,0.35051851851851856,0.544620811287478,Electrical Equipment & Parts,Industrials,AYI
2015Q2,2015,Q2,2015-04-01,2015-02-28,46400000.0,616100000.0,78600000.0,1.07,255700000.0,0.41503002759292323,2218100000.0,1251600000.0,1250200000.0,434100000.0,966500000.0,237400000.0,979800000.0,6830488000.0,6583088000.0,29.039443155452435,2.8799815710665744,0.1594607997835986,0.28259827420901246,0.032134008712828996,29.039443155452435,0.03707254713966123,11.08665476383704,36.80219827586207,5.457404921700223,0.12284482758620689,1.5181128896377423,0.0008344938165472219,0.2777602452549479,2.2041004376871687,0.02091880438212885,336.4772413793103,0.41503002759292323,-0.08547008547008536,4.865905169849484,0.5841543725062542,0.7658840093099563,-0.06336996336996337,-0.09197651663405088,-0.09342560553633218,1.2856326967695877,0.2929846448017349,0.5118623574392993,Electrical Equipment & Parts,Industrials,AYI
2015Q1,2015,Q1,2015-01-09,2014-11-30,51100000.0,647400000.0,86700000.0,1.17,273000000.0,0.42168674698795183,2206100000.0,1210700000.0,1225500000.0,453600000.0,995400000.0,214200000.0,939100000.0,5892290000.0,5662890000.0,28.155813953488373,2.7017195767195767,0.16028285209192694,0.2920624432146692,0.03553543457209566,28.155813953488373,0.042206987693070123,9.101467408093914,28.827250489236793,4.866845626497068,0.1095890410958904,1.7478991596638656,0.0009503944985735596,0.29345904537418976,2.1049382716049383,0.023163047912605955,208.94645390070923,0.42168674698795183,-0.0714285714285715,1.1574308813254814,0.6258895333994337,0.7156308415911237,-0.037037037037037035,-0.06751824817518248,-0.044101433296582136,0.637489305436727,0.30782107291528754,0.5155729486330297,Electrical Equipment & Parts,Industrials,AYI
2014Q4,2014,Q4,2014-10-29,2014-08-31,54800000.0,668700000.0,90700000.0,1.26,283500000.0,0.423956931359354,2168100000.0,1163500000.0,1186700000.0,470500000.0,1004600000.0,212000000.0,893600000.0,5314452000.0,5115552000.0,27.12121212121212,2.5222104144527098,0.16309210829758775,0.3039106145251397,0.03995395579820935,27.12121212121212,0.04709926944563816,7.947438313144908,24.244762773722627,4.567642458100559,0.10218978102189781,1.8169811320754716,0.0010537304692939179,0.3084267330842673,1.9679064824654622,0.025275586919422537,56.65727078891258,0.423956931359354,0.24752475247524752,0.8568873993459031,0.5601723388061683,0.7068278524225201,0.1647493837304848,0.2511415525114155,0.2493112947658402,0.5388432230537495,0.29423901370697014,0.4760818221848606,Electrical Equipment & Parts,Industrials,AYI
2014Q3,2014,Q3,2014-07-01,2014-05-31,43800000.0,603900000.0,72600000.0,1.01,243400000.0,0.4030468620632555,2049800000.0,1124800000.0,1070000000.0,408700000.0,925000000.0,213800000.0,844400000.0,5371828000.0,5258128000.0,26.2803738317757,2.6180572547100565,0.1725046345984974,0.31436699857752487,0.03329555506413092,26.2803738317757,0.038940256045519206,8.895227686703096,30.661118721461186,4.775807254623044,0.13013698630136986,1.686155285313377,0.0010610913082101658,0.29461410869353105,2.0058722779544897,0.02136793833544736,85.13198098256736,0.4030468620632555,0.3466666666666667,0.9017751790601933,0.45620351761612077,0.6335294547565207,0.13104089219330856,0.3394495412844037,0.24315068493150685,0.6049074042142291,0.30845964668288534,0.43378162753590166,Electrical Equipment & Parts,Industrials,AYI
2014Q2,2014,Q2,2014-04-02,2014-02-28,32700000.0,546200000.0,58400000.0,0.75,215200000.0,0.3939948736726474,1972300000.0,1079400000.0,990500000.0,366900000.0,892900000.0,228600000.0,806300000.0,6036940000.000001,5982340000.000001,25.2196261682243,2.6996456800218045,0.17928307052679612,0.3275894015193626,0.02649393242776419,25.2196261682243,0.03029460811561979,11.052618088612231,46.1539755351682,5.592866407263295,0.1712538226299694,1.4479440069991252,0.0009276222722107556,0.276935557470973,1.9539384028345599,0.016579627845662425,1006.1566666666669,0.3939948736726474,-0.2718446601941748,1.1376358158316506,0.32858795969385185,0.7449964405062665,-0.09236609025727541,-0.2651685393258427,-0.2454780361757106,0.6240196308646032,0.29733035058520696,0.42619008945974307,Electrical Equipment & Parts,Industrials,AYI
2014Q1,2014,Q1,2014-01-09,2013-11-30,44500000.0,574700000.0,77400000.0,1.03,237100000.0,0.4125630763876805,1966200000.0,1039600000.0,979300000.0,395900000.0,926600000.0,208300000.0,779200000.0,4367778000.0,4323278000.0,24.4037558685446,2.4736044455670623,0.17983928389787407,0.34013081954597923,0.03593346253229974,24.4037558685446,0.042804924971142744,7.600100922220289,24.538078651685392,4.2014024624855715,0.1258426966292135,1.6207393182909267,0.0012821164445628876,0.29228969586003456,1.8456680980045466,0.022632489065201912,125.15123209169055,0.4125630763876805,0.0,1.1483860671108808,0.19170415446609193,0.713717364588896,-0.0008428150021070375,-0.008908685968819599,-0.010230179028132993,0.7980835834680212,0.3331897265948634,0.41823404798515745,Electrical Equipment & Parts,Industrials,AYI
2013Q4,2013,Q4,2013-10-29,2013-08-31,44900000.0,579800000.0,78200000.0,1.03,237300000.0,0.40927906174542944,1903800000.0,993500000.0,913500000.0,386200000.0,910300000.0,203000000.0,740300000.0,3625200000.0,3619700000.0,23.431603773584907,2.365354738477473,0.1857337955667612,0.35591343734272773,0.03707643192853137,23.431603773584907,0.04519375943633618,6.252500862366333,20.184855233853007,3.6489179667840963,0.12472160356347439,1.687192118226601,0.0015447423590422597,0.304548797142557,1.7540134645261523,0.023584410127114194,65.55515370705244,0.40927906174542944,0.41095890410958913,0.009052934197522233,0.044508089024804194,0.6256284270575163,0.07327001356852103,0.416403785488959,0.564,0.6351623196448388,0.2929540492553923,0.4172340992087644,Electrical Equipment & Parts,Industrials,AYI
2013Q3,2013,Q3,2013-07-02,2013-05-31,31700000.0,541500000.0,50000000.0,0.73,221100000.0,0.4083102493074792,1829800000.0,922600000.0,837400000.0,358100000.0,907200000.0,201200000.0,701000000.0,3167953999.9999995,3219553999.9999995,21.862559241706162,2.3384529461044403,0.19319051262433054,0.38315629742033386,0.027479328956520593,21.862559241706162,0.03435941903316714,5.85033056325023,24.9838643533123,3.433724257533058,0.17981072555205047,1.5924453280318092,0.0017992685499852589,0.29593398185594055,1.6794191566601508,0.017324297737457646,54.06064846416381,0.4083102493074792,0.280701754385965,-0.2660365525633354,0.006381601980044963,0.5540408593620646,0.16552451238798102,0.2834008097165992,0.10864745011086474,0.5058963576085265,0.3442489616713718,0.30217782064563126,Electrical Equipment & Parts,Industrials,AYI
2013Q2,2013,Q2,2013-04-03,2013-02-28,24700000.0,486700000.0,45100000.0,0.57,189700000.0,0.3897678241216355,1742400000.0,890700000.0,783700000.0,312500000.0,851700000.0,193700000.0,675000000.0,2868273000.0,2958973000.0,21.156769596199524,2.50784,0.20288108356290174,0.3968788593241271,0.024068019697417523,21.156769596199524,0.027730998091388796,5.893307992603247,29.031103238866397,3.22024587403166,0.22672064777327935,1.5332989158492514,0.0019523943501891208,0.2793273645546373,1.74432,0.01417584940312213,819.5065714285714,0.3897678241216355,-0.06557377049180334,-0.3050140302800268,-0.031093411505276333,0.6246104688263785,0.0010554089709762533,-0.05363984674329502,-0.06431535269709543,2.1967537608867773,0.28115835209518525,0.2865398595485473,Electrical Equipment & Parts,Industrials,AYI
2013Q1,2013,Q1,2013-01-08,2012-11-30,26100000.0,481100000.0,48200000.0,0.61,189500000.0,0.3938890043649969,1731700000.0,866100000.0,773300000.0,321300000.0,865600000.0,193700000.0,655900000.0,2765070000.0,2851070000.0,20.720095693779903,2.406784936196701,0.20413466535774094,0.4081514836623946,0.02553223098629968,20.720095693779903,0.03013508832698303,5.747391394720433,26.48534482758621,3.192552822999654,0.210727969348659,1.5054207537429014,0.0019890997334606354,0.2778194837442975,1.674447556800498,0.015071894669977479,-107.59027237354086,0.3938890043649969,-0.21794871794871798,-0.1603570685033434,-0.05494711304457135,0.6453514939302019,-0.09933460076045628,-0.21385542168674698,-0.21112929623567922,0.1335708565209355,0.24292771174111633,0.2625468854031833,Electrical Equipment & Parts,Industrials,AYI
2012Q4,2012,Q4,2012-10-26,2012-08-31,33200000.0,514200000.0,61100000.0,0.78,210400000.0,0.4091793076623882,1736900000.0,834000000.0,779000000.0,364800000.0,902900000.0,194100000.0,635300000.0,2669056000.0,2738056000.0,20.048076923076923,2.1354166666666665,0.20352351891300594,0.4238609112709832,0.03369284750337382,20.048076923076923,0.03980815347721822,5.190696227148969,20.098313253012044,3.2003069544364506,0.16566265060240964,1.5651725914477073,0.002060653654325724,0.2960446772986355,1.503015350877193,0.019114514364672694,46.990422535211266,0.4091793076623882,-0.012658227848101276,-0.35191246230689993,-0.2547123460223053,0.24659402124054342,0.041584158415841586,-0.011904761904761904,0.06631762652705062,0.16013106450922185,0.2371925166492051,0.26169198953514716,Electrical Equipment & Parts,Industrials,AYI
2012Q3,2012,Q3,2012-07-02,2012-05-31,33600000.0,487500000.0,57300000.0,0.79,202000000.0,0.41435897435897434,1656500000.0,819000000.0,704100000.0,331100000.0,837500000.0,168700000.0,607600000.0,2267200000.0,2392400000.0,19.6875,2.1265478707339174,0.21340175067914277,0.43162393162393164,0.03139636425901088,19.6875,0.041025641025641026,4.650666666666667,16.86904761904762,2.768253968253968,0.1636904761904762,1.6923532898636633,0.0024258997882851095,0.29429520072441895,1.503775294472969,0.02028373075762149,40.630824372759854,0.41435897435897434,0.717391304347826,-0.1049100217188954,-0.22467245255670507,0.31929640339398035,0.11050027487630566,0.7230769230769231,0.46923076923076923,0.5009795670348627,0.2094338082535777,0.22373111381064473,Electrical Equipment & Parts,Industrials,AYI
2012Q2,2012,Q2,2012-04-04,2012-02-29,19500000.0,457700000.0,39000000.0,0.46,181900000.0,0.3974218920690409,1597900000.0,795200000.0,642700000.0,292200000.0,802700000.0,159000000.0,579500000.0,2574666000.0,2747466000.0,19.207729468599034,2.1995208761122518,0.2211652794292509,0.4444164989939638,0.021924185273635745,19.207729468599034,0.024522132796780685,5.6252261306532665,33.008538461538464,3.237759054325956,0.28205128205128205,1.7345911949685535,0.002136199413826881,0.28643845046623695,1.4996577686516084,0.012203517116215033,547.8012765957446,0.3974218920690409,-0.3428571428571428,-0.17731995321002778,-0.1825501655319655,0.3828860512389639,-0.06043388429752066,-0.34782608695652173,-0.22924901185770752,0.31784400116200245,0.1509672251011509,0.3290212681718184,Electrical Equipment & Parts,Industrials,AYI
2012Q1,2012,Q1,2012-01-09,2011-11-30,29900000.0,474300000.0,50600000.0,0.7,193600000.0,0.40818047649167194,1595000000.0,765400000.0,639200000.0,317400000.0,829600000.0,162500000.0,565500000.0,2070300000.0,2251000000.0,18.57766990291262,2.013862633900441,0.22156739811912227,0.4617193624248759,0.029525942486725482,18.57766990291262,0.03906454141625294,4.364958886780519,17.31020066889632,2.7048602038149987,0.18394648829431437,1.7273846153846153,0.002656619813553591,0.2973667711598746,1.3714555765595464,0.018746081504702194,88.09787234042552,0.40818047649167194,-0.14634146341463414,-0.08753743057284931,-0.20932844178239543,0.39555477738020517,-0.033932135728542916,-0.12573099415204678,-0.0931899641577061,0.4925740531917819,0.016933991214292954,0.30458916560701393,Electrical Equipment & Parts,Industrials,AYI
2011Q4,2011,Q4,2011-10-28,2011-08-31,34200000.0,496200000.0,55800000.0,0.82,200400000.0,0.40386940749697703,1597400000.0,757000000.0,630500000.0,331400000.0,840400000.0,165900000.0,541000000.0,1896848000.0,2080048000.0,18.37378640776699,1.9025347012673506,0.2212345060723676,0.4668428005284016,0.034303870644877395,18.37378640776699,0.04517833553500661,3.8227488915759773,13.865847953216374,2.505743725231176,0.16666666666666666,1.783001808318264,0.0030049851121439356,0.31062977338174536,1.3059746529873264,0.021409790910229123,25.772391304347828,0.40386940749697703,0.32258064516129026,-0.15310712704019744,-0.24636205732118432,0.43003118722492023,0.05640484976278334,0.26199261992619927,0.11155378486055777,-0.2090257320360547,-0.08006107127574233,0.27472919846916816,Electrical Equipment & Parts,Industrials,AYI
2011Q3,2011,Q3,2011-06-29,2011-05-31,27100000.0,458300000.0,50200000.0,0.62,189700000.0,0.41392101243726814,1591000000.0,779000000.0,626500000.0,313300000.0,812000000.0,178000000.0,512500000.0,2590800000.0,2783400000.0,18.32941176470588,1.999680817108203,0.22212445003142678,0.45365853658536587,0.028740668504374837,18.32941176470588,0.03478818998716303,5.653065677503818,23.900369003690034,3.325802310654686,0.21033210332103322,1.5089887640449438,0.0022000926354793886,0.2880578252671276,1.3281200127673156,0.01703331238214959,54.77378435517971,0.41392101243726814,0.3777777777777777,-0.021631947289921686,-0.2125225154685216,0.5334146851497038,0.1581196581196581,0.36180904522613067,0.34946236559139787,-0.37697140266652934,-0.15425856970243515,0.30289663234329156,Electrical Equipment & Parts,Industrials,AYI
2011Q2,2011,Q2,2011-03-30,2011-02-28,19900000.0,416100000.0,37200000.0,0.45,163800000.0,0.39365537130497474,1537000000.0,748000000.0,581900000.0,287200000.0,789000000.0,174100000.0,491000000.0,2390796000.0,2618696000.0,17.68321513002364,2.026114206128134,0.22992843201040988,0.47245989304812835,0.023176771882807458,17.68321513002364,0.02660427807486631,5.745724585436193,30.035125628140705,3.196251336898396,0.2814070351758794,1.4491671453187822,0.0023423161156368,0.27072218607677295,3.9422005571030643,0.012947299934938192,130.64459016393442,0.39365537130497474,-0.19642857142857148,0.44046886307922445,-0.20491243366409095,0.4519618998035389,-0.06984667802385008,-0.18442622950819673,-0.1824175824175824,-0.4427194460507687,-0.1755581918755804,0.3578791550438779,Electrical Equipment & Parts,Industrials,AYI
2011Q1,2011,Q1,2011-01-10,2010-11-30,24400000.0,425000000.0,45500000.0,0.56,176100000.0,0.4143529411764706,1521400000.0,722700000.0,613400000.0,303500000.0,798700000.0,173700000.0,477800000.0,2262120000.0,2463320000.0,17.207142857142856,2.0210873146622736,0.23228605232023136,0.48899958488999584,0.028035013717005453,17.207142857142856,0.0337622803376228,5.322635294117647,23.177459016393442,3.130095475300955,0.22950819672131148,1.432930339666091,0.0024755539051862854,0.2793479689759432,1.3232289950576606,0.016037859865912975,-1615.8,0.4143529411764706,-0.12499999999999993,0.17033777107493903,-0.2083082552631127,0.367037276878245,-0.045010845986984814,-0.10294117647058823,-0.052083333333333336,-0.21878432887058008,-0.16912311385796494,0.36639321674414355,Electrical Equipment & Parts,Industrials,AYI
2010Q4,2010,Q4,2010-10-29,2010-08-31,27200000.0,444200000.0,48000000.0,0.64,184400000.0,0.415128320576317,1503600000.0,694400000.0,626300000.0,321300000.0,809200000.0,149000000.0,459000000.0,1627080000.0,1789380000.0,16.533333333333335,1.94926859632742,0.23496940675711625,0.5087845622119815,0.03069355299034103,16.533333333333335,0.03917050691244239,3.6629446195407476,14.954779411764706,2.3431451612903227,0.20588235294117646,1.7436241610738255,0.003441748408191361,0.2954243149773876,1.388422035480859,0.018089917531258312,28.29704347826087,0.415128320576317,0.3333333333333334,0.03098791244355639,-0.21598226306014603,0.35097205021105854,0.1271393643031785,0.27699530516431925,0.22448979591836735,-0.4740935092867925,-0.36230288949497574,0.028046458699795315,Electrical Equipment & Parts,Industrials,AYI
2010Q3,2010,Q3,2010-06-30,2010-05-31,21300000.0,407600000.0,39200000.0,0.48,163600000.0,0.4013738959764475,1468700000.0,716900000.0,608300000.0,280300000.0,751800000.0,143300000.0,438500000.0,1704156999.9999998,1862956999.9999998,16.789227166276348,2.1701748127006777,0.24055286988493224,0.4928162923699261,0.023714000564619066,16.789227166276348,0.02971125680011159,4.180954367026496,20.001842723004692,2.3771195424745426,0.2676056338028169,1.7027215631542219,0.0033447622490181367,0.27752434125417036,1.5358544416696396,0.01450262136583373,39.4480787037037,0.4013738959764475,1.8235294117647054,0.0985536750738896,-0.24088306614681898,0.41492351024593865,0.07419566644780039,1.7307692307692308,0.41007194244604317,-0.44719434596623653,-0.3684463845862679,0.12507768971341685,Electrical Equipment & Parts,Industrials,AYI
2010Q2,2010,Q2,2010-03-31,2010-02-28,7800000.0,383500000.0,27800000.0,0.17,152300000.0,0.3971316818774446,1433300000.0,698900000.0,572000000.0,260500000.0,734400000.0,147900000.0,422900000.0,1677899999.9999998,1875399999.9999998,16.44470588235294,2.195777351247601,0.24649410451405845,0.5055086564601516,0.019411223907924696,16.44470588235294,0.011160394906281299,4.375228161668839,53.778846153846146,2.400772642724281,0.7307692307692307,1.5632183908045978,0.003397103522259968,0.2675643619619061,1.4602687140115163,0.005441987022954022,1398.2499999999998,0.3971316818774446,-0.6792452830188679,1.933765974802864,-0.2331658681198925,0.4341346290475183,-0.05579665220086795,-0.6652360515021459,-0.34894613583138173,-0.6794451394154838,-0.3327985566263267,0.18395849018025073,Electrical Equipment & Parts,Industrials,AYI
2010Q1,2010,Q1,2010-01-06,2009-11-30,23300000.0,391700000.0,42700000.0,0.53,161300000.0,0.4117947408731172,1317100000.0,694200000.0,450000000.0,480500000.0,622900000.0,145300000.0,421800000.0,1365444000.0,1546444000.0,16.411347517730498,0.9365244536940687,0.17409460177663047,0.3303082685105157,0.030347194155730266,16.411347517730498,0.03356381446269087,3.485943323972428,14.65068669527897,1.9669317199654277,0.24034334763948498,1.5856847900894702,0.004101230076077818,0.2973957937893858,0.5585848074921956,0.017690380381140385,37.20555858310627,0.4117947408731172,-0.22058823529411767,0.7766224111320313,-0.25133543349116255,0.39191335688522155,-0.02461737547695787,-0.1992851988040826,-0.14463141025641027,-0.3074412200263387,-0.3640054232776021,0.23282061481912908,Electrical Equipment & Parts,Industrials,AYI
2009Q4,2009,Q4,2009-10-30,2009-08-31,29099000.0,422612000.0,49920000.0,0.68,165371000.0,0.3913069198224376,1290603000.0,672140000.0,422900000.0,476089000.0,618463000.0,140797000.0,404169000.0,1358253000.0,1571152000.0,15.88983451536643,0.8882792923171928,0.17943705384227374,0.3445442913678698,0.03720751934522216,15.88983451536643,0.04329306394501146,3.2139480185134355,11.669241211038178,2.020788823756955,0.1935805354135881,1.8270346669318238,0.00414723913733303,0.3274531362471651,0.5168235350953289,0.022546825011254427,22.9671282909755,0.3913069198224376,0.28301886792452835,0.09132642078470468,-0.246969074980735,0.4116038076967916,0.07659906904072133,0.32106051663867075,0.2033845189595738,-0.29816134318872395,-0.37482058656985323,0.2367052937554284,Electrical Equipment & Parts,Industrials,AYI
2009Q3,2009,Q3,2009-07-02,2009-05-31,22027000.0,396628000.0,41483000.0,0.53,153605000.0,0.3872772471938441,1321124000.0,658550000.0,455781000.0,333266000.0,662574000.0,158129000.0,380109000.0,1144514640.0,1410995640.0,16.08809302780085,1.3676192590903362,0.22312137240713212,0.4476061043200972,0.02935837580567202,16.08809302780085,0.03344772606483942,2.885612311788376,12.989906024424569,1.7379312732518415,0.24324692422935487,1.5368654705967912,0.004681460431122139,0.3002201155985358,0.7494523893826553,0.016672923964745172,41.37796963123644,0.3872772471938441,0.5142857142857145,0.25529154892813116,-0.23504044292825835,0.5184940008269542,0.08633078261361547,0.5330595768374164,0.4497955474784189,-0.17435554468798567,-0.2924186085832466,0.34590888248727386,Electrical Equipment & Parts,Industrials,AYI
2009Q2,2009,Q2,2009-04-08,2009-02-28,14368000.0,386139000.0,28613000.0,0.35,141398000.0,0.3661841979183662,1169861000.0,580992000.0,509431000.0,279030000.0,588869000.0,165333000.0,389589000.0,921384000.0000001,1053039000.0000001,14.452537313432837,1.8257212486112604,0.174349773178181,0.35106335371227143,0.024784105291558906,14.452537313432837,0.024730116765807445,2.3861459215463863,16.031876391982184,1.5858807005948448,0.37152004454342985,1.4802912909098607,0.005793458536288887,0.33007254708037964,1.0328387628570406,0.012281801000289779,-316.7356479889997,0.3661841979183662,-0.27083333333333337,0.5712051362057242,-0.1814304627230721,0.39320577944797663,-0.1907304705161885,-0.2599536440896214,-0.15188072442718678,0.09436307810914416,-0.22361841106990635,0.1866922038947915,Electrical Equipment & Parts,Industrials,AYI
2009Q1,2009,Q1,2009-01-06,2008-11-30,19415000.0,452025000.0,33737000.0,0.48,174723000.0,0.3865339306454289,1359853000.0,568613000.0,729617000.0,482735000.0,791240000.0,162120000.0,380559000.0,1007433900.0,1106751900.0,14.240245429501627,1.5114234517903198,0.2676406935161374,0.6400697838424376,0.023478006553367722,14.240245429501627,0.03414448843061977,2.2287127924340466,12.972365439093483,1.7717391266115972,0.27324233839814577,1.7104737231680236,0.005265854166710094,0.3324072528427705,1.0542637264751882,0.01427727849995551,-79.35049621928167,0.3865339306454289,-0.5339805825242718,0.5652054620397959,-0.0904725074409472,0.4037353496849537,-0.1773017920876927,-0.5366901324424294,-0.5423692028051709,-0.020490234275106947,-0.11431432309971606,0.13132938429361946,Electrical Equipment & Parts,Industrials,AYI
2008Q4,2008,Q4,2008-10-27,2008-08-31,41905000.0,522757000.0,73721000.0,1.03,212378000.0,0.4062652436983149,1408691000.0,575546000.0,756147000.0,522566000.0,833145000.0,145725000.0,366904000.0,1737354300.0,1804194300.0,14.413874279989983,1.4469885143694767,0.25835048282412537,0.632331733692876,0.04985186013022611,14.413874279989983,0.07280912385804089,3.323445310153666,10.364838921369765,3.0186193631786162,0.12728791313685717,2.129895350832047,0.003070185511383602,0.3710941576257675,1.083244987236062,0.029747474783327215,15.876688781664656,0.4062652436983149,0.030000000000000027,2.053933867436885,0.02008346374492155,0.4679209256963449,0.02010644020903781,0.01876838548124377,0.02812953252259288,0.6707077788517621,-0.029496354967567338,0.1777867714227325,Electrical Equipment & Parts,Industrials,AYI
2008Q3,2008,Q3,2008-07-02,2008-05-31,41133000.0,512438000.0,71704000.0,1.0,208192000.0,0.40627744234424457,1366040000.0,565401000.0,706378000.0,496079000.0,800639000.0,150294000.0,329616000.0,2140117500.0,2287724500.0,14.068201045036078,1.4239223994565382,0.2664058153494773,0.643651143170953,0.051069621905897866,14.068201045036078,0.07275013662869362,4.176344260183671,13.007302530814675,3.7851321451500795,0.1299686383195974,2.0243389623005577,0.002497993684926178,0.3751266434365026,1.0180616393759865,0.03011112412520863,44.86525439718245,0.40627744234424457,0.2195121951219513,1.7707393275752992,0.015056391938098658,0.36182854617015603,0.08413005894728072,0.204691893158388,0.1807209076388546,1.2539378271613248,0.013971388300009744,0.1856071877728258,Electrical Equipment & Parts,Industrials,AYI
2008Q2,2008,Q2,2008-04-03,2008-02-29,34144000.0,482584000.0,60729000.0,0.82,192036000.0,0.3979327951196061,1313774000.0,526715000.0,658954000.0,484291000.0,787059000.0,146650000.0,293863000.0,1796206859.9999998,1975047859.9999998,13.022672204915196,1.360657125571196,0.27699360772857434,0.6908992529166628,0.04357445205405035,13.022672204915196,0.06482443066933731,3.722060532466886,13.151702055998125,3.4102063924513253,0.15724578256794752,1.981234231162632,0.0029890766590213334,0.3673264960335644,0.9412440041214889,0.025989249292496273,85.77874212034382,0.3979327951196061,0.13888888888888887,3.554830718596875,0.01040642351050341,0.3214951130957407,-0.05488978241932388,0.09886714727085479,0.10607412803934067,5.2950793566982375,0.013963538276848505,0.13570077235891825,Electrical Equipment & Parts,Industrials,AYI
2008Q1,2008,Q1,2008-01-08,2007-11-30,31072000.0,508865000.0,54905000.0,0.72,203189000.0,0.3992984386821652,1348073000.0,526178000.0,689182000.0,352054000.0,821895000.0,146881000.0,265087000.0,1650010670.0,1812193670.0,12.593112031208864,1.9576030949797474,0.2699349367578759,0.6915758545587235,0.03956045048875365,12.593112031208864,0.05905225988163701,3.2425312607469565,13.275703768666324,3.1358412362356467,0.20652033985581875,2.081113282180813,0.003889065759798995,0.37747584885981694,1.3811517551284747,0.023049196890672835,79.25884667114997,0.3992984386821652,-0.4,1.9342696400420285,-0.002246663293251987,0.2856224982889315,-0.31788075023751255,-0.3961090704137757,-0.3474333527461165,1.3985521854050713,-0.01536099264212837,0.06807322324106121,Electrical Equipment & Parts,Industrials,AYI
2007Q4,2007,Q4,2007-10-30,2007-08-31,51453000.0,692970000.0,84137000.0,1.2,297879000.0,0.4298584354301052,1612508000.0,671966000.0,867985000.0,470396000.0,940542000.0,192070000.0,313850000.0,2195278820.0,2343785820.0,16.082282267908003,1.8452218981453925,0.23027668699938234,0.5525919466163467,0.05283935389093816,16.082282267908003,0.07657083840551457,3.167927644775387,10.666427710726293,3.2669492504085023,0.1298272209589334,2.057015671369813,0.003042893658492091,0.4297467051326257,1.2998877541475693,0.03190867890267831,20.7616900422747,0.4298584354301052,0.3636363636363636,2.318161443656187,0.3322142544651208,0.6560727284625532,0.08916100536026385,0.33035991312441826,0.24767553940831913,0.953565851271696,0.25004650253759064,0.4287002714773087,Electrical Equipment & Parts,Industrials,AYI
2007Q3,2007,Q3,2007-07-10,2007-05-31,38676000.0,647826000.0,67435000.0,0.88,273494000.0,0.4221720029761078,1536122000.0,639603000.0,836883000.0,425875000.0,896519000.0,206082000.0,269077000.0,2602091310.0,2795313310.0,14.922726954574088,1.965090695626651,0.24191633216632533,0.5810057176092045,0.04264600751733664,14.922726954574088,0.06046875952739433,4.016651554584102,16.819806275209434,4.068291283811989,0.17232909297755714,1.816422589066488,0.002561401275345714,0.42172822210735866,1.3202841209275022,0.02517768770970014,48.41100111627907,0.4221720029761078,0.5999999999999999,1.5581385493574742,0.23006812328558274,0.5779910583874874,0.1419278335880285,0.5878150915510305,0.4976237008083859,1.1050028615346004,0.19326077516536386,0.4084995230535996,Electrical Equipment & Parts,Industrials,AYI
2007Q2,2007,Q2,2007-04-04,2007-02-28,24358000.0,575384000.0,45028000.0,0.55,239502000.0,0.41624723662806057,1436435000.0,590919000.0,743335000.0,376311000.0,845516000.0,209482000.0,237066000.0,2355661280.0,2604262280.0,13.889596652877021,1.9753209446441906,0.25873499322976673,0.6289457607557043,0.030649757736327013,13.889596652877021,0.04122053953249092,4.094068100607594,24.177490762788405,3.986436855135814,0.2681254618605797,1.6033931316294479,0.0027724699028036834,0.40056389603427933,1.226777851298527,0.01695725876910546,155.68444121340295,0.41624723662806057,-0.2857142857142857,1.238142251853887,0.19209907217138592,0.5099479339464974,-0.07534611494181871,-0.2743468287305985,-0.2537001740283418,1.5168998220182426,0.15254376372229908,0.33893903273328957,Electrical Equipment & Parts,Industrials,AYI
2007Q1,2007,Q1,2007-01-04,2006-11-30,33567000.0,614488000.0,60335000.0,0.77,259018000.0,0.4215184023121688,1421900000.0,561821000.0,722285000.0,385193000.0,860079000.0,211886000.0,219238000.0,,,,,,,,,,,,,,,,,,,,,,,,,,,,,,,Electrical Equipment & Parts,Industrials,AYI
