Quarters,Year,Quarter,FillingDate,Date,NetIncome,Revenue,OperatingIncome,EPSDiluted,GrossProfit,GrossProfitRatio,TotalAssets,CommonStockEquity,CurrentAssets,CurrentLiability,TotalLiability,Inventory,RetainedEarnings,MarketCap,EnterpriseValue,bookValuePerShare,currentRatio,debtToAssets,debtToEquity,roic,shareholdersEquityPerShare,roe,priceToSalesRatio,peRatio,pbRatio,payoutRatio,inventoryTurnover,dividendYield,assetTurnover,quickRatio,returnOnAssets,priceToFreeCashFlowsRatio,grossProfitMargin,epsdilutedGrowth,fiveYNetIncomeGrowthPerShare,fiveYRevenueGrowthPerShare,fiveYShareholdersEquityGrowthPerShare,grossProfitGrowth,netIncomeGrowth,operatingIncomeGrowth,threeYNetIncomeGrowthPerShare,threeYRevenueGrowthPerShare,threeYShareholdersEquityGrowthPerShare,Industry,Sector,Symbol
2023Q1,2023,Q1,2023-05-04,2023-03-31,80000000.0,15388000000.0,507000000.0,0.0179,15388000000.0,1.0,674266000000.0,32194000000.0,325186000000.0,168000000.0,641843000000.0,0.0,39957000000.0,44567448000.0,44060448000.0,41.8538741549662,1935.6309523809523,0.02662005795932169,0.5575262471267938,0.0033441322797344345,41.8538741549662,0.002484935081071007,2.896246945671952,139.273275,1.3843401876125985,5.6875,0.0,0.01020924509745319,0.022821853689790082,1935.6309523809523,0.0001186475367288281,21.997753208292202,1.0,-0.9892168674698795,-0.9140160339055223,0.3997559537639866,-0.23004034386202296,-0.05687668546212307,-0.9404318689501117,-0.7429006085192698,-0.9783833099572277,-0.0012696062184376978,-0.45516830627512284,Insurance—Life,Financial Services,MET
2022Q4,2022,Q4,2023-02-23,2022-12-31,1343000000.0,16316000000.0,1972000000.0,1.66,16316000000.0,1.0,666611000000.0,27040000000.0,296975000000.0,217000000.0,639324000000.0,0.0,41953000000.0,56383352221.18,54168352221.18,34.70678352581013,1368.5483870967741,0.026972252183057287,0.6649408284023669,0.03413926307473973,34.70678352581013,0.04966715976331361,3.455709256017406,10.495784106697693,2.085183144274408,0.31422189128816086,0.0,0.007484478722453091,0.024476043749653096,1471.9493087557603,0.0020146682247967704,22.250730947584845,1.0,3.048780487804878,-0.23801503621792186,0.37820411932136866,-0.37744751412988,-0.2673551863493489,2.4,2.019908116385911,1.6705623097748044,0.12229820321571769,-0.5179438494018843,Insurance—Life,Financial Services,MET
2022Q3,2022,Q3,2022-11-03,2022-09-30,395000000.0,22270000000.0,653000000.0,0.41,22270000000.0,1.0,650104000000.0,25076000000.0,292965000000.0,377000000.0,624774000000.0,0.0,41032000000.0,48368724000.0,44029724000.0,31.510429756220155,777.0954907161804,0.027474065687951466,0.7122746849577285,0.014518690674236992,31.510429756220155,0.01575211357473281,2.1719229456668163,30.6131164556962,1.9288851491465944,1.1746835443037975,0.0,0.009592975824625847,0.03425605749233969,838.4376657824934,0.0006075950924775113,11.306387096774193,1.0,2.1538461538461537,7.509615295114165,0.8459915206847874,-0.4097836595896485,0.4316019542298791,1.9924242424242424,1.9954128440366972,-0.7887305791301771,0.3927784106735972,-0.5715525464927707,Insurance—Life,Financial Services,MET
2022Q2,2022,Q2,2022-08-04,2022-06-30,132000000.0,15556000000.0,218000000.0,0.13,15556000000.0,1.0,662893000000.0,37101000000.0,325812000000.0,196000000.0,625526000000.0,0.0,41101000000.0,50081304000.0,46563304000.0,46.51579739217653,1662.3061224489795,0.025690420625953208,0.45901727716234064,-0.27788143577617264,46.51579739217653,0.003557855583407455,3.219420416559527,94.85095454545454,1.3498639928842888,3.3106060606060606,0.0,0.008725811133032798,0.023466834013935883,1662.3061224489795,0.0001991271592851335,11.284656151419558,1.0,-0.8395061728395061,-0.7989329980892905,0.21465759993811526,-0.28071461523003965,12.421915444348576,-0.8041543026706232,-0.7680851063829788,-0.9100558424267633,0.054707759329884365,-0.3102561079989745,Insurance—Life,Financial Services,MET
2022Q1,2022,Q1,2022-05-05,2022-03-31,674000000.0,1159000000.0,940000000.0,0.81,1159000000.0,1.0,724284000000.0,53965000000.0,364678000000.0,323000000.0,670047000000.0,0.0,41406000000.0,57896664000.0,51735664000.0,65.50740470988104,1129.0340557275542,0.0239229363067526,0.3210784767905124,0.012429135135750185,65.50740470988104,0.012489576577411286,49.953981018119066,21.4750237388724,1.0728558139534883,0.6824925816023739,0.0,0.007945190071745756,0.0016002010261168271,1129.0340557275542,0.0009305741946529262,29.62981780962129,1.0,-0.4335664335664335,0.08005010736873419,-0.9057054413722937,0.05152842078720857,-0.9395283314202233,-0.4434351775392238,-0.8843219296086635,-0.43333106553600265,-0.9174521561630082,0.07090930634605302,Insurance—Life,Financial Services,MET
2021Q4,2021,Q4,2022-02-18,2021-12-31,1211000000.0,19166000000.0,8126000000.0,1.43,19166000000.0,1.0,759441000000.0,67482000000.0,384830000000.0,341000000.0,691959000000.0,0.0,41197000000.0,52372869000.0,49755869000.0,80.51783796682973,1128.533724340176,0.022951091658206496,0.25829109984884857,0.08873781154134604,80.51783796682973,0.017945526214397912,2.7325925597412084,10.81190524360033,0.776101315906464,0.3583815028901734,0.0,0.0082867333466112,0.025236983518140316,1128.533724340176,0.0015945939184215758,9.807653370786516,1.0,-0.19209039548022602,1.761358934938131,1.0834552625955358,0.31610520630385347,0.25851992908267124,-0.23547979797979798,0.0,-0.31472193855212055,0.43135521997166887,0.4965896846643632,Insurance—Life,Financial Services,MET
2021Q3,2021,Q3,2021-11-09,2021-09-30,1584000000.0,15229000000.0,0.0,1.77,15229000000.0,1.0,761664000000.0,69050000000.0,0.0,346000000.0,692331000000.0,0.0,40426000000.0,52772977000.0,51327977000.0,80.7696806644052,0.0,0.022990452482984623,0.2535988414192614,0.0,80.7696806644052,0.022939898624185374,3.4652949635563726,8.329068339646465,0.7642719333816075,0.3005050505050505,0.0,0.009019767825491446,0.019994380724308883,1112.6011560693642,0.0020796571716662467,15.052189674843126,1.0,-0.5378590078328982,2.5338986813299536,0.10613689657717086,0.13541416819326474,-0.039603960396039604,-0.5350748459054887,0.0,1.0044975575475124,0.07900176689963732,0.5436499057154358,Insurance—Life,Financial Services,MET
2021Q2,2021,Q2,2021-08-06,2021-06-30,3407000000.0,15857000000.0,0.0,3.83,15857000000.0,1.0,773253000000.0,69138000000.0,0.0,393000000.0,703830000000.0,0.0,39318000000.0,52267005000.0,45295005000.0,79.16867055994504,0.0,0.023362340656938933,0.26128901617055744,0.0,79.16867055994504,0.04927825508403483,3.2961471274515985,3.83526599647784,0.75598086435824,0.13384208981508658,0.0,0.00872443332079196,0.020506871618991455,986.7150127226463,0.004406061146869136,23.188555900621118,1.0,10.606060606060606,38.0235793177394,0.31059871827148955,0.10015645836784412,0.11043417366946778,8.516759776536313,0.0,3.446862096543382,-0.12953404518670894,0.49914608208901584,Insurance—Life,Financial Services,MET
2021Q1,2021,Q1,2021-05-06,2021-03-31,358000000.0,14280000000.0,0.0,0.33,14280000000.0,1.0,29579000000.0,65864000000.0,19635000000.0,8872000000.0,703677000000.0,0.0,36373000000.0,53392597118.25,51721597118.25,74.98928271146873,2.213142470694319,0.6073227627708847,0.27274383578282524,0.0,74.98928271146873,0.005435442730474918,3.7389773892331934,37.28533318313548,0.8106491728144358,1.329608938547486,0.0,0.008915093583962402,0.48277494168159846,42.41411181244364,0.012103181311065282,35.69023871540775,1.0,1.3948966928653852,-0.7961444676526118,-0.029061544462935268,0.08938571308195031,-0.2754579126287483,1.2658227848101267,0.0,-0.6630225140947994,0.13759775383599634,0.3795311305418303,Insurance—Life,Financial Services,MET
2020Q4,2020,Q4,2021-02-19,2020-12-31,158000000.0,19709000000.0,0.0,0.137793,19709000000.0,1.0,29907000000.0,74558000000.0,19795000000.0,11401000000.0,720329000000.0,0.0,36491000000.0,42250305000.0,40604305000.0,82.85142793643737,1.7362512060345583,0.6068478951416056,0.2434212291102229,0.0,82.85142793643737,0.002119155556747767,2.14370617484398,66.85174841772152,0.5666770165508732,2.8417721518987342,0.0,0.010627142218263276,0.6590095964155549,34.76695026752039,0.005283044103387167,8.199166504948574,1.0,-0.8002999999999999,-0.7661314886306312,0.42749231517783975,0.35454018888560956,0.2767377081039062,-0.7762039660056658,0.0,-0.9223885952328738,0.4413269426331905,0.4861464295981378,Insurance—Life,Financial Services,MET
2020Q3,2020,Q3,2020-11-09,2020-09-30,706000000.0,15437000000.0,0.0,0.69,15437000000.0,1.0,780492000000.0,73316000000.0,0.0,351000000.0,706923000000.0,0.0,36782000000.0,33776379000.0,27413379000.0,80.68229338615605,0.0,0.023116188250488154,0.2460854383763435,0.0,80.68229338615605,0.009629548802444213,2.1880144458120103,11.960474150141645,0.46069587811664575,0.6770538243626062,0.0,0.014151901836487565,0.01977854994029407,1147.4586894586894,0.0009045576380026958,8.90492459794358,1.0,8.857142857142854,-0.27738026270664634,0.05417772823502068,0.28044789682382315,0.09490034754237889,3.8689655172413793,0.0,11.189346604225001,0.12061335964628721,0.5112459051400637,Insurance—Life,Financial Services,MET
2020Q2,2020,Q2,2020-08-07,2020-06-30,145000000.0,14099000000.0,0.0,0.07,14099000000.0,1.0,767583000000.0,75693000000.0,0.0,674226000000.0,691643000000.0,0.0,36568000000.0,33189376000.000004,26867376000.000004,83.28895246478874,0.0,0.023407240650196788,0.23736673140184694,0.0,83.28895246478874,0.001915632885471576,2.3540234059153136,57.223062068965525,0.43847351802676604,3.420689655172414,0.0,0.014944541289357172,0.018368046191747343,0.5791633665862782,0.0001889046526564554,39.23094089834516,1.0,-0.9852631578947367,-0.8400482773321544,0.072708008613975,0.3419489321409234,-0.2299836155106499,-0.9670304683947248,0.0,-0.8061562958065134,-0.03381325573038119,0.28791785972475853,Insurance—Life,Financial Services,MET
2020Q1,2020,Q1,2020-05-08,2020-03-31,4398000000.0,18310000000.0,0.0,4.75,18310000000.0,1.0,737741000000.0,70221000000.0,0.0,649859000000.0,667278000000.0,0.0,36919000000.0,27944037000.0,21809037000.0,76.81982277650148,0.0,0.02434323156771821,0.25574970450435053,0.0,76.81982277650148,0.06263083692912377,1.5261625887493173,1.5884513983628923,0.3979441620028196,0.09913597089586175,0.0,0.015602613180049825,0.024819008296949743,0.5815615387337869,0.00596144175259339,15.12941905793178,1.0,7.189655172413794,1.5097631697170648,0.20515668447718935,0.17223904703141824,0.06807443271306073,6.416526138279933,0.0,5.351368511559419,0.34251645979671635,0.23311597043232224,Insurance—Life,Financial Services,MET
2019Q4,2019,Q4,2020-02-21,2019-12-31,593000000.0,17143000000.0,0.0,0.58,17143000000.0,1.0,740463000000.0,66144000000.0,731155000000.0,657703000000.0,674081000000.0,0.0,33078000000.0,46826139000.0,47079139000.0,71.99738761293132,1.1116795878990973,0.02275738288071112,0.2547623367198839,0.0,71.99738761293132,0.00896528785679729,2.7315020124832294,19.74120531197302,0.7079423530478954,0.7807757166947723,0.0,0.009887639892753063,0.023151730741441504,0.5606041024596208,0.0008008502788120406,9.038050376375217,1.0,-0.7478260869565216,-0.5196477571321624,0.1047296124216212,0.1310263700203595,-0.08218224649320055,-0.7284798534798534,0.0,1.3401121316269409,0.7000498061098693,0.1768340913064678,Insurance—Life,Financial Services,MET
2019Q3,2019,Q3,2019-11-05,2019-09-30,2184000000.0,18678000000.0,0.0,2.3,18678000000.0,1.0,742812000000.0,68368000000.0,26549000000.0,657852000000.0,674193000000.0,0.0,32948000000.0,43839936000.0,41121936000.0,73.54561101549054,0.04035710159731976,0.02252790746514596,0.2447636321085888,0.0,73.54561101549054,0.03194476948279897,2.3471429489238678,5.018307692307692,0.6412347296981044,0.20375457875457875,0.0,0.010150562263594546,0.025144989580136022,0.5620717121784231,0.0029401786723962458,10.574031837916063,1.0,0.2994350282485875,0.26232436910967655,0.19951641057338929,0.16864863997639148,0.06749728524889981,0.25445146467547386,0.0,3.480956755966674,0.2476336092145887,0.03386231155694934,Insurance—Life,Financial Services,MET
2019Q2,2019,Q2,2019-08-06,2019-06-30,1741000000.0,17497000000.0,0.0,1.77,17497000000.0,1.0,732167000000.0,63811000000.0,337124000000.0,651861000000.0,668121000000.0,0.0,31209000000.0,47773638000.0,45991638000.0,67.43923060663707,0.517171605603035,0.02274481095159984,0.26097381329237906,0.0,67.43923060663707,0.02728369716819984,2.7303902383265704,6.860085870189547,0.7486740217203931,0.273406088454911,0.0,0.00996365401353776,0.0238975534270187,0.5529660464424164,0.0023778728077064387,20.014092165898617,1.0,0.2642857142857144,0.48829184349326105,0.11856227575015056,0.070736243153185,0.07330388909336277,0.2606806661839247,0.0,17.40493361003824,0.334728152899407,-0.06284007834801189,Insurance—Life,Financial Services,MET
2019Q1,2019,Q1,2019-05-08,2019-03-31,1381000000.0,16302000000.0,0.0,1.4,16302000000.0,1.0,713188000000.0,58509000000.0,22599000000.0,638681000000.0,654450000000.0,0.0,29944000000.0,42210345000.0,43991345000.0,61.16989022477784,0.035383861426909524,0.022836895741375346,0.2783674306516946,0.0,61.16989022477784,0.023603206344323096,2.589274015458226,7.641264482259233,0.7214333692252474,0.3164373642288197,0.0,0.01035291230147491,0.022857928063848523,0.5449590640711091,0.0019363758223638087,20.371788127413126,1.0,-0.3137254901960785,0.22516902424124088,0.12415529437465664,0.04827320317379097,0.040863235857489466,-0.331881954523464,0.0,-0.27790043636013,0.017813746789101765,-0.11137162442183507,Insurance—Life,Financial Services,MET
2018Q4,2018,Q4,2019-02-22,2018-12-31,2067000000.0,15662000000.0,0.0,2.04,15662000000.0,1.0,687538000000.0,52741000000.0,23340000000.0,618821000000.0,634580000000.0,0.0,28926000000.0,40251118000.0,40674118000.0,53.800877282464555,0.03771688420399437,0.023626330471915733,0.3079956769875429,0.0,53.800877282464555,0.03919152082819818,2.569985825565062,4.868301644895984,0.7631845812555696,0.22835026608611514,0.0,0.01172638235787637,0.022779831805660195,0.5456618311272565,0.0030063792837632247,30.938599538816295,1.0,1.3181818181818183,1.6094321346382774,-0.027355901176240423,-0.017821295431491215,-0.03849223402296028,1.2664473684210527,0.0,1.8086032245304444,0.04133785970858971,-0.12040803289099358,Insurance—Life,Financial Services,MET
2018Q3,2018,Q3,2018-11-08,2018-09-30,912000000.0,16289000000.0,0.0,0.88,16289000000.0,1.0,698451000000.0,51625000000.0,21412000000.0,630272000000.0,646642000000.0,0.0,27331000000.0,46145343107.130005,50499343107.130005,52.32383351001525,0.03397263403736799,0.02411622289895784,0.3262760290556901,0.0,52.32383351001525,0.017665859564164648,2.832914427351587,12.649490983314145,0.8938565250775788,0.49451754385964913,0.0,0.009773467258721394,0.023321607385485884,0.5432273685012186,0.0013057465734890494,13.061234958146052,1.0,0.06024096385542174,0.05072977061223924,0.11656646030621791,-0.051116850571735935,-0.23110691527023838,0.02356902356902357,0.0,-0.14027416960918554,0.02448445778790818,-0.1696078561996502,Insurance—Life,Financial Services,MET
2018Q2,2018,Q2,2018-08-07,2018-06-30,891000000.0,21185000000.0,0.0,0.83,21185000000.0,1.0,706333000000.0,53633000000.0,23677000000.0,635018000000.0,652501000000.0,0.0,26870000000.0,44280160000.0,46129160000.0,52.80917684127609,0.03728555725979421,0.02571166857558687,0.3386161505043537,0.0,52.80917684127609,0.016612906233102753,2.090165683266462,12.424287317620651,0.8256140808830384,0.531986531986532,0.0,0.010704568366509968,0.02999293534352777,0.5450302196158219,0.0012614446726968724,7.895891583452211,1.0,-0.3025210084033613,0.9187309446734527,0.4567612931168623,-0.03372839267974895,0.430935494765282,-0.28890662410215484,0.0,-0.12048297677310199,0.4423388678615332,-0.149140235623068,Insurance—Life,Financial Services,MET
2018Q1,2018,Q1,2018-05-08,2018-03-31,1253000000.0,14805000000.0,0.0,1.19,14805000000.0,1.0,712584000000.0,56310000000.0,22686000000.0,637422000000.0,656076000000.0,0.0,26453000000.0,47537451000.0,52988451000.0,54.35852881552273,0.03559023692310589,0.02719398695452045,0.3441307050257503,0.0,54.35852881552273,0.022251820280589592,3.2109051671732525,9.484726855546688,0.8442097496004263,0.33679169992019153,0.0,0.008877211359102952,0.020776497928665254,0.5383042944862273,0.0017583891863976737,36.68013194444445,1.0,-0.44392523364485986,0.34562286921819074,-0.1134531966159706,-0.07485073300625465,-0.0742824985931345,-0.4737505249895002,0.0,-0.36903617052361465,-0.14011681334892945,-0.1705111035972083,Insurance—Life,Financial Services,MET
2017Q4,2017,Q4,2018-03-01,2017-12-31,2381000000.0,15993000000.0,0.0,2.14,15993000000.0,1.0,719892000000.0,58676000000.0,21095000000.0,642386000000.0,661022000000.0,0.0,26527000000.0,53214400000.0,59820400000.0,55.74916864608076,0.03283851142459518,0.02681930067287871,0.32904424296134704,0.0,55.74916864608076,0.04057877155907015,3.3273557181266806,5.587400251994961,0.9069193537391779,0.19613607727845442,0.0,0.00877582007877567,0.022215832374856227,0.5408554980961603,0.003307440560528524,25.958243902439026,1.0,27.13006422623263,18.43382647240354,-0.04355754329096128,-0.05633030281175257,-0.006892697466467959,30.395061728395063,0.0,0.6835116914269114,-0.10039736372977887,-0.12422128168849575,Insurance—Life,Financial Services,MET
2017Q3,2017,Q3,2017-11-06,2017-09-30,-81000000.0,16104000000.0,0.0,-0.081898,16104000000.0,1.0,720515000000.0,56714000000.0,23932000000.0,643969000000.0,663571000000.0,0.0,24410000000.0,55186485000.0,62209485000.0,53.38793184599454,0.037163279598862675,0.027821766375439788,0.3534577000387911,0.0,53.38793184599454,-0.0014282187819585992,3.4268805886736216,-170.32865740740743,0.973066350460204,-39.82716049382716,0.0,0.05845634125819029,0.02235067972214319,0.5442824111098515,-0.0001124195887663685,11.657474651457541,1.0,-1.106361038961039,0.9148785387349273,-0.021697218050929664,-0.11227111405354992,-0.06616410553783705,-1.091628959276018,0.0,-1.0409687095659603,-0.0949792882712937,-0.15165931615099992,Insurance—Life,Financial Services,MET
2017Q2,2017,Q2,2017-08-04,2017-06-30,884000000.0,17245000000.0,0.0,0.77,17245000000.0,1.0,925199000000.0,69455000000.0,28466000000.0,833067000000.0,855530000000.0,0.0,35270000000.0,59005560000.0,64598560000.0,64.66945996275605,0.034170120770598285,0.024764402036751013,0.32988265783600895,0.0,64.66945996275605,0.01272766539485998,3.421603943171934,16.687092760180995,0.8495509322582967,0.5395927601809954,0.0,0.008083983949987087,0.01863923328927074,0.5024181728480422,0.0009554701204821882,17.349473684210526,1.0,0.02666666666666669,-0.6181502172563625,-0.0707864013637624,0.1033165724825557,0.059991394676993055,0.07021791767554479,0.0,-0.3342360764618794,-0.0287334376473797,0.026760447656294085,Insurance—Life,Financial Services,MET
2017Q1,2017,Q1,2017-05-05,2017-03-31,826000000.0,16269000000.0,0.0,0.75,16269000000.0,1.0,914687000000.0,67929000000.0,31363000000.0,827078000000.0,846579000000.0,0.0,34863000000.0,57594928000.0,60123928000.0,62.29732208363903,0.03792024452349113,0.021799806928490293,0.2935417862768479,0.0,62.29732208363903,0.012159755038348864,3.5401639928698754,17.431878934624695,0.8478695108127604,0.5363196125907991,0.0,0.007691649514693377,0.01778641218252801,0.4984112743900817,0.0009030411495954354,27.4523012392755,1.0,1.3865979381443299,6.5988105791962175,-0.0022881096501313476,0.13017829566728636,0.34721762172904935,1.3955938697318007,0.0,-0.35719165178689816,-0.015885995554144196,0.06759409130528339,Insurance—Life,Financial Services,MET
2016Q4,2016,Q4,2017-03-01,2016-12-31,-2088000000.0,12076000000.0,0.0,-1.94,12076000000.0,1.0,898764000000.0,67309000000.0,29675000000.0,811845000000.0,831284000000.0,0.0,34480000000.0,59289778000.0,61325778000.0,61.178876567896744,0.03655254389692614,0.022155983105687366,0.29584453787754983,0.0,61.178876567896744,-0.03102111158983197,4.909719940377609,-7.09887188697318,0.8808595878708643,-0.23275862068965517,0.0,0.008197028499583857,0.013436230200586584,0.49993656424563804,-0.0023231905149738974,10.504921686746988,1.0,-4.803921568627452,-2.7472903636897725,-0.3023616054172729,0.08889540162905338,-0.31862551486768603,-4.618717504332755,0.0,-3.348677493159033,-0.33178348821771764,0.11687007293463474,Insurance—Life,Financial Services,MET
2016Q3,2016,Q3,2016-11-03,2016-09-30,577000000.0,17723000000.0,0.0,0.51,17723000000.0,1.0,952904000000.0,78286000000.0,31735000000.0,854897000000.0,874438000000.0,0.0,37054000000.0,48895215000.0,52934215000.0,71.13675601999091,0.03712143100279917,0.020906618085347526,0.25447717344097287,0.0,71.13675601999091,0.0073704110568939525,2.758856570558032,21.185101819757364,0.6245716347750556,0.7746967071057193,0.0,0.009141998864306047,0.018598935464642818,0.5233928765687562,0.0006055174498165607,16.699185450819673,1.0,7.76800880239315,-0.8448156274329394,-0.16541261450804737,0.2497379984820436,0.16262135922330098,4.245454545454545,0.0,-0.404005194047599,0.0891754784234614,0.2900520578148925,Insurance—Life,Financial Services,MET
2016Q2,2016,Q2,2016-08-05,2016-06-30,110000000.0,15244000000.0,0.0,0.058166,15244000000.0,1.0,942567000000.0,79179000000.0,30789000000.0,843634000000.0,863194000000.0,0.0,36924000000.0,43824949000.0,46614949000.0,71.96128328637644,0.03649568414739093,0.021066937416650486,0.2507861933088319,0.0,71.96128328637644,0.0013892572525543388,2.8748982550511677,99.60215681818181,0.5534920749188548,4.427272727272728,0.0,0.011112391710940726,0.016172855616629907,0.526095439491533,0.0001167025792330943,10.213225122349103,1.0,-0.9706232323232323,-0.9145430228589821,-0.14580041380964479,0.4273616287546843,-0.17300493679813378,-0.9500227169468424,0.0,-0.7813544513213165,-0.03245662286285237,0.31670571338287584,Insurance—Life,Financial Services,MET
2016Q1,2016,Q1,2016-05-06,2016-03-31,2201000000.0,18433000000.0,0.0,1.98,18433000000.0,1.0,917428000000.0,75775000000.0,29109000000.0,820570000000.0,841463000000.0,0.0,37301000000.0,48369152000.0,56262152000.0,68.83630087209302,0.035474121647147715,0.023089550351635225,0.27955130320026395,0.0,68.83630087209302,0.02904651930056087,2.624052080507785,5.493997273966379,0.638325991421973,0.19036801453884597,0.0,0.008662545913560776,0.020092039920298923,0.5218738194182093,0.002399098348862254,24.627877800407333,1.0,1.66231654676259,1.098995425080332,0.11137515326026426,0.45930651882503193,0.08149495423609482,1.6390887290167866,0.0,1.224342926700552,0.038720473423101164,0.17155218660355062,Insurance—Life,Financial Services,MET
2015Q4,2015,Q4,2016-02-25,2015-12-31,834000000.0,17044000000.0,0.0,0.7437132156233279,17044000000.0,1.0,877933000000.0,67949000000.0,26039000000.0,788767000000.0,809514000000.0,0.0,35519000000.0,53556489000.0,62121489000.0,61.16572148708254,0.033012283728908534,0.024280896150389607,0.3137205845560641,0.0,61.16572148708254,0.012273911315839822,3.142248826566534,16.054103417266187,0.7881865663953849,0.5611510791366906,0.0,0.008738436905376675,0.019413782145106744,0.5066603952751573,0.0009499585959293021,11.637655149934812,1.0,-0.29838375884591706,8.668855783906258,0.2622078261143045,0.3284534456837123,-0.054739060506904774,-0.30673316708229426,0.0,5.449293082221055,-0.03428812381292962,0.03535602908176587,Insurance—Life,Financial Services,MET
2015Q3,2015,Q3,2015-11-05,2015-09-30,1203000000.0,18031000000.0,0.0,1.06,18031000000.0,1.0,882460000000.0,70503000000.0,29360000000.0,792008000000.0,811472000000.0,0.0,35153000000.0,52756135000.0,62589135000.0,63.010992939494145,0.037070332622902796,0.02271944337420393,0.28437087783498577,0.0,63.010992939494145,0.01706310369771499,2.925857412234485,10.963452826267664,0.7482821298384466,0.3541147132169576,0.0,0.008074890247361752,0.020432654171293883,0.5125680548681326,0.00136323459420257,19.99095680181887,1.0,0.15217391304347827,2.0856827206846464,0.18453465563317165,0.23118117447649425,0.11536558208585922,0.07892376681614349,0.0,2.2002607007893533,0.03995667700811597,0.0477401283480033,Insurance—Life,Financial Services,MET
2015Q2,2015,Q2,2015-08-06,2015-06-30,1115000000.0,16166000000.0,0.0,0.92,16166000000.0,1.0,898409000000.0,69377000000.0,26658000000.0,809069000000.0,828512000000.0,0.0,34376000000.0,62585622000.0,74574622000.0,62.065664698514944,0.03294898210165017,0.022331699704700197,0.28918805944333137,0.0,62.065664698514944,0.016071608746414518,3.8714352344426572,14.03265067264574,0.9021090851434913,0.4044843049327354,0.0,0.0072061279506018166,0.017994031671543807,0.49757190054247535,0.0012410828475671993,14.89424607329843,1.0,-0.5080213903743316,-0.4729645087584303,-0.1648523915801548,0.29672700898908566,-0.13597006948156065,-0.4833178869323448,0.0,-0.5372405179642084,-0.16305848899420022,0.058893587227331734,Insurance—Life,Financial Services,MET
2015Q1,2015,Q1,2015-05-08,2015-03-31,2158000000.0,18710000000.0,0.0,1.87,18710000000.0,1.0,919790000000.0,73770000000.0,26555000000.0,825113000000.0,845476000000.0,0.0,33754000000.0,56904135000.0,69784135000.0,65.53255751976548,0.032183470627659486,0.022838908881375096,0.2847634539785821,0.0,65.53255751976548,0.029253083909448287,3.0413754676643507,6.592230653382762,0.7713723058153721,0.19647822057460612,0.0,0.007451128112218911,0.020341599712977963,0.5047005682857985,0.0023461877167614345,21.18545606850335,1.0,0.4384615384615385,0.8811981935625951,0.03252025533636452,0.49945322648309765,-0.021392332234949525,0.4188034188034188,0.0,15.168711073603584,0.11142779373178482,0.1888709127652541,Insurance—Life,Financial Services,MET
2014Q4,2014,Q4,2015-02-27,2014-12-31,1521000000.0,19119000000.0,0.0,1.3,19119000000.0,1.0,902337000000.0,72053000000.0,23549000000.0,810805000000.0,829777000000.0,0.0,32020000000.0,61224471000.00001,69995471000.0,63.65668345260182,0.02904397481515284,0.021698101707011905,0.271730531691949,0.0,63.65668345260182,0.021109461091141243,3.202284167581987,10.063193786982248,0.8497143907956644,0.28205128205128205,0.0,0.0070070021511496605,0.021188314343754053,0.506569397080679,0.00168562299894607,11.283536859565059,1.0,-0.281767955801105,2.4408316952938645,0.12149932164581123,0.5748268891998404,0.014485832537408469,-0.27363896848137537,0.0,0.23716430804560173,0.07358398300318209,0.13299677573463745,Insurance—Life,Financial Services,MET
2014Q3,2014,Q3,2014-11-06,2014-09-30,2094000000.0,18846000000.0,0.0,1.81,18846000000.0,1.0,908627000000.0,70805000000.0,389153000000.0,818240000000.0,837328000000.0,0.0,30928000000.0,60440372000.0,71339372000.0,62.93218380588392,0.47559762416894796,0.02166125373778239,0.2779747192994845,0.0,62.93218380588392,0.02957418261422216,3.2070663270720576,7.21589923591213,0.8536172869147659,0.2029608404966571,0.0,0.007031723762388491,0.020741184226310685,0.5091366836136098,0.0023045760251456317,15.001333333333333,1.0,0.5470085470085472,3.4467412616684965,0.3335432936227985,0.4968498115159177,0.03175298368553597,0.5329428989751098,0.0,-0.44913171313862,-0.13193411712595707,0.10559921241794486,Insurance—Life,Financial Services,MET
2014Q2,2014,Q2,2014-08-08,2014-06-30,1366000000.0,18266000000.0,0.0,1.17,18266000000.0,1.0,911120000000.0,69591000000.0,386749000000.0,821553000000.0,840946000000.0,0.0,29259000000.0,61388244000.0,74071244000.0,62.98398045071952,0.4707535606345543,0.022034419176398277,0.28848558003190067,0.0,62.98398045071952,0.019628975011136498,3.360792948647761,11.235037335285506,0.8821290684140191,0.3118594436310395,0.0,0.006939439414491152,0.02004785319167618,0.5044202869443603,0.0014992536658178944,13.835529411764705,1.0,0.026315789473684237,1.724497968445321,0.6431701567158432,0.895991073474555,0.06912496341820311,0.0286144578313253,0.0,0.05680213035590044,0.019276495015603676,0.24929563253928327,Insurance—Life,Financial Services,MET
2014Q1,2014,Q1,2014-05-08,2014-03-31,1328000000.0,17085000000.0,0.0,1.14,17085000000.0,1.0,890903000000.0,65758000000.0,376242000000.0,805159000000.0,824571000000.0,0.0,28319000000.0,59500320000.0,71013320000.0,58.3530038157778,0.46728906961233746,0.02254566434280724,0.3054533288725326,0.0,58.3530038157778,0.02019526141306001,3.4826057945566284,11.201114457831324,0.9048377383740381,0.2567771084337349,0.0,0.005731061614458544,0.019177171925563164,0.5021045532621508,0.0014906224358880822,23.953429951690822,1.0,0.4288920704845814,2.7399444468352883,0.20074825626786205,1.0429912949193092,-0.0743850904756745,0.46255506607929514,0.0,0.23712210359812913,0.006242566741981047,0.2370641330599045,Insurance—Life,Financial Services,MET
2013Q4,2013,Q4,2014-02-27,2013-12-31,908000000.0,18458000000.0,0.0,0.7978209296195413,18458000000.0,1.0,885296000000.0,61553000000.0,370472000000.0,801925000000.0,823200000000.0,0.0,27332000000.0,60589904000.0,75025904000.0,54.77707573195693,0.46197836456027686,0.024874166380510022,0.357756729972544,0.0,54.77707573195693,0.014751514954591977,3.2825822949398633,16.6822422907489,0.9843533865124365,0.3766519823788546,0.0,0.005644504734650182,0.02084952377509895,0.4950438008541946,0.0010256456597567368,9.856825117943712,1.0,8.18238760697398,-0.3362531365950683,-0.04282439527194698,0.8673733235595169,0.12982799779641305,-0.06584362139917696,0.0,9.406854108878118,0.3513522548924285,0.1896989560723766,Insurance—Life,Financial Services,MET
2013Q3,2013,Q3,2013-11-07,2013-09-30,972000000.0,16337000000.0,0.0,0.086886,16337000000.0,1.0,822643000000.0,60927000000.0,373363000000.0,740271000000.0,761375000000.0,0.0,26766000000.0,51875055000.0,62044055000.0,55.142546836817814,0.5043598898241319,0.026189975481466444,0.3536199057888949,0.0,55.142546836817814,0.015953518144664926,3.175310950602926,13.342349537037038,0.8514296617263283,0.3425925925925926,0.0,0.006419270302460403,0.019859161264363764,0.5397226150963633,0.001181557492132067,19.428859550561796,1.0,-0.7974690035687562,-0.00017747659128811014,-0.20863230431874832,0.4185576014418606,0.03918325806246422,0.9362549800796812,0.0,1.524760612633482,0.08684739113023712,0.07743843432795583,Insurance—Life,Financial Services,MET
2013Q2,2013,Q2,2013-08-07,2013-06-30,502000000.0,15721000000.0,0.0,0.429001,15721000000.0,1.0,815662000000.0,60003000000.0,806215000000.0,733889000000.0,755254000000.0,0.0,25824000000.0,51096266000.0,63782266000.0,54.65251844430276,1.0985516883343394,0.026812576778126235,0.36448177591120445,0.0,54.65251844430276,0.008366248354248955,3.250191845302462,25.446347609561755,0.8515618552405714,0.6633466135458167,0.0,0.006517110271815165,0.01927391493044913,0.5521298179969996,0.0006154510078929753,11.15395459506658,1.0,-0.5197016187626774,-0.6554593137427267,-0.2557612313119431,0.1972090837308665,-0.11095402363852287,-0.4908722109533469,0.0,-0.7584149629323875,-0.17312063292931304,0.1418454490135712,Insurance—Life,Financial Services,MET
2013Q1,2013,Q1,2013-05-07,2013-03-31,986000000.0,17683000000.0,0.0,0.8931968475405381,17683000000.0,1.0,841685000000.0,64450000000.0,831989000000.0,755321000000.0,776813000000.0,0.0,25958000000.0,41287316000.0,53318316000.0,58.75649557844835,1.1015038639201082,0.026154677818898995,0.34156710628394105,0.0,58.75649557844835,0.015298681148176882,2.334859243341062,10.468386409736308,0.6406100232738557,0.2363083164300203,0.0,0.0056433796762182355,0.02100904732768197,0.5615758068423888,0.0011714596315723815,15.106957921697768,1.0,9.15077162433987,0.0036702764918868035,-0.10463381705701351,0.2882830600034951,0.020192696013384873,6.7637795275590555,0.0,-0.1179043970143403,0.0014663682181454182,0.3444098659719078,Insurance—Life,Financial Services,MET
2012Q4,2012,Q4,2013-02-27,2012-12-31,127000000.0,17333000000.0,0.0,0.087993,17333000000.0,1.0,836781000000.0,64453000000.0,826828000000.0,750074000000.0,771944000000.0,0.0,25205000000.0,35937540000.0,42520540000.0,59.07699358386801,1.1023285702477355,0.026674840848441825,0.34631436860968456,0.0,59.07699358386801,0.0019704280638604874,2.0733594876824553,70.74318897637795,0.5575774595441639,6.6299212598425195,0.0,0.023429539139295567,0.02071390244281359,0.5751899145950933,0.00015177208851539412,19.197403846153847,1.0,1.0987845943396226,-0.9246655959525734,-0.16830189940002174,0.21504142899069884,0.05029388596012846,1.1331236897274632,0.0,-0.7019279555940651,0.054850440035157384,0.46152820069923317,Insurance—Life,Financial Services,MET
2012Q3,2012,Q3,2012-11-07,2012-09-30,-954000000.0,16503000000.0,0.0,-0.8907563025210085,16503000000.0,1.0,846285000000.0,64049000000.0,836261000000.0,759423000000.0,781735000000.0,0.0,25920000000.0,36561450000.0,46720450000.0,60.139906103286386,1.1011794480809773,0.03203294398459148,0.4232540711018127,0.0,60.139906103286386,-0.014894846133429094,2.2154426467914923,-9.581092767295596,0.5708356102359131,-0.031446540880503145,0.0,0.0008205363846346357,0.019500522873500063,0.07185323594360456,-0.0011272798170828976,11.475659133709982,1.0,-1.665069095408654,-1.6559743865927656,-0.11427538364319964,0.2915767826533753,-0.1030003261224046,-1.415686274509804,0.0,-0.17760939065879153,0.2336510975784772,0.4304351394027526,Insurance—Life,Financial Services,MET
2012Q2,2012,Q2,2012-08-07,2012-06-30,2295000000.0,18398000000.0,0.0,1.339344,18398000000.0,1.0,825188000000.0,62406000000.0,813365000000.0,740711000000.0,762364000000.0,0.0,26904000000.0,32845995000.0,38982995000.0,58.61369399830938,1.0980868381865532,0.02686902863347504,0.3552863506714098,0.0,58.61369399830938,0.03677531006633977,1.7853024785302751,3.577995098039216,0.5263275165849438,0.013507625272331155,0.0,0.0009437984752783406,0.02229552538330659,0.07902542287072827,0.0027811844088862173,5.177489754098361,1.0,10.960440900000002,0.37665803882604615,-0.029053921763171172,0.29745469993234747,0.15594370444835387,16.9375,0.0,2.263178956399685,0.7175343019259749,0.7644334290862389,Insurance—Life,Financial Services,MET
2012Q1,2012,Q1,2012-05-08,2012-03-31,-144000000.0,15916000000.0,0.0,-0.1344663367261182,15916000000.0,1.0,819604000000.0,58666000000.0,807701000000.0,734357000000.0,760480000000.0,0.0,24640000000.0,39751605000.0,47766605000.0,55.12167621911115,1.0998751288542221,0.0325547459504834,0.4548119864998466,0.0,55.12167621911115,-0.0024545733474244024,2.4975876476501635,-69.013203125,0.677591876044046,-0.20833333333333334,0.0,0.0007546865088843582,0.019419134118427925,0.07384283121152246,-0.0001756946037354625,6.903717436609934,1.0,-1.1237997596692109,-1.0998296845905615,-0.13092236691836362,0.21407425960817753,-0.049507315616601974,-1.1245674740484428,0.0,0.800234210457372,0.1843831733755983,0.9298596012731027,Insurance—Life,Financial Services,MET
2011Q4,2011,Q4,2012-02-28,2011-12-31,1156000000.0,16745000000.0,0.0,1.0861599173165462,16745000000.0,1.0,799625000000.0,59797000000.0,787690000000.0,711823000000.0,739349000000.0,0.0,27289000000.0,33184874000.0,50293874000.0,56.18434651883867,1.1065812709058291,0.03447866187275285,0.4610599193939495,0.0,56.18434651883867,0.01933207351539375,1.9817780830098537,7.176659602076124,0.5549588440891684,0.7076124567474048,0.0,0.024649784718182147,0.020941066124745975,0.0705962015838207,0.0014456776614037831,26.5478992,1.0,-0.6738258506556919,-0.7890151430446567,-0.0843081917659221,0.24740233961547936,-0.1814937921595464,-0.6772752652149637,0.0,-0.10780294355766831,-0.08319188175267292,0.915347770740794,Insurance—Life,Financial Services,MET
2011Q3,2011,Q3,2011-11-04,2011-09-30,3582000000.0,20458000000.0,0.0,3.33,20458000000.0,1.0,785230000000.0,60348000000.0,0.0,696937000000.0,724355000000.0,0.0,26951000000.0,29696202000.0,53388202000.0,56.92133559705716,0.0,0.042908447206550945,0.5583117916086697,0.0,56.92133559705716,0.05935573672698349,1.4515691660963925,2.0725992462311558,0.4920826207993637,0.008375209380234505,0.0,0.0010102301971140956,0.026053512983457077,0.07038082351776416,0.004561720769710786,13.215933244325768,1.0,1.946902654867257,1.4942021701507302,0.17244164858950647,0.3732347303574423,0.1928862973760933,1.8957154405820533,0.0,2.8398778238337785,0.03277176666697965,0.46431744500991445,Insurance—Life,Financial Services,MET
2011Q2,2011,Q2,2011-08-05,2011-06-30,1237000000.0,17150000000.0,0.0,1.13,17150000000.0,1.0,771483000000.0,53309000000.0,759447000000.0,686713000000.0,717650000000.0,0.0,23399000000.0,46387747907.96,73619747907.95999,50.41559324329026,1.1059161542012457,0.04777811047035385,0.6914404697143072,0.0,50.41559324329026,0.02320433697874655,2.7048249509014575,9.37505010265966,0.8701672870989888,0.025060630557801132,0.0,0.000668279910063935,0.02222991303761716,0.06278751093979582,0.0016034053893604914,14.091053434981774,1.0,0.4487179487179485,0.3709475322889921,0.08288175223332665,0.38734109765486563,0.07780291603821016,0.22962226640159045,0.0,-0.11847704062195874,-0.15700814739991326,0.10439569686179041,Insurance—Life,Financial Services,MET
2011Q1,2011,Q1,2011-05-10,2011-03-31,1006000000.0,15912000000.0,0.0,0.78,15912000000.0,1.0,751341000000.0,49816000000.0,739395000000.0,669783000000.0,700992000000.0,0.0,22193000000.0,47238570761.759995,73210570761.76,47.17055668847208,1.1039321690756558,0.04879808236206995,0.7359884374498153,0.0,47.17055668847208,0.02019431507949253,2.968738735656108,11.739207445765407,0.9482610157732455,0.02982107355864811,0.0,0.0006350742521677909,0.021178133497306816,0.05946552838755239,0.0013389393098473263,13.492879394961438,1.0,9.04566291902439,-0.031387908979704435,-0.012126719402251709,0.2542286730111676,0.23954194905351717,11.268292682926829,0.0,0.06360731118262151,-0.1631671963285504,0.034252102928054515,Insurance—Life,Financial Services,MET
2010Q4,2010,Q4,2011-02-25,2010-12-31,82000000.0,12837000000.0,0.0,0.07764544821853844,12837000000.0,1.0,730906000000.0,48625000000.0,719125000000.0,651504000000.0,681793000000.0,0.0,21363000000.0,46932306833.28,70266306833.28,46.04280389788331,1.1037921486284044,0.04977384232719392,0.7481748071979435,0.0,46.04280389788331,0.001686375321336761,3.656018293470437,143.0863013209756,0.9651888294761953,9.939024390243903,0.0,0.017365436625460702,0.017563133973452126,0.06486990102900365,0.00011218952915970043,16.74359858483054,1.0,-0.7537855566277634,-0.9168159379080142,-0.20034161572369266,0.20177788653183878,0.04044415626519695,-0.740506329113924,0.0,-0.9497506569820791,-0.3636699784819014,-0.05303383180116491,Insurance—Life,Financial Services,MET
2010Q3,2010,Q3,2010-11-04,2010-09-30,316000000.0,12338000000.0,0.0,0.315357,12338000000.0,1.0,617255000000.0,46415000000.0,877819000000.0,543137000000.0,570840000000.0,0.0,22096000000.0,34870674004.65,50151674004.65,51.179301832881585,1.6162018054376703,0.04821346121133081,0.64117203490251,0.0,51.179301832881585,0.006808143918991706,2.8262825421178475,27.5875585479826,0.7512802758731014,0.0949367088607595,0.0,0.0008603217705513665,0.0199884974605309,0.027013442280676883,0.0005119440101740771,22.21062038512739,1.0,-0.8286103260869566,-0.6587116839445638,-0.14248194231420108,0.34749948913354317,-0.13393233188263373,-0.7970456005138086,0.0,-0.7448408186383448,-0.2223822035174303,0.0991370336733366,Insurance—Life,Financial Services,MET
2010Q2,2010,Q2,2010-08-02,2010-06-30,1557000000.0,14246000000.0,0.0,1.84,14246000000.0,1.0,573907000000.0,39375000000.0,820255000000.0,510694000000.0,534183000000.0,0.0,21820000000.0,31063450723.199997,50375450723.2,47.86332379002475,1.606157503319013,0.05229767192245433,0.7622603174603174,0.0,47.86332379002475,0.039542857142857143,2.1805033499368243,4.987708850867052,0.7889130342399999,0.01991008349389852,0.0,0.0009979573833002202,0.024822837149573014,0.07563237476845235,0.0027129831139888518,33.47354603793103,1.0,0.8969072164948455,-0.3794581719339669,0.16417234336257605,0.25059617688589053,0.0800606520090978,0.8646706586826347,0.0,0.2087640615754073,-0.026968323165975777,0.05948781197005846,Insurance—Life,Financial Services,MET
2010Q1,2010,Q1,2010-05-05,2010-03-31,835000000.0,13190000000.0,0.0,0.97,13190000000.0,1.0,565566000000.0,35811000000.0,560517000000.0,506387000000.0,529387000000.0,0.0,20294000000.0,35512493010.060005,55293493010.060005,43.704302583328484,1.1068945292829397,0.05124600842342008,0.8093323280556254,0.0,43.704302583328484,0.02331685794867499,2.6923800614147084,10.632482937143713,0.9916643771483623,0.03592814371257485,0.0,0.0008447731335420912,0.023321769696198143,0.06867277398511415,0.0014763970960064785,13.177177369224491,1.0,1.48378505853125,-0.2395171531092635,0.15180969982310022,0.3973068065109878,0.06879507333279312,1.609375,0.0,-0.24810795461484378,-0.06450548420195634,-0.037397400804189525,Insurance—Life,Financial Services,MET
2009Q4,2009,Q4,2010-02-26,2009-12-31,320000000.0,12341000000.0,0.0,0.3905329878156185,12341000000.0,1.0,539314000000.0,33121000000.0,534267000000.0,489782000000.0,505816000000.0,0.0,19501000000.0,28965542868.15,36176542868.15,40.42138465450344,1.0908261226423184,0.032120434477873744,0.5230216478971046,0.0,40.42138465450344,0.009661544035506174,2.3470985226602386,22.629330365742188,0.8745370872905408,2.003125,0.0,0.02212974232583199,0.022882773300897066,0.07259147947454174,0.0005933463622305374,57.24415586590909,1.0,1.4919232989653712,-0.4370767606970711,0.1035061799889756,0.3044630502944584,0.20541121312756397,1.5161290322580645,0.0,-0.9241395808692804,-0.12343053650299182,-0.10256623218678237,Insurance—Life,Financial Services,MET
2009Q3,2009,Q3,2009-11-04,2009-09-30,-620000000.0,10238000000.0,0.0,-0.79389,10238000000.0,1.0,535192000000.0,34268000000.0,530159000000.0,484531000000.0,500599000000.0,0.0,19822000000.0,31029663048.66,39288663048.66,42.04308496531797,1.0941694133089523,0.04450926022810505,0.6951383214660908,0.0,42.04308496531797,-0.018092681218629624,3.0308324915667124,-12.511960906717743,0.9054996804208008,-0.04838709677419355,0.0,0.0009668168150248585,0.01912958340184457,0.08116302156105595,-0.0011584627572908414,7.462641425844156,1.0,0.5437413793103448,-1.817927025558105,-0.06579288176006827,0.36754274995391045,0.2385676264214856,0.557774607703281,0.0,-1.5615538095842298,-0.23680273473818883,0.014294971123769155,Insurance—Life,Financial Services,MET
2009Q2,2009,Q2,2009-08-04,2009-06-30,-1402000000.0,8266000000.0,0.0,-1.74,8266000000.0,1.0,509457000000.0,27293000000.0,504421000000.0,466533000000.0,481845000000.0,0.0,20472000000.0,24656047343.800003,37128047343.8,33.21955537232375,1.0812118328178286,0.050416423760984735,0.9410837943795113,0.0,33.21955537232375,-0.05136848276114755,2.982826922792161,-4.396584761733239,0.9033835541640715,-0.02211126961483595,0.0,0.0012572980400199973,0.01622511811595483,0.08158050984603447,-0.0027519496247965973,-87.74394072526691,1.0,-1.4507042253521127,-2.354315998740641,-0.21059985480201027,0.17129836723233308,-0.1908770555990603,-1.5583941605839415,0.0,-2.999757536709388,-0.3282765558870752,-0.08586111064001314,Insurance—Life,Financial Services,MET
2009Q1,2009,Q1,2009-05-07,2009-03-31,-548000000.0,10216000000.0,0.0,-0.71,10216000000.0,1.0,491408000000.0,23110000000.0,486398000000.0,454565000000.0,467979000000.0,0.0,21829000000.0,18423251264.88,23852251264.88,28.562531793892216,1.0700295887276847,0.05057508221274379,1.0754218952834271,0.0,28.562531793892216,-0.02371267849415837,1.803372285129209,-8.40476791281022,0.7971982373379489,-0.05474452554744526,0.0,0.0016283770746365817,0.02078924234037704,0.1074301805022384,-0.0011151629603099664,-15.895816449421917,1.0,-1.5832105383147208,-1.9815856999528068,0.00709283969976608,-0.027990338696012182,-0.2642419877565718,-1.5563451776649746,0.0,-1.6886952223061675,-0.17214941575334694,-0.24054433814965637,Insurance—Life,Financial Services,MET
2008Q4,2008,Q4,2009-03-02,2008-12-31,985000000.0,13885000000.0,0.0,1.2173991266544282,13885000000.0,1.0,501678000000.0,23734000000.0,496670000000.0,464519000000.0,477944000000.0,0.0,22403000000.0,28205293767.84,20082293767.84,29.333757230473296,1.0692135305552626,0.03206040527988072,0.6776775933260302,0.0,29.333757230473296,0.04150164321226932,2.031349929264674,7.158704001989848,1.1883919174113087,0.63248730964467,0.0,0.022088052162404767,0.027677115600046244,0.11852690632675951,0.0019634107933774255,7.397139724059795,1.0,0.4667459357282268,0.3163384457531688,0.3346544236622606,0.05130917359741248,0.037898041560771416,0.5634920634920635,0.0,0.3042387785221466,0.1289675117059041,-0.23435026140758372,Insurance—Life,Financial Services,MET
2008Q3,2008,Q3,2008-11-07,2008-09-30,630000000.0,13378000000.0,0.0,0.83,13378000000.0,1.0,521299000000.0,27833000000.0,516263000000.0,478896000000.0,493466000000.0,0.0,22041000000.0,40096660296.0,40695660296.0,38.872264884252445,1.0780273796398383,0.03991567219580318,0.7476017676858405,0.0,38.872264884252445,0.02263500161678583,2.9972088724772012,15.911373133333335,1.4406158263931303,0.047619047619047616,0.0,0.0007481919885231131,0.025662815390016094,0.08487020146336574,0.0012085194868971549,28.3368624,1.0,-0.3412698412698413,0.17316503749328105,0.6219970677933798,0.4231160031152251,-0.024571636893911775,-0.33403805496828753,0.0,-0.13817574844077146,0.1776968771015738,0.023467597194549904,Insurance—Life,Financial Services,MET
2008Q2,2008,Q2,2008-08-04,2008-06-30,946000000.0,13715000000.0,0.0,1.26,13715000000.0,1.0,555787000000.0,32541000000.0,550626000000.0,509926000000.0,523246000000.0,0.0,21441000000.0,37616450494.920006,45189450494.920006,45.649936328572565,1.0798155026415597,0.03848236824538897,0.6572631449555945,0.0,45.649936328572565,0.02907101810024277,2.742723331747722,9.940922435232558,1.1559709441910206,0.03276955602536998,0.0,0.0008241075272156916,0.024676719678581902,0.06117946525574299,0.0017020909089273408,19.955676655129977,1.0,0.5000000000000001,0.6798609176451267,0.5910757429215111,0.625134224828528,0.05281338757964228,0.45987654320987653,0.0,-0.5648884833781459,0.2934425495432983,0.1927637139879385,Insurance—Life,Financial Services,MET
2008Q1,2008,Q1,2008-05-09,2008-03-31,648000000.0,13027000000.0,0.0,0.84,13027000000.0,1.0,557132000000.0,32999000000.0,552038000000.0,511427000000.0,524133000000.0,0.0,20526000000.0,43599882367.119995,47483882367.119995,45.60837396890785,1.0794072272289106,0.02648923414917829,0.4472256735052577,0.0,45.60837396890785,0.019636958695718052,3.346885880641744,16.82094227126543,1.3212485944155883,0.05092592592592592,0.0,0.0007568827760160726,0.023382250525907686,0.05569514319736737,0.0011630995886073678,12.14481402983844,1.0,-0.4563821949194991,0.8277750113446934,0.5878599612749583,0.867861286055248,-0.05744880978221547,-0.4203935599284436,0.0,-0.33163451075482964,0.2882982392397579,0.4581834650980936,Insurance—Life,Financial Services,MET
2007Q4,2007,Q4,2008-02-28,2007-12-31,1118000000.0,13821000000.0,0.0,1.5452032515300151,13821000000.0,1.0,558562000000.0,35179000000.0,553652000000.0,510795000000.0,523383000000.0,0.0,19884000000.0,44583882367.439995,48984882367.439995,48.621382098009306,1.0839025440734542,0.026441111282185327,0.419824327013275,0.0,48.621382098009306,0.03178032348844481,3.2258072764228345,9.969562246744186,1.2673436529588675,0.5152057245080501,0.0,0.012919467067781827,0.02474389593277022,0.054078446343445025,0.002001568312917814,-7.773998669126416,1.0,0.19783197793024426,1.0348633158694212,0.6034807338654335,1.0661654504665916,0.05867483722711605,0.0971540726202159,0.0,1.2272915396928414,0.39958715632891867,0.5690901472875518,Insurance—Life,Financial Services,MET
2007Q3,2007,Q3,2007-11-05,2007-09-30,1019000000.0,13055000000.0,0.0,1.29,13055000000.0,1.0,563077000000.0,34746000000.0,558168000000.0,516534000000.0,528331000000.0,0.0,19342000000.0,52719886348.65,62388886348.65,46.56316752592659,1.0806026321597417,0.03249289173594375,0.5265642088297934,0.0,46.56316752592659,0.02932711679042192,4.038290796526235,12.934221380924926,1.5172936841262303,0.033366045142296366,0.0,0.0006449179304968406,0.023185106122253264,0.052083696329767254,0.001809699206325245,18.957168769741102,1.0,-0.12837837837837834,1.9054541517705739,0.5028673441982521,0.9028603782356618,-0.0124063847492246,-0.12381771281169389,0.0,0.4683477981112084,0.3011782844229511,0.514568262949747,Insurance—Life,Financial Services,MET
2007Q2,2007,Q2,2007-08-03,2007-06-30,1163000000.0,13219000000.0,0.0,1.48,13219000000.0,1.0,552564000000.0,33555000000.0,547660000000.0,502732000000.0,519009000000.0,0.0,18357000000.0,47893368427.840004,59142368427.840004,45.17590787668012,1.0893676949149844,0.03212840503543481,0.5290716733720757,0.0,45.17590787668012,0.03465951423036805,3.623070461293593,10.295221072192607,1.4273094450257786,0.029234737747205503,0.0,0.0007099103929435895,0.02392302068176718,0.04886102336831553,0.0021047335693240962,20.581593651843576,1.0,0.15624999999999997,1.8468636776923213,0.513860991938902,0.9689922917954759,0.02377633209417596,0.14355948869223206,0.0,0.24267858950901705,0.3963925059411863,0.5928710225386828,Insurance—Life,Financial Services,MET
2007Q1,2007,Q1,2007-05-04,2007-03-31,1017000000.0,12912000000.0,0.0,1.28,12912000000.0,1.0,537809000000.0,34069000000.0,532912000000.0,489622000000.0,503740000000.0,0.0,17228000000.0,47386603028.85,58334603028.85,45.40222789741112,1.088415144744313,0.03252641737122287,0.5134579823299774,0.0,45.40222789741112,0.029851184361149433,3.669966157748606,11.648624146718289,1.3909009078296986,0.03343166175024582,0.0,0.0007175023704336868,0.024008523472087675,0.05026122192221755,0.0018910059147392475,26.122713907855566,1.0,-0.7513620116179135,1.9463266843387255,0.5379804481956888,1.119612466212389,0.0014736678817963236,-0.736733108982656,0.0,0.9642177891180581,0.3724709599739614,0.5450802638737393,Insurance—Life,Financial Services,MET
