Year,Date,FillingDate,NetIncome,Revenue,OperatingIncome,EPSDiluted,GrossProfit,GrossProfitRatio,TotalAssets,CommonStockEquity,CurrentAssets,CurrentLiability,TotalLiability,Inventory,RetainedEarnings,EnterpriseValue,bookValuePerShare,currentRatio,debtToAssets,debtToEquity,roic,shareholdersEquityPerShare,roe,priceToSalesRatio,peRatio,pbRatio,payoutRatio,inventoryTurnover,dividendYield,assetTurnover,quickRatio,returnOnAssets,priceToFreeCashFlowsRatio,grossProfitMargin,epsdilutedGrowth,fiveYNetIncomeGrowthPerShare,fiveYRevenueGrowthPerShare,fiveYShareholdersEquityGrowthPerShare,grossProfitGrowth,netIncomeGrowth,operatingIncomeGrowth,threeYNetIncomeGrowthPerShare,threeYRevenueGrowthPerShare,threeYShareholdersEquityGrowthPerShare,Industry,Sector,Price,MarketCap,AvgVolume,Symbol
2022,2022-12-31,2023-02-21,202129000.0,660116000.0,267531000.0,1.44,520812000.0,0.7889704234,1841511000.0,169798000.0,739013000.0,130789000.0,1671713000.0,100123000.0,143217000.0,9058328600.0,1.2408143579550437,5.650421671547301,0.8178609848108428,8.869951353961767,0.1296280102359271,1.2408143579550437,1.1904086031637593,11.795538359924619,38.52205076955805,45.85698064759302,0.0,1.3913286657411383,0.0,0.35846432630595204,4.540641797093028,0.10976258083714949,33.09147301317467,0.7889704233801332,-0.47445255474452563,2.199905395549991,1.0784549605512392,-0.1876282411820109,0.43911665473877926,-0.49807802140498125,-0.03034048321505462,3.951064708035595,2.552300990902437,0.9515664520164931,Biotechnology,Healthcare,37.25,4905080000,1172173,HALO
2021,2021-12-31,2022-02-22,402710000.0,443310000.0,275902000.0,2.74,361897000.0,0.8163519885,1104429000.0,196953000.0,926287000.0,117147000.0,907476000.0,53908000.0,-58912000.0,6413330660.0,1.400345548398106,7.907048409263575,0.7937803154390187,4.451183784963925,0.4164242268228201,1.400345548398106,2.044701020040314,12.75715788048995,14.043295820813984,28.714341289546237,0.0,1.5102211174593752,0.0,0.4013929369837264,7.101308612256396,0.36463185954008814,18.978853357406294,0.8163519884505199,2.010989010989011,4.556465856643728,1.749568101181713,6.51688118454528,0.613976015377274,2.1197273114614403,0.9125992166649336,6.118452500672331,1.9804541359452552,-0.19205012554123102,Biotechnology,Healthcare,37.25,4905080000,1172173,HALO
2020,2020-12-31,2021-02-23,129085000.0,267594000.0,144255000.0,0.91,224227000.0,0.837937323,579924000.0,151047000.0,554764000.0,421385000.0,428877000.0,60747000.0,-474593000.0,6066883260.0,1.108959957711114,1.3165252678666777,0.6849656161841896,2.6298304501247958,0.26266546031246907,1.108959957711114,0.8546015478625858,21.739494383282135,45.066105744277024,38.51356372519812,0.0,0.713895336395213,0.0,0.4614294286837586,1.1052671547397273,0.2225895117291231,109.86512294617563,0.8379373229594087,2.8200000000000003,4.7255988038416605,0.8431189291252713,2.2677425633579613,0.4904151655743589,2.786890919158361,3.133634077799142,1.0531175322756257,-0.15350138631640586,-0.27395444328252944,Biotechnology,Healthcare,37.25,4905080000,1172173,HALO
2019,2019-12-31,2020-02-24,-72240000.0,195992000.0,-67610000.0,-0.5,150446000.0,0.7676129638,565874000.0,91765000.0,543436000.0,85637000.0,474109000.0,29359000.0,-603678000.0,2841361170.0,0.6358043082124868,6.345808470637691,0.7114428300292998,4.387151964256525,-0.13674407421929244,0.6358043082124868,-0.7872282460633139,13.056416435364708,-35.422939784053156,27.88593875660655,0.0,1.5513471167274089,0.0,0.34635272163061037,5.613274635963427,-0.12766092805112092,-28.603480433251736,0.7676129637944406,0.10714285714285723,0.10187670326592196,1.2115811561002325,0.886410102887164,0.06152717214907639,0.10070957301132827,0.024808885042550122,0.37830446309650756,0.1845927765787618,3.504850912721365,Biotechnology,Healthcare,37.25,4905080000,1172173,HALO
2018,2018-12-31,2019-02-21,-80330000.0,151862000.0,-69330000.0,-0.56,141726000.0,0.9332551922139838,440248000.0,248887000.0,427849000.0,149361000.0,191361000.0,22625000.0,-531438000.0,2169297370.0,1.7332084485268002,2.864529562603357,0.2870654721884029,0.5077806394066383,-0.18599180027410775,1.7332084485268002,-0.3227569137801492,13.833963532680986,-26.152786879123614,8.44099277985592,0.0,0.448,0.0,0.3449464847086188,2.57450740153052,-0.18246533771874035,-38.78761091520041,0.9332551922139838,-2.2444444444444445,0.24407015992042155,1.176965586242584,10.780326583982182,-0.503518869477792,-2.2756665766781534,-1.85590479247426,-1.199089459206854,-0.007864643737401724,4.107198847929944,Biotechnology,Healthcare,37.25,4905080000,1172173,HALO
2017,2017-12-31,2018-02-20,62971000.0,316613000.0,81002000.0,0.45,285461000.0,0.9016085884028767,519945000.0,208366000.0,510372000.0,131328000.0,311579000.0,5146000.0,-522371000.0,2797459940.0,1.5273972100660465,3.886239035087719,0.38917770148765735,0.9711325264198574,0.2015776808066597,1.5273972100660465,0.3022134129368515,8.72942342860211,43.89082180686348,13.2643950548554,0.0,6.053633890400311,0.0,0.6089355604919751,3.7413727461013644,0.12111088672840396,20.82732824427481,0.9016085884028767,1.5555555555555554,1.9574466179613133,5.090867438698294,2.472793141484547,1.5154073225536415,1.6112324432408298,1.9734647277971398,1.8282807260934575,2.779827843944438,3.531736402181351,Biotechnology,Healthcare,37.25,4905080000,1172173,HALO
2016,2016-12-31,2017-02-28,-103023000.0,146691000.0,-83210000.0,-0.81,113485000.0,0.7736330108868301,261515000.0,-32481000.0,256532000.0,54585000.0,293996000.0,14623000.0,-585342000.0,1414141320.0,-0.2538292019630521,4.699679399102317,0.8283310708754756,-6.669160432252702,-0.45703939903229823,-0.2538292019630521,3.171792740371294,8.618690444539883,-12.27186472923522,-38.923811459006814,0.0,2.270806264104493,0.0,0.5609276714528804,4.04252083905835,-0.3939468099344206,-23.62265171898356,0.7736330108868301,-2.24,-3.1768298552439216,1.096339482077779,-3.3884395835183194,0.0725154046799985,-2.1963947752164064,-2.0311088445286316,-0.08793142862885439,1.359769187945782,-0.4323334817922991,Biotechnology,Healthcare,37.25,4905080000,1172173,HALO
2015,2015-12-31,2016-02-29,-32231000.0,135057000.0,-27452000.0,-0.25,105812000.0,0.7834617976113789,181789000.0,42999000.0,171772000.0,62457000.0,138790000.0,9489000.0,-482658000.0,2202321320.0,0.33936576587953027,2.7502441679875753,0.27412549714229134,1.158933928696016,-0.2957169941399517,0.33936576587953027,-0.7495755715249192,16.2581748446952,-68.12634792590984,51.06584618246935,0.0,3.081989672252081,0.0,0.7429327407048831,2.253534431689002,-0.17729895648251545,-55.669708693557794,0.7834617976113789,0.5535714285714286,0.5491736709679539,6.382369786045589,0.5734388453731332,1.0115584958746815,0.5286142595978062,0.564502823783235,0.47236658023204575,1.797383696469116,-0.22839514408297143,Biotechnology,Healthcare,37.25,4905080000,1172173,HALO
2014,2014-12-31,2015-03-02,-68375000.0,75334000.0,-63036000.0,-0.56,52602000.0,0.6982504579605491,165977000.0,41352000.0,161321000.0,24331000.0,124625000.0,6406000.0,-450427000.0,1246663500.0,0.33704458391066916,6.630265915909745,0.3004030678949493,1.2057457922228672,-0.6910932772003684,0.33704458391066916,-1.6534871348423292,15.716124193591208,-17.31566361974406,28.63122702650416,0.0,3.548548236028723,0.0,0.45388216439627177,5.9501048045703016,-0.41195466841791334,-24.218764063331015,0.6982504579605491,0.24324324324324317,0.17207963379965102,2.8939597426867327,3.232963998877349,0.08337809821482967,0.18092732587080962,0.21629802715498245,-1.8912694825455112,0.12286569311574115,2.171465770671584,Biotechnology,Healthcare,37.25,4905080000,1172173,HALO
2013,2013-12-31,2014-02-28,-83478551.0,54799447.0,-80433637.0,-0.74,48553686.0,0.8860251089760085,101792592.0,-19990676.0,95195394.0,25453032.0,121783268.0,6169982.0,-382052199.0,1757514017.6100001,-0.1772137600563746,3.74004142217713,0.4889524475415657,-2.4897475703172818,-2.700831813883327,-0.1772137600563746,4.1758743426185285,30.857127638715042,-20.256143768115958,-84.58711104166763,0.0,1.0122818834803733,0.0,0.5383441557318828,3.1666061630692957,-0.8200847366181617,-32.74693783238402,0.8860251089760085,-0.5416666666666667,-0.21440969940289978,3.4256551589339046,-1.9199874651664068,0.1776064345642748,-0.5588315633839422,-0.49991548788237583,-0.31150720019588835,2.3644583653627027,-1.8216356569870271,Biotechnology,Healthcare,37.25,4905080000,1172173,HALO
2012,2012-12-31,2013-03-01,-53552002.0,42325226.0,-53625446.0,-0.48,41230826.0,0.9741430795904079,134728397.0,48853719.0,131027935.0,18946153.0,85874678.0,2670696.0,-298573648.0,676537790.55,0.4398180795223282,6.915806865910985,0.22015908049436675,0.6071529579969132,-0.670608121395105,0.4398180795223282,-1.0961704266567711,17.609530887088468,-13.917824669748109,15.256307806371916,0.0,0.40978082117919823,0.0,0.31415222731403836,6.101732156390799,-0.3974811783739994,-11.337177507135824,0.9741430795904079,-1.526315789473684,-0.49939558644107707,6.453143601094076,-0.4341778796365467,-0.26147486193546454,-1.7087711485534212,-1.7030397439056852,0.28377157619069,1.4164862569643422,4.523702754905646,Biotechnology,Healthcare,37.25,4905080000,1172173,HALO
2011,2011-12-31,2012-03-12,-19769851.0,56086436.0,-19838941.0,-0.19,55828602.0,0.9954029170261416,65758545.0,10900116.0,63987497.0,17301840.0,54858429.0,567263.0,-245021646.0,922577979.39,0.10627407271032827,3.698305902724797,0.0,0.0,,0.10627407271032827,-1.8137284961004085,17.391076630185594,-49.337929071392594,89.48560789536552,0.0,0.45452285800413567,0.0,0.8529147960922797,3.183938355689337,-0.3006430723185861,-27.726921290932843,0.9954029170261416,0.6607142857142857,0.18192211791879062,33.87389452449712,-0.7117204579814328,3.4172279527095544,0.6286769662472895,0.634356674467474,0.6836848698652633,3.981790769009636,-0.4482888081908379,Biotechnology,Healthcare,37.25,4905080000,1172173,HALO
2010,2010-12-31,2011-03-11,-53241650.0,13624115.0,-54257632.0,-0.56,12638832.0,0.9276809539555413,91345333.0,20351456.0,89498434.0,15343066.0,70993877.0,193422.0,-225251795.0,664057096.4,0.215684115641019,5.833151861564045,0.0,0.0,-2.6660319536842967,0.215684115641019,-2.616110120081826,54.852219347825525,-14.036246893174798,36.72036754520168,0.0,5.093955186069837,0.0,0.1491495465893151,5.578032187308586,-0.5828611955467938,-16.234622277304616,0.9276809539555413,0.16417910447761191,-1.138663076348286,56.112090864269376,-0.4039298329211588,-0.05393814429285596,0.08771122561735782,0.07185687702644587,-0.7548469774546966,1.8242018486467257,-0.7225242678216868,Biotechnology,Healthcare,37.25,4905080000,1172173,HALO
2009,2009-12-31,2010-03-12,-58360523.0,13671305.0,-58458260.0,-0.67,13359414.0,0.9771864500133675,77149759.0,6903389.0,74441743.0,14396949.0,70246370.0,1159551.0,-172010145.0,441465045.78000003,0.0796237775705295,5.170661019914705,0.0,0.0,-8.46805243048016,0.0796237775705295,-8.453894601622478,37.22611351147531,-8.720441929213006,73.72169694913615,0.0,0.268975663856096,0.0,0.17720476612247096,4.980806350012076,-0.7564576190056537,-12.231153204118907,0.9771864500133675,-0.09836065573770501,-1.6218614383557322,0.0,-0.8098004163331634,0.5844054927675714,-0.19949612159887783,-0.15908804219761227,-1.856897488416766,9.056267227836363,-0.7840121720526692,Biotechnology,Healthcare,37.25,4905080000,1172173,HALO
2008,2008-12-31,2009-03-13,-48654199.0,8764139.0,-50434702.0,-0.61,8431815.0,0.9620813864316848,76562713.0,15379996.0,74012788.0,14218418.0,61182717.0,441323.0,-113649622.0,383408853.2,0.1926262767333686,5.205416523835493,0.0,0.0,-3.274999613995797,0.1926262767333686,-3.1634727993427307,51.017533975670624,-9.189849352981845,29.071838458215463,0.0,0.7530176310774648,0.0,0.11447006847837275,4.9921387878735874,-0.6354816475743225,-12.23872438769256,0.9620813864316848,-0.9062499999999999,-62.1500500906306,34.000325849151785,155.87944105910836,1.3690916110064029,-1.0360657181107125,-0.7916281041912054,-1.3096587789137089,42.41758337943646,-0.4676530693278472,Biotechnology,Healthcare,37.25,4905080000,1172173,HALO
TTM,,,,,,,,,,,,,,,,6303077000.0,0.4876802417294319,6.6908800139253035,0.8793331007086422,22.693697798025816,0.12612799916203912,0.4876802417294319,1.1609657883383135,6.9577576668841665,27.69140341121804,76.3820159453303,0.07423087934109979,1.4746142614000985,0.0,0.41482905909981305,5.118539148598223,0.10687947314626464,18.60945443508612,0.7750971658770461,,,,,,,,,,,Biotechnology,Healthcare,37.25,4905080000,1172173,HALO
