Year,Date,FillingDate,NetIncome,Revenue,OperatingIncome,EPSDiluted,GrossProfit,GrossProfitRatio,TotalAssets,CommonStockEquity,CurrentAssets,CurrentLiability,TotalLiability,Inventory,RetainedEarnings,EnterpriseValue,bookValuePerShare,currentRatio,debtToAssets,debtToEquity,roic,shareholdersEquityPerShare,roe,priceToSalesRatio,peRatio,pbRatio,payoutRatio,inventoryTurnover,dividendYield,assetTurnover,quickRatio,returnOnAssets,priceToFreeCashFlowsRatio,grossProfitMargin,epsdilutedGrowth,fiveYNetIncomeGrowthPerShare,fiveYRevenueGrowthPerShare,fiveYShareholdersEquityGrowthPerShare,grossProfitGrowth,netIncomeGrowth,operatingIncomeGrowth,threeYNetIncomeGrowthPerShare,threeYRevenueGrowthPerShare,threeYShareholdersEquityGrowthPerShare,Industry,Sector,Price,MarketCap,AvgVolume,Symbol
2022,2022-12-31,2022-12-31,579247000.0,1210528000.0,512986000.0,19.2,517302000.0,0.4273358402,4895704000.0,2342963000.0,310424000.0,617740000.0,2552741000.0,32667000.0,0.0,1800313502.8400002,77.66184372261138,0.5025156214588662,0.2399953101739811,0.5014786831887657,0.16851641135405201,77.66184372261138,0.24722840266790386,0.6469751239459145,1.352068293560433,0.33426968451486433,0.010639675302591122,21.220987540943458,0.00786918482835909,0.24726331493897508,0.3974779033250235,0.11831740644450726,-7.5133251742629925,0.4273358402283962,-0.13978494623655918,12.636550909262098,0.7338127130633949,41.17741779415898,0.5059387263178733,0.12216720329493633,0.06244796348227341,3.104526949493526,0.9810204784746851,0.0,Marine Shipping,Industrials,22.74,686393256,96009,NMM
2021,2021-12-31,2021-12-31,516186000.0,713175000.0,482834000.0,22.32,343508000.0,0.4816601816,3623299000.0,-53776000.0,226340000.0,395505000.0,1853574000.0,21072000.0,0.0,1465665929.1599998,-2.377331111614493,0.5722810078254383,0.2918856544822826,-19.666561291282356,0.4446190154599595,-2.377331111614493,-9.598817316274918,0.7957989682195814,1.0994950059862143,-10.55385170261827,0.008940575683958884,17.54304290053151,0.008131529143181012,0.19683029195216845,0.4773871379628576,0.1424629874597708,-332.48033342706503,0.48166018158236057,3.772670807453416,3.453728998488476,-0.06495771784771397,0.0,5.175535739968359,6.734635381949073,22.07433110732836,19.881652220936274,0.4749614730948909,0.0,Marine Shipping,Industrials,22.74,686393256,96009,NMM
2020,2020-12-31,2020-12-31,-90012000.0,226771000.0,-22911000.0,-8.05,55624000.0,0.2452870958,1207269000.0,0.0,60780000.0,51417000.0,552439000.0,4505000.0,0.0,581358888.0,0.0,1.1820993056771107,0.41206060952447215,0.0,-0.0589244243705612,0.0,0.0,0.5522306114979428,-1.39125769897347,0.0,-0.0874550059992001,37.99045504994451,0.06286039319942537,0.18783800462034558,0.667755800610693,-0.07455836271783671,11.401118718135468,0.2452870957926719,0.11732456140350862,-2.11809862839134,-0.47352705445809146,0.0,-0.2924955482065632,0.08907644665735624,-2.157121212121212,-3.878975713743981,-0.12363984584172252,1.0,Marine Shipping,Industrials,22.74,686393256,96009,NMM
2019,2019-12-31,2019-12-31,-98814000.0,219379000.0,19800000.0,-9.12,78620000.0,0.3583752319,1253517000.0,0.0,75990000.0,79784000.0,525498000.0,6281000.0,0.0,592939456.58,0.0,0.9524466058357566,0.3307661563425147,0.0,0.0734306375799676,0.0,0.0,0.9192878834346041,-2.04092999554719,0.0,-0.13712631813305806,22.410284986467122,0.06718815365163634,0.17501078964226252,0.7329665095758549,-0.07882940558444759,4.318837942864485,0.35837523190460346,-6.60003800019,-1.6540026517446513,-0.5219659052247875,0.0,-0.10610332908859378,-6.554009632291109,-0.7150833165453133,0.018996033519679715,-0.39929381857359453,0.0,Marine Shipping,Industrials,22.74,686393256,96009,NMM
2018,2018-12-31,2019-04-09,-13081000.0,231361000.0,69494000.0,-1.199994,87952000.0,0.3801505007326213,1314133000.0,0.0,111112000.0,52333000.0,537380000.0,1004000.0,0.0,562979060.9449999,0.0,2.1231727590621596,0.36804874392470166,0.0,0.14368209401135082,0.0,0.0,0.5960557783939384,-10.542317937848788,0.0,-0.7844201513645745,142.83764940239044,0.07440680085622986,0.17605600042004882,2.0322167657118837,-0.009954091404751269,-2.7342386578039495,0.3801505007326213,0.2727273829206444,-1.0959177550797334,-0.4948381026102522,0.0,0.45973577640576246,0.1331345261762757,0.6128014110329782,-1.1678560808124294,-0.4451250409480163,0.0,Marine Shipping,Industrials,22.74,686393256,96009,NMM
2017,2017-12-31,2018-04-04,-15090000.0,211652000.0,43089000.0,-1.649992,60252000.0,0.28467484361121087,1305302000.0,-17678000.0,60306000.0,54247000.0,537592000.0,220000.0,0.0,793166700.0,-1.9329725001366793,1.1116928125057608,0.37804508075525817,-27.913960855300374,0.09056401525899303,-1.9329725001366793,0.8536033487951126,1.5296368567270804,-21.454652087475147,-18.31376286910284,0.0,688.1818181818181,0.0,0.16214791672731674,0.9865061662396077,-0.011560543077387455,-3.023277552621258,0.28467484361121087,0.8225806278181591,-1.0665388984707738,-0.564343841823662,0.0,1.2406009445539399,0.7128394450893452,1.9634800550206328,-1.1182795672333914,-0.45380759754287336,0.0,Marine Shipping,Industrials,22.74,686393256,96009,NMM
2016,2016-12-31,2017-03-13,-52549000.0,190524000.0,14540000.0,-9.299954,26891000.0,0.1411423232768575,1268580000.0,0.0,56349000.0,98950000.0,588371000.0,220000.0,0.0,625923186.7,0.0,0.5694694290045478,0.4128836967317788,0.0,0.02775995845552297,0.0,0.0,0.6272552890974364,-2.2742047745913334,0.0,0.0,743.7863636363636,0.0,0.15018682306200634,0.475199595755432,-0.041423481372873605,2.9016458675278005,0.1411423232768575,-2.2916667361114587,-1.430918749854773,-0.45399818919785573,0.0,-0.6638498943710389,-2.2570027508671213,-0.7982405017622735,-1.7380952396715856,-0.20314369676381924,0.0,Marine Shipping,Industrials,22.74,686393256,96009,NMM
2015,2015-12-31,2016-03-23,41805000.0,223676000.0,72066000.0,7.199964,79997000.0,0.3576467747992632,1350291000.0,0.0,39835000.0,41528000.0,618076000.0,1160000.0,0.0,834352438.7,0.0,0.959232325178193,0.44292526573901475,0.0,0.1204959888175121,0.0,0.0,1.175917124322681,6.291698091137423,0.0,3.1648367420165053,123.86120689655172,0.5030178969449504,0.16565021910091973,0.7404401849354653,0.030959993068160864,-10.75324769828291,0.3576467747992632,-0.48387095849226486,-0.7325585369379454,-0.3954709080998007,0.0,0.23026882381889763,-0.44150535048695444,0.2602255836320713,-0.7096484501324727,-0.2748123124419375,0.0,Marine Shipping,Industrials,22.74,686393256,96009,NMM
2014,2014-12-31,2015-03-13,74853000.0,227356000.0,57185000.0,13.94993,65024000.0,0.2860008093034712,1346014000.0,0.0,115197000.0,32275000.0,596916000.0,826000.0,0.0,1302341824.15,0.0,3.5692331525948875,0.4333379890550916,0.0,0.09804056034933539,0.0,0.0,3.6003352634194834,10.935537976433812,0.0,1.8568928433062135,196.5278450363196,0.16980352016588807,0.16891057596726333,3.4941285824941906,0.05561086288849893,53.049761772521066,0.2860008093034712,0.10714283730148805,-0.5346428697209386,-0.47634704520082244,0.0,-0.06491414766027208,0.2685659085516727,-0.09564626065503772,-0.3536218825557223,-0.31388437267620206,0.0,Marine Shipping,Industrials,22.74,686393256,96009,NMM
2013,2013-12-31,2014-03-21,59006000.0,198159000.0,63233000.0,12.599937,69538000.0,0.3509202206309075,1250079000.0,0.0,54484000.0,15606000.0,543572000.0,1166000.0,0.0,1841073585.2,0.0,3.4912213251313595,0.4266322368426315,0.0,0.1185639498691227,0.0,0.0,6.777868202806837,22.76201717113514,0.0,2.0740602650577906,110.30960548885078,0.09111935244860188,0.15851718171411566,3.3092400358836347,0.04720181684517538,-5.513030782113274,0.3509202206309075,-0.4782608641641641,-0.4509804288273232,-0.2937990459044766,-1.0,-0.22009376191651153,-0.38470041085319817,-0.24368772949633405,-0.5319774133681348,-0.33597910521930097,0.0,Marine Shipping,Industrials,22.74,686393256,96009,NMM
2012,2012-12-31,2013-03-15,95898000.0,205435000.0,83607000.0,24.149879,89162000.0,0.4340156253802906,954952000.0,0.0,70033000.0,60276000.0,336258000.0,0.0,0.0,979926292.0,0.0,1.1618720552126882,0.3138471881309218,0.0,0.2789605917740208,0.0,0.0,3.4675166938447686,7.428197584933992,0.0,1.1144966526934867,0.0,0.15003594612964113,0.2151259958615721,0.6621209104784658,0.1004218013051965,10.266913970280905,0.4340156253802906,0.21052631842766126,0.5595923405307869,0.29441042349191743,0.0,-0.48585795097423007,0.4677890870130864,0.06996416687995904,-0.17278101616670508,-0.3434839378082032,0.0,Marine Shipping,Industrials,22.74,686393256,96009,NMM
2011,2011-12-31,2012-03-07,65335000.0,186953000.0,78140000.0,19.9499,173419000.0,0.9276074735361294,909924000.0,0.0,63558000.0,56705000.0,350285000.0,0.0,0.0,947315768.5,0.0,1.1208535402521824,0.3583266294767475,0.0,,0.0,0.0,3.580278297219087,10.244796334277186,0.0,1.46168209994643,0.0,0.14267556447714955,0.20546001644093353,0.9331275901595979,0.07180270000571476,89.6762819533762,0.9276074735361294,-0.11920531877267203,3.0015427802110413,1.4040789904446958,-1.0,0.3226783208249436,0.0797210424550908,0.18593391916708404,-0.059616848638735585,0.030657170890489933,-1.0,Marine Shipping,Industrials,22.74,686393256,96009,NMM
2010,2010-12-31,2011-03-01,60511000.0,143231000.0,65889000.0,22.649887,131112000.0,0.9153884284826609,840885000.0,0.0,55612000.0,45425000.0,349382000.0,0.0,0.0,925980014.25,0.0,1.2242597688497523,0.3823352777133615,0.0,,0.0,0.0,4.578324624208446,10.837005077589199,0.0,1.1950884963064567,0.0,0.1102784844844159,0.17033363658526435,1.149455145844799,0.07196108861497114,-1.8643312633799494,0.9153884284826609,0.027210884045226452,7.04492760925786,7.47847815232819,-1.0,0.6744186046511628,0.7630382844822563,0.36659476500601484,0.6931931498204824,0.5527631578698662,0.0,Marine Shipping,Industrials,22.74,686393256,96009,NMM
2009,2009-12-31,2010-02-23,34322000.0,92643000.0,48214000.0,22.04989,78303000.0,0.8452122664421489,436756000.0,0.0,92579000.0,13351000.0,228766000.0,0.0,0.0,371129379.35,0.0,6.934237135795072,0.4464735458700052,0.0,0.24392144165292268,0.0,0.0,2.7417870681001264,7.400716139793718,0.0,1.1367635918652759,0.0,0.15360183668616714,0.21211614723094818,5.878211369934836,0.078583923288976,22.155026546009594,0.8452122664421489,-0.0392156649150964,7.957900596819174,9.765627107131179,-1.0,0.24476202587988427,0.1934765978162598,0.00821814683925472,4.558117671033636,2.1499414823267906,-1.0,Marine Shipping,Industrials,22.74,686393256,96009,NMM
2008,2008-12-31,2009-02-26,28758000.0,75082000.0,47821000.0,22.949885,62906000.0,0.8378306385019045,322907000.0,76800000.0,29058000.0,46401000.0,246060000.0,0.0,0.0,340830653.8,61.28908176506171,0.6262365035236309,0.7277637214430162,3.0598958333333335,0.15337075048107762,61.28908176506171,0.374453125,1.787441115047548,4.666689401210098,1.7474564296875,0.8537450448570832,0.0,0.1829444755067056,0.23251896056759377,0.6182409861856426,0.08905969830322663,-4.834287446417636,0.8378306385019045,0.4433961653017016,5.858057575085504,6.972074543991699,0.5337643288498972,0.7285667179599912,0.4741644453557515,0.8681537620126573,5.858057575085504,6.972074543991699,0.5337643288498972,Marine Shipping,Industrials,22.74,686393256,96009,NMM
TTM,,,,,,,,,,,,,,,,1600793256.0,0.0,0.6461759951915658,0.22992444052092387,0.0,0.36609423857624024,0.0,1.1205044620429978,0.5348103531699746,1.0960931150740103,0.0,0.009840353754489401,47.033091971544714,0.008795074758135445,0.2654027994994823,0.4894003265186774,0.1294921019158595,-6.437149545156148,0.4230403924474437,,,,,,,,,,,Marine Shipping,Industrials,22.74,686393256,96009,NMM
