Quarters,Year,Quarter,FillingDate,Date,NetIncome,Revenue,OperatingIncome,EPSDiluted,GrossProfit,GrossProfitRatio,TotalAssets,CommonStockEquity,CurrentAssets,CurrentLiability,TotalLiability,Inventory,RetainedEarnings,MarketCap,EnterpriseValue,bookValuePerShare,currentRatio,debtToAssets,debtToEquity,roic,shareholdersEquityPerShare,roe,priceToSalesRatio,peRatio,pbRatio,payoutRatio,inventoryTurnover,dividendYield,assetTurnover,quickRatio,returnOnAssets,priceToFreeCashFlowsRatio,grossProfitMargin,epsdilutedGrowth,fiveYNetIncomeGrowthPerShare,fiveYRevenueGrowthPerShare,fiveYShareholdersEquityGrowthPerShare,grossProfitGrowth,netIncomeGrowth,operatingIncomeGrowth,threeYNetIncomeGrowthPerShare,threeYRevenueGrowthPerShare,threeYShareholdersEquityGrowthPerShare,Industry,Sector,Symbol
2023Q3,2023,Q3,2023-05-15,2023-03-31,867288.0,9809616.0,958690.0,0.35,1973429.0,0.2011729103,46565389.0,34802882.0,43952828.0,11615863.0,11762507.0,18688537.0,21216818.0,49768971.75,45190125.75,14.160597169661235,3.7838624646313406,0.0,0.0,0.021630203507249132,14.160597169661235,0.02492000518807609,5.073488274158744,14.346149073318205,1.4300244373440107,0.0,0.41930446454957926,0.0,0.21066324604310727,1.9618488957729614,0.01862516385292089,21.579022064648218,0.20117291033614362,-0.2553191489361702,1.5893879168616993,0.643355686753278,0.00959404302262905,-0.12708019827294112,-0.24323192343736094,-0.3082001542801187,9.143944723549795,0.5438053053842247,0.11121414853099693,Electrical Equipment & Parts,Industrials,ESP
2023Q2,2023,Q2,2023-02-13,2022-12-31,1146042.0,8804109.0,1385791.0,0.47,2260722.0,0.2567803284,44596750.0,34118014.0,41937229.0,10308796.0,10478736.0,18770506.0,20594165.0,34819308.8,28490866.799999997,13.913998166442637,4.068101551335384,0.0,0.0,0.03189775544047289,13.913998166442637,0.03359052493500941,3.9548929709979737,7.595556881859478,1.0205549713415323,0.0,0.3485993931117254,0.0,0.1974159327753704,2.037605846502346,0.025697881572087654,9.521706284259475,0.2567803283671295,0.5161290322580644,-0.3263533485338908,-0.2752571475719917,-0.010601916611656267,0.2475413074692822,0.49172552214988036,0.42408170899135966,3.8820012032859936,0.178475674865967,0.06874255980648834,Electrical Equipment & Parts,Industrials,ESP
2023Q1,2023,Q1,2022-11-10,2022-09-30,768266.0,8635795.0,973112.0,0.31,1812142.0,0.2098407848,41059907.0,32927376.0,38332382.0,7956029.0,8132531.0,18638204.0,19448123.0,33735883.58,26415882.58,13.459511560242348,4.818029446599554,0.0,0.0,0.023034496873506026,13.459511560242348,0.023332135545814522,3.906517417331004,10.977930684164079,1.0245542669418906,0.0,0.3661110802306918,0.0,0.21032183536119553,2.3212884216485383,0.018710855823419182,36.56094803463635,0.20984078478009263,1.5833333333333335,0.6500198045457358,0.09546393782910485,-0.014730892964611329,0.5391531753588316,1.7784785863597896,1.7875916318854612,8.16821041010505,0.4226542502235917,0.020126222635576254,Electrical Equipment & Parts,Industrials,ESP
2022Q4,2022,Q4,2022-09-22,2022-06-30,276506.0,8481243.0,349087.0,0.12,1177363.0,0.1388196282,39897229.0,32099614.0,37099236.0,7619786.0,7797615.0,18560449.0,18679857.0,34630312.96,26526252.96,13.199375468768505,4.868802877141169,0.0,0.0,0.007998453532392062,13.199375468768505,0.008613997663647918,4.0831648096865045,31.3106342719507,1.078838921863671,0.0,0.39351849731652505,0.0,0.2125772443996048,2.302691046703936,0.00693045624797652,26.204355013968467,0.13881962820779925,-0.5555555555555556,0.3750222552595419,0.4803203651518524,-0.04086612446044971,-0.32135767315318636,-0.5819123955370684,-0.5642703347042707,-0.7629619565181811,-0.28614623112327087,-0.01669533369349052,Electrical Equipment & Parts,Industrials,ESP
2022Q3,2022,Q3,2022-05-16,2022-03-31,661359.0,8620049.0,801155.0,0.27,1734880.0,0.2012610369,38932288.0,31456020.0,36099100.0,7358047.0,7476268.0,18944103.0,18403351.0,33844220.4,26561388.4,12.919153487134247,4.9060708636408545,0.0,0.0,0.020877358121911237,12.919153487134247,0.021024878544710995,3.926221347465658,12.793437603480108,1.0759218871300311,0.0,0.3634465564297238,0.0,0.2214113128927845,2.2052266042877955,0.01698741671694199,81.74774497111167,0.2012610369152194,30.034482758620694,1.2551592675153795,0.5412623463787429,-0.058636788582351225,0.4375667561859006,30.19470779680204,22.435178143099513,-0.2996834773227063,-0.08658286855534728,-0.00800689327653881,Electrical Equipment & Parts,Industrials,ESP
2022Q2,2022,Q2,2022-02-14,2021-12-31,21201.0,7458050.0,34186.0,0.0087,1206817.0,0.161814013,38188353.0,30754124.0,35354392.0,7299580.0,7434229.0,19329211.0,17741992.0,34516571.8049,27498289.804899998,12.660962655786149,4.8433460555264825,0.0,0.0,0.0007258033770958175,12.660962655786149,0.0006893709604604573,4.628096057937396,407.01584600844296,1.1223396187418637,0.0,0.3234085964502121,0.0,0.1952964559639427,2.084547878097096,0.000555169268493983,-25.353136847745606,0.16181401304630566,-0.9330769230769231,-0.917446454257263,0.25064502695402024,-0.08808674340462858,-0.10810820797902296,-0.9307294951006498,-0.9045819424131116,-0.9049684915985096,-0.0032117640967941905,-0.015476232920475275,Electrical Equipment & Parts,Industrials,ESP
2022Q1,2022,Q1,2021-11-15,2021-09-30,306061.0,7545432.0,358276.0,0.13,1353098.0,0.1793267767836222,38059832.0,30691132.0,35144859.0,7218028.0,7368700.0,18784554.0,17720791.0,35258534.85,26959820.85,12.665187946685197,4.869038884304688,0.0,0.0,0.009455868454376189,12.665187946685197,0.009972294277056969,4.6728318338830706,28.800251297943877,1.1488183247851531,0.0,0.3296503073748783,0.0,0.19825184724935202,2.1998133008073673,0.008041575170379102,22.865427444322382,0.1793267767836222,-0.6445175583174387,-0.3087887113517298,0.18166384279270942,-0.09571078647091709,-0.20682491503148437,-0.6521061569484197,-0.5350657608730915,3.8321947304233728,-0.11880718211877297,-0.029334223769938283,Electrical Equipment & Parts,Industrials,ESP
2021Q4,2021,Q4,2021-09-24,2021-06-30,879754.0,9301950.0,770595.0,0.36570019994429825,1705926.0,0.18339444955090062,37980803.0,30332295.0,34990284.0,7479951.0,7648508.0,18791892.0,17414730.0,35652029.4,28849317.4,12.608668271209268,4.677876098386206,0.0,0.0,0.028376535080535312,12.608668271209268,0.029003871945726494,3.832747907696773,10.131249587952997,1.175381862796732,0.0,0.4042181596190527,0.0,0.24491188351125698,2.071951407168309,0.023163122696484326,-22.24746471341093,0.18339444955090062,1.8311368180552234,0.16320118793419297,0.2978144323814026,-0.120370437867685,10.11509238381226,1.8221124104534656,1.6544525739618587,0.21745358940134088,0.15187131776487012,-0.1219129592869668,Electrical Equipment & Parts,Industrials,ESP
2021Q3,2021,Q3,2021-05-17,2021-03-31,-1070114.0,4205068.0,-1177465.0,-0.44,-187154.0,-0.04450677135304352,36740177.0,29071392.0,33638259.0,7489473.0,7668785.0,19262774.0,16534976.0,36566184.0,28077248.0,12.084530297172929,4.491405336530354,0.0,0.0,-0.03703237988146094,12.084530297172929,-0.036809864488085056,8.695741424395516,-8.542590789392532,1.2578064373388105,0.0,0.2280160687136754,0.0,0.11445421180197363,1.8590138451664089,-0.029126533603798372,-49.02270670583172,-0.04450677135304352,-4.5,-2.033562143201944,-0.4528042622366854,-0.13807049443187822,-1.2623184729088206,-4.912036065102814,-4.074908304132887,-4.264084654436847,-0.28030219816358126,-0.13842123643687107,Electrical Equipment & Parts,Industrials,ESP
2021Q2,2021,Q2,2021-02-16,2020-12-31,-181006.0,6962065.0,-232017.0,-0.08,713461.0,0.10247835950971443,36782009.0,30116261.0,33557399.0,6468043.0,6665748.0,16494790.0,17605090.0,45446408.475,36406015.475,12.534523539486361,5.1881842776864655,0.0,0.0,-0.0064401154071423595,12.534523539486361,-0.006010241443982704,6.527719645679838,-62.76920167701623,1.5090322292996465,-6.636884965139277,0.378822888924321,0.0264336839876102,0.18927908478299812,2.5596780973781406,-0.004921047134755473,29.473105352142273,0.10247835950971443,-2.0,-1.2791118176846854,-0.08917718727014605,-0.08206550175837089,-0.3671479030029076,-1.9535464430209035,-2.0905719442720967,-1.1085833338872615,-0.4151086707773861,-0.10869374727504477,Electrical Equipment & Parts,Industrials,ESP
2021Q1,2021,Q1,2020-11-16,2020-09-30,189824.0,7265515.0,212748.0,0.08,1127374.0,0.15516780297060842,38243633.0,30861507.0,34893596.0,7166793.0,7382126.0,15950747.0,18386755.0,45643539.8909,36572969.8909,12.844869357908594,4.868788033922565,0.0,0.0,0.005662558306398207,12.844869357908594,0.006150833787863956,6.282216730802978,60.112972926105236,1.4789796198513572,0.0,0.38481840380265575,0.0,0.18997972812886266,2.552678583014746,0.004963545173650213,33.61323031002192,0.15516780297060842,-0.7997495957428349,-0.7945875494848392,0.09996281699952964,-0.06262735828170654,-0.44496761990285477,-0.8015831619965862,-0.7946184210907384,-0.5848844049664852,-0.06156855848992595,-0.059724202798266075,Electrical Equipment & Parts,Industrials,ESP
2020Q4,2020,Q4,2020-09-21,2020-06-30,956693.0,12124438.0,1035867.0,0.3994998177245256,2031186.0,0.16752825986656042,38208766.0,31226848.0,34741988.0,6748965.0,6981918.0,14788055.0,18797589.0,41476192.6946,36074070.6946,13.039836273612817,5.147750506929581,0.0,0.0,0.029855515695895143,13.039836273612817,0.030636873756838986,3.4208754826079364,10.838427973916398,1.3282221982378752,0.6241469311471914,0.6825273506218363,0.014396620355121017,0.3173208472631647,2.8977846232718645,0.02503857360899852,40.248375744148994,0.16752825986656042,10.987495443113138,0.6603490379505333,0.28176540845956216,-0.042547670648316056,1.229786383850404,10.219804365633884,8.0900746743691,3.8313464390847276,1.1490585145492782,-0.0524590552708657,Electrical Equipment & Parts,Industrials,ESP
2020Q3,2020,Q3,2020-05-14,2020-03-31,-103765.0,6191300.0,-146101.0,-0.04,910933.0,0.1471311356257975,36757906.0,30516858.0,33155268.0,5986247.0,6241048.0,17096246.0,18438013.0,43425500.472600006,39034941.472600006,12.743355714450958,5.538573333175193,0.0,0.0,-0.004052602577790472,12.743355714450958,-0.003400251755931099,7.013955142312601,-104.62463372187155,1.423000378105767,-5.754512600587867,0.3088611967796907,0.01375037693294428,0.16843451310855412,2.5559220994389307,-0.0028229301201216413,-39.47923509133986,0.1471311356257975,-1.4000000000000001,-1.1943412459798084,-0.09251475365983931,-0.04946462965285736,-0.3845662731024195,-1.4531935151377509,-1.6341024105275037,-1.359753099833905,0.1255437632832701,-0.07144641701644455,Electrical Equipment & Parts,Industrials,ESP
2020Q2,2020,Q2,2020-02-13,2019-12-31,228964.0,7286674.0,230406.0,0.1,1480148.0,0.20313081112178202,36555998.0,31136887.0,32839310.0,5160639.0,5419111.0,15588251.0,19138895.0,51659488.800000004,45548642.800000004,13.019036285933979,6.363419336248864,0.0,0.0,0.006294469636075316,13.019036285933979,0.007353464718550701,7.089584191635306,56.405689103963944,1.6591089790061546,2.606160793836586,0.372493745449698,0.01155096602504514,0.19932909505028423,3.1477131029703878,0.0062633770797339465,23.609927236281223,0.20313081112178202,2.3333333333333335,-0.8220924700169129,0.21153743727386684,-0.029317221726826662,0.30254816306272375,1.7998923889649776,3.4193263771674083,-0.09450330597128825,0.241018884114961,-0.06229628030585253,Electrical Equipment & Parts,Industrials,ESP
2020Q1,2020,Q1,2019-11-14,2019-09-30,81776.0,5923819.0,52136.0,0.03,1136348.0,0.1918269278652842,35849088.0,31499382.0,32072405.0,4081267.0,4349706.0,14838037.0,19506648.0,56629317.76,51973581.76,13.193966846052287,7.85844322363619,0.0,0.0,0.0013586049854992406,13.193966846052287,0.002596114425356028,9.559596226690923,173.12328115828603,1.7977913903199751,7.303609861083936,0.3226485417174792,0.010546833753696984,0.16524322738698402,4.158132021257124,0.0022811180022208654,15.57675758031699,0.1918269278652842,-0.937456644764062,-0.9146344033742114,-0.010295995491786242,0.005455113618651934,-0.5272239361115676,-0.9283174732295005,-0.9618786340185079,-0.8125422861228598,-0.05835708939983864,-0.05795619040394052,Electrical Equipment & Parts,Industrials,ESP
2019Q4,2019,Q4,2019-09-16,2019-06-30,1140808.0,11619202.0,1367632.0,0.47966726260252984,2403565.0,0.20686145227529396,35687513.0,31925504.0,31862102.0,3484934.0,3762009.0,13225137.0,20022132.0,58863717.0,57400956.0,13.423485030685372,9.142813608521712,0.0,0.0,0.03437592675795396,13.423485030685372,0.035733437442365824,5.066072265548013,12.89956701741222,1.8437834842012204,0.519707961374745,0.6968273372139736,0.010072197785267282,0.32558172378108835,5.206062439059104,0.0319665873046407,130.78442817086665,0.20686145227529396,0.22991605795520467,2.545186815549675,0.5483552953109119,0.018377001201701222,0.11770898872276776,0.23670722506005706,0.2647227727075587,0.5257020087967944,0.6397531495769961,-0.0635256629922416,Electrical Equipment & Parts,Industrials,ESP
2019Q3,2019,Q3,2019-05-14,2019-03-31,922456.0,9218141.0,1081369.0,0.39,2150439.0,0.23328337025871052,34614680.0,30974042.0,30715458.0,3486911.0,3640638.0,14948437.0,19474211.0,59489218.31600001,58001027.31600001,13.023430706898784,8.808787491278096,0.0,0.0,0.028585321384318033,13.023430706898784,0.029781582913847665,6.453494073913602,16.122508367878794,1.9206152789487405,0.643217671086751,0.4728054177169158,0.009973908160101297,0.26630727194358,4.416174373248987,0.026649271349612362,-46.03495136125647,0.23328337025871052,3.333333333333334,0.23558683771355896,0.33099925578010736,-0.028490352233276096,0.41827553116766203,3.2361520587073724,3.903100458857029,-0.09881120950804621,0.2133234815394976,-0.07110339301941916,Electrical Equipment & Parts,Industrials,ESP
2019Q2,2019,Q2,2019-02-13,2018-12-31,217758.0,7303109.0,220548.0,0.09,1516235.0,0.20761500341840713,34788669.0,30490360.0,30931285.0,4189995.0,4298309.0,15734968.0,19145095.0,59084024.160000004,55772168.160000004,12.859986806964978,7.382177067037073,0.0,0.0,0.005750536818507812,12.859986806964978,0.007141863854674068,8.090256377112816,67.83220841484584,1.9377935898428227,16.305876247944965,0.36777157729205423,0.06009636361911608,0.20992780724091514,3.586144613537725,0.006259451892223873,-52.1538700602624,0.20761500341840713,2.0,0.8529123051123747,0.05139079987527254,-0.03676921510886937,0.5270249583557417,2.5309626891083328,14.278025285972307,-0.6597245900058625,-0.03177832346622966,-0.05823101294131076,Electrical Equipment & Parts,Industrials,ESP
2019Q1,2019,Q1,2018-11-13,2018-09-30,61671.0,8337399.0,-16610.0,0.03,992934.0,0.11909397643077896,38156348.0,30786521.0,33908588.0,7306765.0,7369827.0,13763224.0,19482668.0,70784790.0,64447169.0,13.047939112343203,4.640711450279296,0.0,0.0,-0.0005595837618390219,13.047939112343203,0.002003181847016751,8.49003268285469,286.9452011480274,2.2992136721131953,0.0,0.5336296931591028,0.0,0.21850621029035588,2.719074583622164,0.001616271033066372,-31.63332759818829,0.11909397643077896,-0.9001269135548644,-0.9444045948533704,0.1390937081041212,-0.10557434067996228,-0.46910328632473147,-0.9119486349190032,-1.0203001637701352,-0.9320443801651421,0.2853190112056835,-0.047808053634574875,Electrical Equipment & Parts,Industrials,ESP
2018Q4,2018,Q4,2018-09-12,2018-06-30,700398.0,7827194.0,818220.0,0.30038122449014604,1870296.0,0.23894846607864836,36716417.0,33481412.0,32957780.0,3217312.0,3235005.0,11306002.0,22416400.0,62562228.546399996,58263432.546399996,14.359246505871045,10.243886822291403,0.0,0.0,0.019174935244924342,14.359246505871045,0.02091901022573361,7.992931891863162,22.33095630855599,1.868566013476373,0.835997532831333,0.526879262890631,0.009359177471846837,0.2131796792699026,6.328016368944013,0.01907588096082469,-29.197861457162205,0.23894846607864836,1.1455801749296144,-0.7097059663313061,-0.3556882956245976,3.328185280284537e-05,0.49003349256375855,1.20414521468763,1.2723599250156217,0.24840526822097547,-0.1501604767116752,0.05433026353268456,Electrical Equipment & Parts,Industrials,ESP
2018Q3,2018,Q3,2018-05-14,2018-03-31,317764.0,5663161.0,360075.0,0.14,1255204.0,0.22164370746302287,35787823.0,32704454.0,33130291.0,3083369.0,3083369.0,10301155.0,22301533.0,61090461.4,54183709.4,14.02603082647531,10.744834951638937,0.0,0.0,0.008406248992175161,14.02603082647531,0.009716230089027018,10.787343216977233,48.062761514834904,1.8679553983686747,1.8305409045706877,0.42790900632016504,0.009521617396067007,0.1582426793605188,7.152140726588352,0.008879109522811712,888.8212390153058,0.22164370746302287,-0.7971014492753623,-0.6697878109034956,-0.2079163656989627,0.055440027986159074,-0.5918829443900016,-0.8032263877424265,-0.8279809939481031,-0.3887727850821332,-0.14748794241512028,0.0462109592550569,Electrical Equipment & Parts,Industrials,ESP
2018Q2,2018,Q2,2018-02-13,2017-12-31,1614871.0,11531105.0,2093228.0,0.69,3075598.0,0.2667218796463999,35706542.0,32732723.0,33377484.0,2973819.0,2973819.0,8941890.0,22565450.0,55773040.644,48570793.644,14.06309391543598,11.22377790981899,0.0,0.0,0.048335462981773214,14.06309391543598,0.049335064485774675,4.836747271315281,8.634287296632362,1.703892482272251,0.3596584494984429,0.9456062420808129,0.010413669279881408,0.322940961351004,8.131906144926775,0.04522619412431481,87.33327901437937,0.2667218796463999,2.631578947368421,0.42488631539435556,0.35422073608436727,0.06083732599410637,1.1049102284906314,2.6472500022585397,2.5945488328004203,0.2893180327710224,0.970033087230109,0.04852638652682387,Electrical Equipment & Parts,Industrials,ESP
2018Q1,2018,Q1,2017-11-14,2017-09-30,442764.0,7496423.0,582334.0,0.19,1461154.0,0.19491349407577455,35289615.0,31779869.0,33001500.0,3509746.0,3509746.0,10405030.0,21531380.0,52343190.0,44953841.0,13.66074655556912,9.402817183921572,0.0,0.0,0.01300755628858124,13.66074655556912,0.01393221602014785,6.982422149870678,29.554791039921945,1.6470549327940907,1.3135214245060574,0.5800337913489918,0.011110900959609073,0.212425751881963,6.35954567652474,0.012546580630023875,-230.61823420819584,0.19491349407577455,1.2977628091411875,-0.6750807020849982,-0.10724869466716179,-0.020193953457805135,0.2572624854690059,1.310153396639883,1.067250039936811,-0.5256725104188347,0.28530621580038873,0.04102637519170588,Electrical Equipment & Parts,Industrials,ESP
2017Q4,2017,Q4,2017-09-14,2017-06-30,191660.0,5460601.0,281695.0,0.08268912667753311,1162171.0,0.21282840478548057,35493695.0,31897543.0,33228599.0,3375581.0,3596152.0,9678811.0,21670196.0,51965927.96,41907764.96,13.761765490081705,9.843816220081816,0.0,0.0,0.005263571977828129,13.761765490081705,0.006008613265291311,9.51652170887417,67.78400286966503,1.6291514352688545,3.0126995721590317,0.44410723589912027,0.011111395921659589,0.15384707058535327,6.815100274589767,0.0053998322800711505,35.420076693848955,0.21282840478548057,-0.3109239443538907,-0.8408170737545738,-0.3687270975063003,0.012156534623863338,0.029832388868458713,-0.31347229137488225,-0.180919177938799,1.2663724591880605,-0.2533377982646662,0.044040756852165325,Electrical Equipment & Parts,Industrials,ESP
2017Q3,2017,Q3,2017-05-11,2017-03-31,279173.0,5324104.0,343916.0,0.12,1128505.0,0.21196148685299912,33945802.0,31809725.0,31589300.0,1934118.0,2136077.0,8842432.0,22034983.0,53310505.7838,43924457.7838,13.723877596277221,16.33266429452598,0.0,0.0,0.007713285100990384,13.723877596277221,0.008776341197542576,10.013047413010714,47.73966839898557,1.6759184741081539,2.068298152041924,0.47448473451647694,0.010831129652787205,0.15684130838917873,11.478864267847152,0.008224080255932678,39.923752260751826,0.21196148685299912,0.09090909090909087,-0.7925939274647933,-0.34805383207718943,0.05133364795680072,0.04477176675353772,0.14378131670483738,0.04291553959801555,-0.6163012120173937,-0.21119365238104737,0.023760926718810815,Electrical Equipment & Parts,Industrials,ESP
2017Q2,2017,Q2,2017-02-09,2016-12-31,244079.0,5667624.0,329764.0,0.11,1080145.0,0.19058162644522644,33895324.0,32052332.0,31540215.0,1640744.0,1842992.0,9342549.0,22333224.0,60155800.9512,51298522.9512,13.883955040916785,19.22311768319738,0.0,0.0,0.007207293287655361,13.883955040916785,0.007615015344281346,10.6139364487129,61.615092809295355,1.8767995087284135,2.363431511928515,0.4910307668710113,0.009589499115271818,0.16720961274776427,13.342964533163004,0.007200963767155611,59.14315190429467,0.19058162644522644,-0.38888888888888884,-0.7854986433624308,-0.3547142182418819,0.09250017061911849,-0.1961699663925081,-0.4199988118576605,-0.42256177319854804,1.1329798702922869,-0.1620212305925049,0.03992742078182951,Electrical Equipment & Parts,Industrials,ESP
2017Q1,2017,Q1,2016-11-14,2016-09-30,420825.0,6068684.0,571081.0,0.18,1343748.0,0.22142329374869413,34634191.0,32255956.0,32238067.0,2175524.0,2378235.0,10337180.0,22666009.0,58198607.0462,49628394.0462,14.005682869154196,14.818529696753517,0.0,0.0,0.012625854112897721,14.005682869154196,0.013046427766704543,9.589988051149145,34.57411456436761,1.8042747530471581,1.3681554090180004,0.45708171861184577,0.009892917188601219,0.17522234025908098,9.863656755797683,0.012150565318531622,25.877215031998254,0.22142329374869413,-0.427464863677827,-0.573362584123655,-0.28661083241741364,0.03646954451367759,-0.1939588362037939,-0.40760245278556706,-0.38228323758819605,-0.6113376210758039,-0.15055267147483598,-0.039921781776237814,Electrical Equipment & Parts,Industrials,ESP
2016Q4,2016,Q4,2016-09-12,2016-06-30,710376.0,6731987.0,924503.0,0.31439118506556013,1667096.0,0.24763803019821637,34452917.0,32388238.0,32104392.0,1861442.0,2064679.0,10733681.0,22820938.0,58770349.29000001,48738705.29000001,14.334066081913532,17.247054702751953,0.0,0.0,0.02102989970612183,14.334066081913532,0.021933147459272096,8.730015267409163,20.682831799638503,1.8145583989471734,0.7978802774868521,0.47186897020695884,0.009644233986141075,0.19539672068986205,11.22702990477275,0.02061874760851164,50.31949244998049,0.24763803019821637,-0.2688577091498601,-0.5297000241139104,-0.34981158497837456,0.0788306536585399,-0.22396510976746828,-0.26951221017041177,-0.3236869730609558,-0.6961664783893434,-0.4281430738842974,-0.0017203799426389376,Electrical Equipment & Parts,Industrials,ESP
2016Q3,2016,Q3,2016-05-12,2016-03-31,972468.0,7217922.0,1366975.0,0.43,2148223.0,0.29762347113199616,34156170.0,31679327.0,31841859.0,2319399.0,2476843.0,11400767.0,22642154.0,55584413.400000006,46036612.400000006,14.020323262060367,13.728495614596712,0.0,0.0,0.03032122633149815,14.020323262060367,0.030697243031709606,7.700888621406549,14.289522483002013,1.7545957778711652,0.5858084790450688,0.4446805201790371,0.0102489162906233,0.21132117564703537,8.608175221253436,0.02847122496462572,97.23130291495823,0.29762347113199616,0.5925925925925924,-0.08251347724978192,-0.01627671942604629,0.11892092138307064,0.35274863464024586,0.5827234154749059,0.6408589759748405,0.0428405744416889,0.041785984677449844,0.0550105414107789,Electrical Equipment & Parts,Industrials,ESP
2016Q2,2016,Q2,2016-02-11,2015-12-31,614427.0,7242020.0,833085.0,0.27,1588043.0,0.2192817749743856,33456622.0,31084573.0,31093586.0,2193576.0,2372049.0,11707405.0,22239365.0,58617325.75,49070107.75,13.655139406457826,14.174838710853875,0.0,0.0,0.01892198424114857,13.655139406457826,0.019766300151525324,8.094057424585959,23.85040279398529,1.8857368814427657,1.8543049052206364,0.48294024166756,0.019436830074084366,0.21645998810041253,8.669646276217463,0.01836488453616148,74.16300378929256,0.2192817749743856,-0.28947368421052627,-0.10592491361756412,0.040382994366350254,0.09363705122092134,-0.19319876849292797,-0.30061921619068216,-0.3163982046000968,-0.4456741107585704,-0.13037754948707322,0.030063630459256717,Electrical Equipment & Parts,Industrials,ESP
2016Q1,2016,Q1,2015-11-12,2015-09-30,878530.0,6279436.0,1218670.0,0.38,1968320.0,0.31345490263775283,34937959.0,31299478.0,32543552.0,3436147.0,3638481.0,12453406.0,22173401.0,56075244.2,45647697.2,13.703055525882133,9.470942890394387,0.0,0.0,0.027494542146871186,13.703055525882133,0.02806851922578389,8.929981004663476,15.957122750503684,1.7915712268428245,0.649812755398222,0.34617967164966756,0.010180606578615666,0.17973104839924967,5.687197608251335,0.025145429931954524,19.038302283126416,0.31345490263775283,0.5793064387735496,0.09304619061064717,-0.02308814068378846,0.01781571955274371,0.20369979666406762,0.6076895627270315,0.32363850430706304,-0.34337442860162515,-0.2383507138370352,-0.01715937663090649,Electrical Equipment & Parts,Industrials,ESP
2015Q4,2015,Q4,2015-09-24,2015-06-30,546455.0,8970864.0,920697.0,0.2406119488090599,1635225.0,0.18228177352816852,34344244.0,30930874.0,31845381.0,3188619.0,3413370.0,11585897.0,21865951.0,59048730.0,50189325.0,13.61930602063753,9.987201669437459,0.0,0.0,0.01736490424043999,13.61930602063753,0.017666975721410266,6.582279031317385,27.01445224217914,1.9090546875591037,0.0,0.6331524438720627,0.0,0.26120429379665483,6.182257271878515,0.01591110871446173,-85.71874646157598,0.18228177352816852,0.0936906764048177,-0.5903209402588162,-0.08700856766100334,0.018398730349493565,0.13752092124429752,0.07916361388631611,0.3708314349779791,-0.5368034995652289,0.058417084089316555,0.0016788613180007499,Electrical Equipment & Parts,Industrials,ESP
2015Q3,2015,Q3,2015-05-14,2015-03-31,506369.0,6470286.0,671634.0,0.22,1437534.0,0.22217472303388133,33744190.0,30447577.0,31239103.0,3096617.0,3296613.0,12783630.0,21885306.0,67270130.10000001,57832254.10000001,13.406503442157012,10.088139088560194,0.0,0.0,0.016282094418449484,13.406503442157012,0.016630847177100495,10.396778457706509,33.21201046075095,2.2093754816680486,1.1177402250137745,0.3936872390705926,0.00841367482356036,0.19174518635652538,5.822864758541337,0.015006109199835586,-137.90740746055698,0.22217472303388133,-0.5925925925925927,-0.4135578790067987,-0.12877055291047662,0.04695518348883852,-0.3635667752082471,-0.5846308943943065,-0.5868286459172789,-0.6160620606154357,-0.19139848690510552,0.027020830760812718,Electrical Equipment & Parts,Industrials,ESP
2015Q2,2015,Q2,2015-02-12,2014-12-31,1219082.0,5697083.0,1625558.0,0.54,2258735.0,0.3964721946301291,32604170.0,30384907.0,30099205.0,1991613.0,2219263.0,11523792.0,21944926.0,53917948.0,43680111.0,13.412246078059201,15.112978776499249,0.0,0.0,0.03963371762014977,13.412246078059201,0.04012130101303256,9.464132434089516,11.057079835482766,1.7744977136181461,0.4630238162814314,0.2983694950412156,0.010468944404189863,0.17473479619324767,9.180490888541097,0.03739037061823687,59.096905295577976,0.3964721946301291,0.35000000000000003,1.2380054380124759,-0.08331150738239915,0.06898272854131215,0.24786542465826078,0.3378554708462601,0.34135559961943335,0.0917484454899526,-0.33901189003729704,0.05538235218152375,Electrical Equipment & Parts,Industrials,ESP
2015Q1,2015,Q1,2014-11-04,2014-09-30,911221.0,5693472.0,1211877.0,0.4,1810079.0,0.3179218234497333,32752232.0,29800262.0,30170783.0,2696218.0,2951970.0,10625909.0,21290308.0,45714203.37,35842041.37,13.122382757164516,11.190038416774904,0.0,0.0,0.03013867189663915,13.122382757164516,0.030577617069272745,8.029231261697607,12.542018722680886,1.5340201831111417,0.6231781313205029,0.36546454519796845,0.012421806750167592,0.17383462598823798,7.072274942159721,0.027821645865234466,68.22954327274681,0.3179218234497333,2.2885489054774824,-0.14436541272777711,-0.22799791826945362,-0.051043360382255536,8.572633446150885,2.30509278090644,2.066591270138134,-0.06312990483487425,-0.3212537798239071,-0.028897754838725344,Electrical Equipment & Parts,Industrials,ESP
2014Q4,2014,Q4,2014-09-17,2014-06-30,-698204.0,7096700.0,-1136215.0,-0.3104267120166283,-239029.0,-0.03368171121789001,32398446.0,29646945.0,29719545.0,2468062.0,2751501.0,10611250.0,20946940.0,56499276.0,46942385.0,13.181253126146254,12.041652519264103,0.0,0.0,-0.024021079858750675,13.181253126146254,-0.023550622163598982,7.961344850423436,-20.230217815996472,1.9057368642873658,-0.8061555075593952,0.6913161974319708,0.009962269251025446,0.21904445663844493,7.538585335376502,-0.021550539800581792,29.430844962572863,-0.03368171121789001,-2.00137649037622,-1.4111129995663216,-0.19490309626356955,-0.019080680898054463,-1.1423533090151121,-1.9889154851776836,-2.239332414190289,-1.4643694928831235,-0.31143161742079273,-0.007933977361663876,Electrical Equipment & Parts,Industrials,ESP
2014Q3,2014,Q3,2014-05-13,2014-03-31,706030.0,6549623.0,916796.0,0.31,1679125.0,0.2563697177684884,33263622.0,30150987.0,30515895.0,2862961.0,3112635.0,11941613.0,22208005.0,61290018.75,53029492.75,13.405353963119811,10.658858084339954,0.0,0.0,0.02197928595680113,13.405353963119811,0.02341648052848154,9.357793379863239,21.702342234041048,2.0327698973834587,0.7937014007903347,0.4078593067787409,0.00914303848210195,0.19690047584114562,6.259415688861986,0.021225289296517378,112.36040887150146,0.2563697177684884,5.2,-0.15071043447102903,-0.08264709132057443,0.05584376779669335,0.8739941563413072,5.351932488844105,7.376084930655801,-0.33082115761286723,-0.10324926894276609,0.06984202343391255,Electrical Equipment & Parts,Industrials,ESP
2014Q2,2014,Q2,2014-02-13,2013-12-31,111152.0,6569641.0,109454.0,0.05,896014.0,0.13638705676611554,32381763.0,29938513.0,29550088.0,2211531.0,2443250.0,11363827.0,22062352.0,73193111.04,64975792.04000001,13.35088849804409,13.36182400337142,0.0,0.0,0.0026996661264934493,13.35088849804409,0.0037126760437300277,11.141112739645896,164.62391823808838,2.4447811098700862,25.181103353965742,0.4992708002330553,0.03824034748940219,0.20288089317434632,7.9899892879638585,0.0034325493642826054,545.8221365131211,0.13638705676611554,-0.891304347826087,3.462782035465952,-0.003320616224837617,0.054773386084821025,-0.5918184568063208,-0.8940306433268155,-0.923306480488186,-0.8358088692352463,-0.04191536851748061,0.06926966423170294,Electrical Equipment & Parts,Industrials,ESP
2014Q1,2014,Q1,2013-11-14,2013-09-30,1048907.0,6920955.0,1427161.0,0.46,2195136.0,0.31717241334469015,35845188.0,32547022.0,33187413.0,3084589.0,3298166.0,11591958.0,24750130.0,63808659.2,52201222.2,14.58806439236385,10.759103725001937,0.0,0.0,0.03166212789229475,14.58806439236385,0.0322274338954882,9.219632146141683,15.208369092779437,1.9605068383829403,0.5328384689967748,0.4076808249305251,0.008758967936439573,0.19307905429314529,6.785405446236111,0.029262142522449595,30.702820763645867,0.31717241334469015,-0.5554473961737918,1.4814948760824789,0.07730942553055992,0.010934897826483821,-0.4649911406072157,-0.5429001612411208,-0.5702801716156155,0.3360570211723649,0.10231790072941402,0.08355112685276339,Electrical Equipment & Parts,Industrials,ESP
2013Q4,2013,Q4,2013-09-12,2013-06-30,2294700.0,11553916.0,3321143.0,1.0347481851210363,4102990.0,0.35511682792223864,35540947.0,31842594.0,33094421.0,3502968.0,3698353.0,11373770.0,24260121.0,56771609.6,46882981.6,14.358768619447423,9.447537345473895,0.0,0.0,0.07145678651609114,14.358768619447423,0.0720638525868841,4.913624921628304,6.185079705408115,1.7828826885146354,0.24055693554713034,0.6550972984331492,0.009723275487330907,0.3250874547602797,5.990868886041779,0.06456496502470797,41.90488709178586,0.35511682792223864,1.5237760612708204,1.308430311362602,0.7541185188150501,-0.01380984801769501,1.0828650302201457,1.507235878155351,1.6691240410132109,0.761818835878697,0.20422490908721536,0.0736928672627692,Electrical Equipment & Parts,Industrials,ESP
2013Q3,2013,Q3,2013-05-14,2013-03-31,915231.0,6799970.0,1244282.0,0.41,1969878.0,0.2896892192171436,32710690.0,29470837.0,30266544.0,3058878.0,3239853.0,12801561.0,22517427.0,56729474.421,47514404.421,13.289273151064577,9.894655491327212,0.0,0.0,0.030500925663910588,13.289273151064577,0.031055480372003008,8.342606573411352,15.49594430832216,1.9249359772510024,0.6030925525905482,0.3773049239854421,0.009729845122550144,0.20788219386384085,5.463118829845453,0.02797956875871466,33.94112892902272,0.2896892192171436,-0.14583333333333334,-0.21767460060265073,-0.0138724773112237,-0.05384915688034993,-0.08143126535317191,-0.14606130385453678,-0.14623164539591052,0.08551227411064596,-0.062304059315351,0.03780030865882223,Electrical Equipment & Parts,Industrials,ESP
2013Q2,2013,Q2,2013-02-13,2012-12-31,1071776.0,8052447.0,1457400.0,0.48,2144508.0,0.26631755539651486,31914046.0,29179628.0,29395232.0,2539292.0,2734418.0,11929339.0,22154165.0,55468728.0,47303497.0,13.256597944701381,11.576152722884961,0.0,0.0,0.036302691592070835,13.256597944701381,0.03673028319620798,6.888431305415608,12.938507673245155,1.9009402038984184,2.575021273101842,0.4952444557070597,0.04975498987465514,0.25231670719532084,6.657063858744879,0.03358320659185614,-2039.5914105015443,0.26631755539651486,-0.15789473684210523,0.26743331131763426,0.12745897701787062,-0.12861696071125053,-0.13604300713119408,-0.16314442367484489,-0.17174546091052306,1.0250743778604516,0.3335393654962171,0.05657726227407818,Electrical Equipment & Parts,Industrials,ESP
2013Q1,2013,Q1,2012-11-13,2012-09-30,1280718.0,7891877.0,1759604.0,0.57,2482193.0,0.3145250489839109,33582487.0,30483772.0,31039986.0,2890206.0,3098715.0,11913149.0,23842235.0,58268199.599999994,47290008.599999994,13.942296645115494,10.739714054984317,0.0,0.0,0.04164029597650815,13.942296645115494,0.04201310782668234,7.383313196594422,11.374127559696984,1.9114497903999543,0.38435080946781414,0.4540935398356891,0.00844791847661619,0.2349997783070682,6.4063347041698755,0.038136484650466776,-1624.7894595951145,0.3145250489839109,0.09729382333101395,1.0455416327936324,0.183278986110477,-0.07618481465980154,0.11204132422085879,0.13374195981367482,0.17227765515688406,0.24908249027984672,0.1114619136727826,0.00824943287673365,Electrical Equipment & Parts,Industrials,ESP
2012Q4,2012,Q4,2012-09-13,2012-06-30,1129638.0,8115730.0,1501013.0,0.5194597726520251,2232105.0,0.2750344084882075,32785603.0,29567448.0,30195036.0,2995651.0,3218155.0,11645706.0,23053762.0,57432242.4,45908818.4,13.596479417282861,10.079624095063144,0.0,0.0,0.037488368546329205,13.596479417282861,0.038205461627936234,7.076657601965565,12.710320120250913,1.9424145905321284,0.4308875940788111,0.5052184041053415,0.008475152277877974,0.24753944589641985,5.98401148865472,0.034455306495354075,31.475948064247227,0.2750344084882075,-0.10437970232409452,0.32065831340796597,0.03488881205148023,-0.10098128931735029,-0.07165434892010032,-0.10549442021818677,-0.1377279529402303,-0.3120544817110514,-0.04774080373243526,0.011819529186449712,Electrical Equipment & Parts,Industrials,ESP
2012Q3,2012,Q3,2012-05-10,2012-03-31,1262863.0,7661946.0,1740765.0,0.58,2404390.0,0.3138093116291866,31540393.0,28387271.0,28871842.0,2936291.0,3153122.0,11429009.0,22410871.0,53822340.0,43951751.0,13.053779476143177,9.83275908280208,0.0,0.0,0.043946241134047465,13.053779476143177,0.04448694627954903,7.024630557302284,10.654825582822523,1.8960026132839611,0.38558260080467954,0.4600185370402631,0.00904713544598767,0.24292487414471975,5.7313951512299015,0.04003954548061592,27.763481106488076,0.3138093116291866,0.18367346938775503,0.6701544391593768,-0.10228737782399844,-0.10681655076867251,0.10199096183989807,0.17929464366590311,0.16748768472906403,0.5711756794605154,0.10992875328736498,0.02815276224683255,Electrical Equipment & Parts,Industrials,ESP
2012Q2,2012,Q2,2012-02-14,2011-12-31,1070863.0,8265754.0,1491035.0,0.49,2181860.0,0.2639638198765654,30545708.0,27610334.0,27827932.0,2700577.0,2935374.0,10823954.0,21634946.0,50643329.309999995,41907197.309999995,12.708423682029052,10.304439384620398,0.0,0.0,0.03871937062873113,12.708423682029052,0.03878486221861713,6.126885618662254,11.823017816004475,1.8342164680079567,2.479816745932953,0.5620768528764997,0.052436205047752225,0.2706027963077497,6.124034604456751,0.03505772398531407,28.7631953616149,0.2639638198765654,0.16666666666666669,1.103204046147753,0.2731732673654938,-0.12174883637394245,0.08994469000023979,0.15531166118605594,0.18435653457946005,25.489656330902125,0.2943043022491387,0.004016105808843818,Electrical Equipment & Parts,Industrials,ESP
2012Q1,2012,Q1,2011-11-09,2011-09-30,926904.0,7993927.0,1258941.0,0.42,2001808.0,0.250416097119726,32371349.0,29244590.0,29638107.0,2873996.0,3126759.0,10863201.0,23219627.0,50187844.38,39851449.38,13.512874491382966,10.312508089781614,0.0,0.0,0.030788789268734726,13.512874491382966,0.0316948878407938,6.2782465213905505,13.536419192278812,1.7161411522609824,0.5257318988805745,0.5515979129908395,0.009709582191065207,0.24694451256881508,6.352701256369181,0.02863346844149127,31.47751501972839,0.250416097119726,-0.37171905811873357,0.6041725555230106,0.23734635184733746,-0.06463181877512877,-0.3058224954503085,-0.35730748429504516,-0.39410575395498076,1.2606167812200428,0.2827747533830805,-0.06357443826207514,Electrical Equipment & Parts,Industrials,ESP
2011Q4,2011,Q4,2011-09-08,2011-06-30,1442220.0,9886037.0,2077823.0,0.6684907531054353,2883712.0,0.29169544884365695,31868624.0,28665019.0,29057307.0,2932876.0,3203605.0,10579060.0,22780026.0,53245298.36,43549487.36,13.286669259261148,9.907444774344365,0.0,0.0,0.05181921878685192,13.286669259261148,0.05031289182121247,5.385909273857664,9.2297462176367,1.8575008919408007,0.3341397290288583,0.6619042712679577,0.00905062070911457,0.3102122325708195,6.106221333598829,0.045255170100849035,48.876205476270684,0.29169544884365695,0.4532407676205114,0.9170732253029253,0.40477710074559486,-0.07815152624699813,0.40864301499250666,0.4250749235942377,0.5017382040629887,0.4913428595708951,0.5427909834087712,-0.0874438662948781,Electrical Equipment & Parts,Industrials,ESP
2011Q3,2011,Q3,2011-05-12,2011-03-31,1012031.0,7005795.0,1383612.0,0.46,2047156.0,0.2922089498764951,29400066.0,27033031.0,26323625.0,2212638.0,2367035.0,11375740.0,21819709.0,53849377.92,45877743.92,12.530218171924242,11.896941569294208,0.0,0.0,0.03672901471059995,12.530218171924242,0.037436830520410386,7.686405028979581,13.302304455100684,1.9919844696660172,0.47737371681302254,0.4358959505051979,0.008971635674561195,0.23829181199797306,6.571338827227952,0.03442274585369978,112.06270156431766,0.2922089498764951,0.5333333333333334,1.583036012373975,0.395443826190789,-0.09860956560637059,0.2599441530921671,0.5575770261347879,0.5704571379926789,-0.11078729912857295,0.04433213336423509,-0.10789127794475631,Electrical Equipment & Parts,Industrials,ESP
2011Q2,2011,Q2,2011-02-10,2010-12-31,649747.0,6581342.0,881025.0,0.3,1624799.0,0.24687958778012145,29176776.0,26873218.0,26144615.0,2158244.0,2303558.0,10791678.0,21290795.0,51137935.2,43715531.2,12.485988282139322,12.113836526361245,0.0,0.0,0.023559893011132694,12.485988282139322,0.024178235743854717,7.770137944510406,19.67609515703805,1.9029330689015362,4.053380777441066,0.4592930774991619,0.051501336330841925,0.22556782833031314,6.920477480766771,0.02226932132597515,36.42082580470556,0.24687958778012145,-0.14285714285714282,1.213359667377601,0.2161032396194598,-0.09515198665798975,-0.01559073074620789,-0.13773938707883732,-0.08017974093334572,-0.2141922887113798,-0.057593555684525725,-0.17927069500037102,Electrical Equipment & Parts,Industrials,ESP
2011Q1,2011,Q1,2010-11-12,2010-09-30,753539.0,6026330.0,957823.0,0.35,1650532.0,0.2738867602670282,31034792.0,28830727.0,28316914.0,2067834.0,2204065.0,11189591.0,23274720.0,46255255.2,38479027.2,13.463198949121786,13.69399768066489,0.0,0.0,0.023849115323370404,13.463198949121786,0.026136663151088767,7.675526431509725,15.34600571436913,1.6043735282845972,0.6393829649162154,0.39105969110041644,0.01041611375651863,0.19417980955051994,8.05836300205916,0.024280459169824627,34.72270051113515,0.2738867602670282,-0.40407086340005044,2.2598184712142575,0.2447074282217452,-0.024166788207754607,-0.31348516919631697,-0.39683343939230215,-0.4366578816892329,0.22881810026885435,-0.07745659292793715,-0.10792978021937083,Electrical Equipment & Parts,Industrials,ESP
2010Q4,2010,Q4,2010-09-09,2010-06-30,1249305.0,9202915.0,1700251.0,0.5873181532906938,2404219.0,0.2612453771440897,31166679.0,28446719.0,28437803.0,2592812.0,2719960.0,10941386.0,23002981.0,40117766.1,35642700.1,13.373255106046395,10.967938670447376,0.0,0.0,0.04313314467178494,13.373255106046395,0.04391736706085507,4.359245532529639,8.02801679733932,1.4102774418378443,0.3814905087228499,0.6213742938965868,0.011879973546184069,0.29528057833816684,6.588020650938055,0.04008463654404757,13.740085609746826,0.2612453771440897,0.5455740876070889,0.8569361531273494,0.7554416448905851,-0.03654557173350752,0.3075062731743078,0.5447872757421268,0.5665202954205394,0.4931793424519087,0.19973086275521557,-0.11574120078573649,Electrical Equipment & Parts,Industrials,ESP
2010Q3,2010,Q3,2010-05-12,2010-03-31,808723.0,6955827.0,1085368.0,0.38,1838782.0,0.2643513129351837,29499413.0,27238456.0,26698690.0,2183445.0,2260957.0,12545007.0,22230274.0,42755413.5,41392465.5,12.805231449813952,12.227782243198249,0.0,0.0,0.02901667208171288,12.805231449813952,0.029690486127407514,6.14670455432546,13.21695237429874,1.5696709644628903,0.588624287920586,0.40789494975969326,0.011133888343753241,0.23579543769226866,6.293237521439743,0.027414884492786347,862.0564449462669,0.2643513129351837,0.5833333333333334,5.862414245510307,0.5663736643987588,-0.05968222704903404,0.2576368261116085,0.572867781341227,0.6312884763370528,0.0934338289665041,-0.16681904285851,-0.12382304179007336,Electrical Equipment & Parts,Industrials,ESP
2010Q2,2010,Q2,2010-02-11,2009-12-31,514171.0,5866331.0,665344.0,0.24,1462093.0,0.2492346579148023,28659860.0,26830145.0,25831812.0,1744956.0,1829715.0,12710368.0,21897585.0,40886513.92,38691778.92,12.546737865784769,14.803703932935845,0.0,0.0,0.018180037027542954,12.546737865784769,0.019163929229603492,6.969690922656768,19.87982301607831,1.5239020855086693,5.0947408546962,0.3465075126070307,0.06406924310361943,0.2046880550009665,7.335678951217108,0.01794045749002263,26.644827158796247,0.2492346579148023,-0.48936170212765956,1.9117842978245632,0.1332108730771996,-0.08350566261339504,-0.28962609112225135,-0.48208081888628,-0.49047645303779397,0.025989351468764278,-0.08196470400985742,-0.1329225869358767,Electrical Equipment & Parts,Industrials,ESP
2010Q1,2010,Q1,2009-11-12,2009-09-30,992763.0,6874940.0,1305816.0,0.47,2058202.0,0.29937744911228314,31299670.0,29274124.0,28496893.0,1933540.0,2025546.0,13092341.0,24002983.0,37512956.48,33916841.48,13.828221658737148,14.738196778965007,0.0,0.0,0.03264416870285073,13.828221658737148,0.03391264585748151,5.456477653623159,9.446604194556,1.281437370423108,0.4789219582115772,0.36790502172224204,0.012674447567295554,0.2196489611551815,7.747884191689854,0.031718002138680694,19.096296842308885,0.29937744911228314,-0.3775564333979707,14.684508931131806,0.39113156113367664,0.012877936821552055,-0.20122838861509001,-0.37800117161679986,-0.30392119234951703,0.7564756230172975,0.08787810193780138,-0.042803324284885966,Electrical Equipment & Parts,Industrials,ESP
2009Q4,2009,Q4,2009-09-08,2009-06-30,1596085.0,8284059.0,1875960.0,0.755088533673452,2576709.0,0.31104425982480327,30594342.0,28404134.0,27817447.0,2090955.0,2190208.0,13029205.0,23485675.0,32446400.2,29671081.2,13.437652689126358,13.303704288231932,0.0,0.0,0.054379996721909594,13.437652689126358,0.05619199655937407,3.9167273193008403,5.082185503904867,1.1423126013980922,0.2945995983923162,0.43804284298236157,0.01449177711862162,0.2707709484322297,6.85348799950262,0.05216928672628423,37.27149316173143,0.31104425982480327,1.0407798207390595,1.7061569935097192,0.46159247367258804,-0.023697807741652123,0.4870101315087846,1.042931271055407,0.7455710772431672,1.165415159318307,0.2014517651919432,-0.06767607587886146,Electrical Equipment & Parts,Industrials,ESP
2009Q3,2009,Q3,2009-05-13,2009-03-31,781272.0,6709880.0,1074697.0,0.37,1732812.0,0.2582478375172134,29831798.0,26837173.0,26986308.0,2889078.0,2994625.0,12718340.0,22359796.0,31917957.2,31065758.2,12.696342368051049,9.34080284436765,0.0,0.0,0.02731454513989984,12.696342368051049,0.029111561042588205,4.756859615969287,10.213458693003206,1.1893189047892636,0.605978455646689,0.3913300006132876,0.014832841495257097,0.22492375417666746,4.791006334893001,0.02618923606280788,-21.13532652924735,0.2582478375172134,19.5,12.84349791043968,0.049864518097484975,-0.0594158089345379,1.7683798507820363,19.42101292087145,7.566844887110079,1.0352458322363896,0.3641045441141025,-0.08665903455771291,Electrical Equipment & Parts,Industrials,ESP
2009Q2,2009,Q2,2009-02-13,2008-12-31,-42412.0,6194177.0,-163655.0,-0.02,625930.0,0.10105135839676523,29346350.0,26672794.0,26402537.0,2558999.0,2673556.0,11344837.0,22051959.0,39426778.47,38127177.47,12.657589463458894,10.317525329240066,0.0,0.0,-0.0039419714224460285,12.657589463458894,-0.001590084638302234,6.365135912325398,-232.4034381189286,1.4781645473661291,-85.52414411015751,0.4908177173457847,0.09199965456878476,0.21107146203872032,5.734570040863635,-0.001445222318959598,49.06836962216882,0.10105135839676523,-1.1052631578947367,-1.6638396423988535,0.014323642030285633,-0.06133404751698966,-0.45631582376061325,-1.1064836202221464,-1.3459585496609223,-1.147562399490652,0.16901166327159217,-0.08271620788777675,Electrical Equipment & Parts,Industrials,ESP
2009Q1,2009,Q1,2008-11-13,2008-09-30,398296.0,6053519.0,473048.0,0.19,1151275.0,0.1901827680725872,32843911.0,30336845.0,29829939.0,2383498.0,2507066.0,10875912.0,25721621.0,38577315.1,34337056.1,14.430270854956415,12.515193635572592,0.0,0.0,0.010576737785918913,14.430270854956415,0.013129117414813572,6.372709014376596,24.213973464458597,1.271632402776228,1.1885080442685843,0.45074325720914254,0.012270890256953106,0.18431175873056044,7.759994763998124,0.012126935796409874,-645.840003683118,0.1901827680725872,-0.5761270563546914,0.3703338199707557,0.1484427641199429,0.06761838509426825,-0.30357445315524584,-0.5735566036220751,-0.5482635695780178,0.7551127742358527,0.27360185178365065,0.04592805979018072,Electrical Equipment & Parts,Industrials,ESP
2008Q4,2008,Q4,2008-06-30,2008-06-30,933995.0,6188789.0,1047177.0,0.44824752994611883,1653120.0,0.26711526277596476,31886492.0,30337737.0,28864899.0,1416177.0,1548755.0,10188234.0,25796703.0,39568684.41,32716931.409999996,14.559837766160394,20.38226789447929,0.0,0.0,0.02784884507854788,14.559837766160394,0.03078657448971886,6.393606957677826,10.591246315558433,1.3042727745316005,0.445015230274252,0.44518696763344856,0.010504316890934005,0.19408811104087587,12.816988271946233,0.029291243451929426,34.666191594680306,0.26711526277596476,-0.15424994349788904,0.8292621747258947,0.4426600935936788,0.06258580756963449,-0.24079339368273897,-0.15029953466368876,-0.3153168527160065,0.41723363945640074,0.20513325214438713,0.04893984743524726,Electrical Equipment & Parts,Industrials,ESP
2008Q3,2008,Q3,2008-03-31,2008-03-31,1099205.0,6479020.0,1529433.0,0.53,2177431.0,0.3360741284947415,31512032.0,29266278.0,28448548.0,2097718.0,2245754.0,10561406.0,25278350.0,41673180.0,35084400.0,14.045617829020967,13.561664627943317,0.0,0.0,0.03412735117684043,14.045617829020967,0.03755875619031569,6.432019039916531,9.478027301549757,1.4239316663362522,3.2216738460978616,0.4072932145587434,0.08497743632715335,0.20560464015776578,8.278235206066784,0.034882072980885526,28.766370971583036,0.3360741284947415,0.4324324324324325,0.8697589428656687,0.11142540078064621,0.060205909446203534,0.29409866366335136,0.3790293644600457,0.5594270192890047,8.521913642675509,0.4894445118997102,0.0314022146704164,Electrical Equipment & Parts,Industrials,ESP
2008Q2,2008,Q2,2007-12-31,2007-12-31,797086.0,6732144.0,980766.0,0.37,1682585.0,0.24993300796893234,33443603.0,31564355.0,30388811.0,1720924.0,1879248.0,10126362.0,27720425.0,38964537.42,30401056.42,15.213284338793004,17.65842710079004,0.0,0.0,0.020415173520128484,15.213284338793004,0.025252725740792105,5.7878348145850715,12.22093269107725,1.2344474461778168,0.4546836853237919,0.4986547982384987,0.009301329465134966,0.20129840675360247,11.492415702262273,0.023833735856749645,67.4075631266824,0.24993300796893234,0.3214285714285713,2.8891347087349204,0.23896888319338264,0.1780633607524864,0.24718147519475803,0.3473781362885681,0.43900803601166155,3.652378726933392,0.34034261064988636,0.11127602239771625,Electrical Equipment & Parts,Industrials,ESP
2008Q1,2008,Q1,2007-09-30,2007-09-30,591583.0,6301786.0,681557.0,0.28,1349110.0,0.2140837533994331,32775792.0,31178420.0,29894106.0,1428760.0,1597372.0,10525177.0,27285761.0,44313311.137899995,33277232.137899995,15.092084289544548,20.92311234916991,0.0,0.0,0.014414261958650195,15.092084289544548,0.018974117354246943,7.031865432736052,18.726582380621146,1.4212814869355148,0.6087852423075037,0.47055512700641516,0.008127287055558704,0.19226952624058635,13.146095215431563,0.01804938840226958,96.09367758632278,0.2140837533994331,-0.28813673893100283,0.9328700913962013,0.405293696685238,0.1446034658554065,-0.24559247197344522,-0.2675971767758741,-0.3772334114886486,8.577534458567094,0.3066992359854868,0.10545228264202298,Electrical Equipment & Parts,Industrials,ESP
2007Q4,2007,Q4,2007-06-30,2007-06-30,807729.0,7405438.0,1094402.0,0.3933339663849587,1788304.0,0.24148524368173765,33249754.0,31057176.0,30315244.0,2013678.0,2192578.0,11149327.0,27054325.0,49469899.05,38373788.05,15.123689035302368,15.054663158657938,0.0,0.0,0.022218210934468168,15.123689035302368,0.026007805732240433,6.680212439831378,15.311416034957269,1.592865334890719,0.3791234436302275,0.503809243374062,0.006190208710361215,0.22272158765445302,9.157392592062882,0.02429278123381003,15.104164309339533,0.24148524368173765,0.15686460701458435,16.084202580356795,0.8552420271532617,0.15139178645829357,0.10653200786568441,0.13122557875719507,0.19164759351650817,0.4096671005441288,0.3448931499135243,0.09879985007702995,Electrical Equipment & Parts,Industrials,ESP
2007Q3,2007,Q3,2007-03-31,2007-03-31,714030.0,8059695.0,918394.0,0.34,1616134.0,0.2005204911600253,32331549.0,30012338.0,29446643.0,2137963.0,2319211.0,11684061.0,26552825.0,40352159.25,32214075.25,14.614891809042412,13.77322385841102,0.0,0.0,0.02023347943315054,14.614891809042412,0.0237912154661193,5.006660828976779,14.128313673795217,1.3445190191447263,0.4288293208968811,0.5514829989333332,0.0075881193396113,0.24928267433150203,7.924591772635916,0.02208462081417751,97.73835437764467,0.2005204911600253,0.4782608695652174,2.3679301117194202,0.7510450835026602,0.14032021082894602,0.284459566324199,0.4878383700311099,0.6836499363860687,12.023087401721245,0.29804882643626585,0.08271624939077364,Electrical Equipment & Parts,Industrials,ESP
2007Q2,2007,Q2,2007-02-12,2006-12-31,479911.0,6119320.0,545478.0,0.23,1258221.0,0.20561451272363596,31528247.0,29632011.0,28692321.0,1699853.0,1896236.0,12574504.0,26144992.0,,,,,,,,,,,,,,,,,,,,,,,,,,,,,,,Electrical Equipment & Parts,Industrials,ESP
2007Q1,2007,Q1,2006-11-14,2006-09-30,543050.0,6071906.0,670328.0,0.26,1397308.0,0.23012675097407634,31865643.0,29384553.0,28997879.0,2269572.0,2481090.0,12540059.0,25930546.0,,,,,,,,,,,,,,,,,,,,,,,,,,,,,,,Electrical Equipment & Parts,Industrials,ESP
