Year,Date,FillingDate,NetIncome,Revenue,OperatingIncome,EPSDiluted,GrossProfit,GrossProfitRatio,TotalAssets,CommonStockEquity,CurrentAssets,CurrentLiability,TotalLiability,Inventory,RetainedEarnings,EnterpriseValue,bookValuePerShare,currentRatio,debtToAssets,debtToEquity,roic,shareholdersEquityPerShare,roe,priceToSalesRatio,peRatio,pbRatio,payoutRatio,inventoryTurnover,dividendYield,assetTurnover,quickRatio,returnOnAssets,priceToFreeCashFlowsRatio,grossProfitMargin,epsdilutedGrowth,fiveYNetIncomeGrowthPerShare,fiveYRevenueGrowthPerShare,fiveYShareholdersEquityGrowthPerShare,grossProfitGrowth,netIncomeGrowth,operatingIncomeGrowth,threeYNetIncomeGrowthPerShare,threeYRevenueGrowthPerShare,threeYShareholdersEquityGrowthPerShare,Industry,Sector,Price,MarketCap,AvgVolume,Symbol
2022,2022-06-30,2022-06-30,-55454000.0,31012000.0,-56660000.0,-1.24,31012000.0,1.0,845938000.0,-131329000.0,418449000.0,632694000.0,635920000.0,0.0,-131329000.0,399865314.41999996,-2.9263536811795277,0.6613765896310064,0.003761504980270422,-0.024229225837400725,0.43273740313858305,-2.9263536811795277,0.422252510869648,7.423717090803559,-4.151626833411476,-1.7530348546018015,-0.4379485699859343,0.0,0.1054884235888954,0.03665989706101393,0.6250414892507279,-0.06555326749714518,3.500445764337019,1.0,-2.0163934426229506,-2.6059297599015854,-0.14733894177806578,-4.316842641194693,-0.4245100950118765,-2.02986294246555,-2.030575310573128,-3.0327169719175044,-0.16104844780877803,-1.9855927915907445,Asset Management,Financial Services,5.6738,256444412,96259,RCS
2021,2021-06-30,2021-06-30,53846000.0,53888000.0,54979000.0,1.22,53888000.0,1.0,1267457000.0,290989000.0,505015000.0,738087000.0,976468000.0,0.0,-47672000.0,548802462.26,6.592998116325093,0.684221507762635,0.16964283600942676,0.7389110928591802,0.10865329127832982,6.592998116325093,0.18504479550773398,6.2328433465706645,6.237704978271367,1.1542548421417993,0.44565984474241355,0.0,0.0714461242227454,0.04251662975548677,0.684221507762635,0.04248349253663043,-22.326207275990427,1.0,3.652173913043478,3.049308508456017,0.4162261005625114,8.805243923286199,3.6498819826907947,3.6401569012012747,4.4882938899816,1.9508799141091966,0.3503819152969744,7.657284455360873,Asset Management,Financial Services,5.6738,256444412,96259,RCS
2020,2020-06-30,2020-06-30,-20395000.0,-20336000.0,-15761000.0,-0.46,-20336000.0,1.0,1362366000.0,261163000.0,536353000.0,920551000.0,1101203000.0,0.0,-83199000.0,456806416.09000003,5.89041327306247,0.5826434385493037,0.1305933941393135,0.6812450461972025,-0.03589559054293191,5.89041327306247,-0.07809299173313218,-13.888002364771834,-13.847826236332436,1.0814181797957598,-1.3800931600882569,0.0,0.09966135742426614,-0.014926972634372848,0.5826434385493037,-0.014970279645851408,3.8027496814283217,1.0,-1.7540983606557379,-2.344290254742969,-2.573910669910395,11.15869545155245,-1.5682986809747372,-1.7722746033549168,-1.4799768553765569,-1.5978404805958524,-1.5659526885074337,11.702192515517881,Asset Management,Financial Services,5.6738,256444412,96259,RCS
2019,2019-06-30,2019-06-30,26409000.0,35784000.0,32837000.0,0.61,35784000.0,1.0,0.0,-42582000.0,522457999.0,1224662000.0,1228395000.0,0.0,-42582000.0,424012089.82,-0.9801583422300354,0.4266140363626862,0.0,-0.015217697618712132,-0.7830638622597414,-0.9801583422300354,-0.6201916302663097,11.922090594120277,16.15434472414707,-10.018789390352731,1.2154189859517588,0.0,0.07523790080664701,0.0,0.40680612283225903,0.0,-11.434163914663236,1.0,0.48780487804878053,0.7764679018708499,1.826438233179571,-0.6903958400590565,-0.07929810116811609,0.48598919648885885,-0.08063387182574125,1.0176376856548188,-0.04458244005361837,-0.16037875478926153,Asset Management,Financial Services,5.6738,256444412,96259,RCS
2018,2018-06-30,2018-06-30,17772000.0,38866000.0,35717000.0,0.41,38866000.0,1.0,0.0,-42571000.0,575284000.0,1458307000.0,1464521000.0,0.0,-42571000.0,413877418.96,-0.9903434591886767,0.3944875804614529,0.0,-0.0013389396537549037,-0.8401232535164886,-0.9903434591886767,-0.41746728993916044,10.706154967323624,23.41353921674544,-9.774386764698974,1.8497073486383075,0.0,0.07900161233699306,0.0,0.38398361936135533,0.0,75.98711084002922,1.0,-0.4675324675324676,0.20821302560262778,2.1025748020418966,-0.7079612461731654,0.12746576932002784,-0.4569787338059154,0.14228604323909427,0.20821302560262778,2.1025748020418966,-0.7079612461731654,Asset Management,Financial Services,5.6738,256444412,96259,RCS
2017,2017-06-30,2017-06-30,32728000.0,34472000.0,31268000.0,0.77,34472000.0,1.0,0.0,-23411000.0,515835000.0,1088060000.0,1090725000.0,0.0,-23411000.0,433432169.69,-0.5503931334183659,0.474086906972042,0.0,-0.003118192302763658,-1.3397891850201389,-0.5503931334183659,-1.3979753107513562,12.57345583923184,13.243466441273528,-18.514039113664516,1.0820092886824737,0.0,0.08170136523398211,0.0,0.45753267283054244,0.0,7.667430340002476,1.0,1.5666666666666669,1.248576833410727,1.7809933619384533,0.05078371213911304,-0.05059351675893029,1.5792418630309717,-0.05282927420332,1.248576833410727,1.7809933619384533,0.05078371213911304,Asset Management,Financial Services,5.6738,256444412,96259,RCS
2016,2016-06-30,2016-06-30,12689000.0,36309000.0,33012000.0,0.3,36309000.0,1.0,0.0,-35575000.0,289555000.0,787974000.0,794301000.0,0.0,-35575000.0,404171990.08,-0.8446882866345168,0.3674677083254016,0.0,-0.0006184118060435699,-0.928529238038984,-0.8446882866345168,-0.3566830639494027,11.14698807678537,31.89660257545906,-11.376977936191146,3.0181259358499486,0.0,0.09462217578533164,0.0,0.34250114851505253,0.0,2.954234172347849,1.0,-0.11764705882352951,-0.11953076882864523,1.9583277005482207,-0.4567621417422903,0.05973311852059401,-0.6845980234246057,0.06917994558880684,-0.11953076882864523,1.9583277005482207,-0.4567621417422903,Asset Management,Financial Services,5.6738,256444412,96259,RCS
2015,2015-06-30,2015-06-30,40231200.0,34262400.0,30876000.0,0.34,34262400.0,1.0,0.0,-68172000.0,86963000.0,637821000.0,640258000.0,0.0,-68172000.0,,-0.5798395375817963,0.1363438958579288,0.0,,0.0,-0.5798395375817963,-0.5901425805315965,29.819489586835715,25.395396608105152,-14.986904887930526,0.8945892739963014,0.0,0.03522643445193472,0.0,0.0012871949967153795,0.0,40.830906708389286,1.0,0.0,0.0,0.0,0.0,0.0,0.0,0.0,0.0,0.0,0.0,Asset Management,Financial Services,5.6738,256444412,96259,RCS
TTM,,,,,,,,,,,,,,,,371265412.0,-3.2028860926349214,0.49166180119690556,0.001034554982683369,-0.003377351714230461,0.37517931517196934,-3.2028860926349214,0.3921381153641391,8.497727218503545,-4.737649095832872,-1.7714648088943836,-0.44983191104215153,0.0,0.08988684832034968,0.06384621731578469,0.36510363450591155,-0.11453729581290846,2.2467138476634365,1.0,,,,,,,,,,,Asset Management,Financial Services,5.6738,256444412,96259,RCS
