Quarters,Year,Quarter,FillingDate,Date,NetIncome,Revenue,OperatingIncome,EPSDiluted,GrossProfit,GrossProfitRatio,TotalAssets,CommonStockEquity,CurrentAssets,CurrentLiability,TotalLiability,Inventory,RetainedEarnings,MarketCap,EnterpriseValue,bookValuePerShare,currentRatio,debtToAssets,debtToEquity,roic,shareholdersEquityPerShare,roe,priceToSalesRatio,peRatio,pbRatio,payoutRatio,inventoryTurnover,dividendYield,assetTurnover,quickRatio,returnOnAssets,priceToFreeCashFlowsRatio,grossProfitMargin,epsdilutedGrowth,fiveYNetIncomeGrowthPerShare,fiveYRevenueGrowthPerShare,fiveYShareholdersEquityGrowthPerShare,grossProfitGrowth,netIncomeGrowth,operatingIncomeGrowth,threeYNetIncomeGrowthPerShare,threeYRevenueGrowthPerShare,threeYShareholdersEquityGrowthPerShare,Industry,Sector,Symbol
2023Q1,2023,Q1,2023-05-04,2023-03-31,-30784000.0,0.0,-28298000.0,-0.48,0.0,0.0,140739000.0,-38166000.0,109470000.0,79361000.0,178905000.0,0.0,-616004000.0,585195760.0,616967760.0,-0.5974078827912218,1.379392900795101,0.8182735418043329,-3.017423885133365,-0.35379076917992414,-0.5974078827912218,0.8065817743541371,0.0,-4.752434381496881,-15.332907823717447,0.0,0.0,0.0,0.0,1.3004624437696097,-0.21873112641130035,-19.35619224026726,0.0,-0.09090909090909087,-0.5184680107649662,-1.0,-1.2646110523645866,0.0,-0.12145719489981785,-0.22831843041930724,-21.871279350736565,-1.0,-1.7648914910580722,Drug Manufacturers—Specialty & Generic,Healthcare,AVDL
2022Q4,2022,Q4,2023-03-29,2022-12-31,-27450000.0,0.0,-23038000.0,-0.44,0.0,0.0,132785000.0,-21145000.0,100843000.0,55793000.0,153930000.0,0.0,-585220000.0,445896160.0,502937160.0,-0.33953690025049776,1.8074489631315755,0.9867228979176865,-6.1963584771813665,-0.20704336845189822,-0.33953690025049776,1.2981792385906834,0.0,-4.060985063752277,-21.087545991960276,0.0,0.0,0.0,0.0,1.769881526356353,-0.2067251572090221,-27.726412137793808,0.0,-0.33333333333333326,-1.1036608059562,-1.0,-1.1561203204587178,0.0,-0.3625533604685794,-0.358372641509434,-5.029139652285972,-1.0,0.5643429580504504,Drug Manufacturers—Specialty & Generic,Healthcare,AVDL
2022Q3,2022,Q3,2022-11-09,2022-09-30,-20146000.0,0.0,-16960000.0,-0.33,0.0,0.0,145758000.0,-12440000.0,113222000.0,41511000.0,158198000.0,3745000.0,-557770000.0,301607010.0,379162010.0,-0.2066410856962509,2.72751800727518,0.9486271765529165,-11.114951768488746,-0.1331002939453771,-0.2066410856962509,1.6194533762057879,0.0,-3.742765437307654,-24.244936495176848,0.0,0.0,0.0,0.0,2.61696899616969,-0.13821539812566033,-40.112649288469214,0.0,0.6915887850467289,-1.618397413975849,-1.0,-1.0858178631607716,0.0,0.6824601223125907,0.43347696830009685,-0.41333402835758937,-1.0,0.7130951420789657,Drug Manufacturers—Specialty & Generic,Healthcare,AVDL
2022Q2,2022,Q2,2022-08-09,2022-06-30,-63444000.0,0.0,-29937000.0,-1.07,0.0,0.0,157938000.0,-3332000.0,125713000.0,46217000.0,161270000.0,3881000.0,-537624000.0,144050280.0,226432280.0,-0.05643918220776801,2.7200597182854795,0.864326507870177,-40.96938775510204,-0.42195104758361274,-0.05643918220776801,19.040816326530614,0.0,-0.5676276716474371,-43.23237695078031,0.0,0.0,0.0,0.0,2.625700499816085,-0.40170193367017437,-10.223582682753726,0.0,-1.377777777777778,-2.5265449289878434,-1.0,-1.0302255035462855,0.0,-1.4009990917347865,-0.04579752672395724,-3.6652590935177822,-1.0,0.881400568681252,Drug Manufacturers—Specialty & Generic,Healthcare,AVDL
2022Q1,2022,Q1,2022-05-09,2022-03-31,-26424000.0,0.0,-28626000.0,-0.45,0.0,0.0,221127000.0,55232000.0,160741000.0,44023000.0,165895000.0,5317000.0,-474180000.0,401767920.0,486020920.0,0.938936488508092,3.6512959134997613,0.6563015823486051,2.6275709733487833,-0.12132270079989159,0.938936488508092,-0.47841830822711473,0.0,-3.80116485013624,7.274187427578215,0.0,0.0,0.0,0.0,3.5206596551802467,-0.11949694067210245,-11.801084447055368,0.0,-0.1842105263157895,-1.717305407523548,-1.0,-0.3424806493427136,0.0,-0.18487960181157795,-0.23729253112033194,-0.28895232718918706,-1.0,4.660304069268552,Drug Manufacturers—Specialty & Generic,Healthcare,AVDL
2021Q4,2021,Q4,2022-03-16,2021-12-31,-22301000.0,0.0,-23136000.0,-0.38,0.0,0.0,247265000.0,78244000.0,192490000.0,21000000.0,169021000.0,0.0,-447756000.0,473649600.0,567945600.0,1.3347662913681337,9.166190476190476,0.5864315612804076,1.8532283625581514,-0.08674123703922791,1.3347662913681337,-0.2850186595777312,0.0,-5.309734989462355,6.053494197638158,0.0,0.0,0.0,0.0,7.486714285714286,-0.09019068610599963,0.0,0.0,0.0,-4.316455814388592,-1.0,0.309383871222789,0.0,-0.013589673666030361,0.09846861239917391,0.7774674602031388,-1.0,16.934841743800455,Drug Manufacturers—Specialty & Generic,Healthcare,AVDL
2021Q3,2021,Q3,2021-11-08,2021-09-30,-22002000.0,0.0,-25663000.0,-0.38,0.0,0.0,264089000.0,98957000.0,205820000.0,17587000.0,165132000.0,0.0,-425455000.0,574133000.0,660014000.0,1.6891183750106682,11.702962415420481,0.5454600532396275,1.455682771304708,-0.08504279871634583,1.6891183750106682,-0.2223389957254161,0.0,-6.523645577674757,5.80184322483503,0.0,0.0,0.0,0.0,11.507079092511514,-0.08331282257117865,-27.033289386947924,0.0,-0.15151515151515146,0.22535053423768012,-1.0,0.8912641083760477,0.0,-0.12364026352075992,-0.16990335521517141,0.12120022724103624,-1.0,-0.0518203810137553,Drug Manufacturers—Specialty & Generic,Healthcare,AVDL
2021Q2,2021,Q2,2021-08-09,2021-06-30,-19581000.0,0.0,-21936000.0,-0.33,0.0,0.0,282591000.0,118880000.0,230702000.0,16280000.0,163711000.0,0.0,-403453000.0,393624240.0,470339240.0,2.0325536862262346,14.17088452088452,0.5090643367977041,1.2101026244952893,-0.06947507790601806,2.0325536862262346,-0.16471231493943472,0.0,-5.025589091466218,3.311105652759085,0.0,0.0,0.0,0.0,13.792076167076168,-0.0692909540643545,-38.76925440756427,0.0,-0.43478260869565216,0.30820046523221956,-1.0,0.6170482382355829,0.0,-0.456377835626627,-0.4810613733036257,-2.5807951417011776,-1.0,-0.04844213390992413,Drug Manufacturers—Specialty & Generic,Healthcare,AVDL
2021Q1,2021,Q1,2021-05-10,2021-03-31,-13445000.0,0.0,-14811000.0,-0.23,0.0,0.0,292941000.0,136504000.0,242314000.0,9120000.0,156437000.0,0.0,-383872000.0,528324719.99999994,612814720.0,2.3356774977328336,26.56951754385965,0.4904127452285614,1.0524380237941746,-0.043934136774850495,2.3356774977328336,-0.0984952821895329,0.0,-9.82381405727036,3.870397350993377,0.0,0.0,0.0,0.0,25.81425438596491,-0.04589661399394417,-22.540412133623445,0.0,-0.21052631578947373,-0.48802142543804705,-1.0,0.38202378346891336,-1.0,-0.19214399716261749,-0.03863955119214586,0.27503907420779433,-1.0,0.03454624296506004,Drug Manufacturers—Specialty & Generic,Healthcare,AVDL
2020Q4,2020,Q4,2021-03-09,2020-12-31,-11278000.0,2.2334e-05,-14260000.0,-0.19,1.6592e-05,0.7429031969194949,311637000.0,162266000.0,263454000.0,15109000.0,149371000.0,0.0,-384187000.0,389611000.0,446573000.0,2.7821003000428632,17.43689191872394,0.4129291451271832,0.7930435211319685,-0.038810630669430184,2.7821003000428632,-0.06950316147560179,17444747917972.598,-8.636526866465685,2.4010636855533507,0.0,0.0,0.0,7.166671479959055e-14,17.2204646237342,-0.036189541036526475,-20.302813965607086,0.7429031969194949,0.050000000000000044,-1.1044998622547875,-0.9999999999996367,0.6859039982209202,0.0,0.03631547466461591,-0.04110389136307221,0.07714935625820582,-0.9999999999995665,0.2792199907301551,Drug Manufacturers—Specialty & Generic,Healthcare,AVDL
2020Q3,2020,Q3,2020-11-09,2020-09-30,-11703000.0,0.0,-13697000.0,-0.2,0.0,0.0,327635000.0,171200000.0,281688000.0,23009000.0,156435000.0,0.0,-372909000.0,293393520.0,337324520.0,2.9409238486248777,12.242513798948238,0.38774856166160515,0.7420560747663552,-0.03183578166269455,2.9409238486248777,-0.06835864485981308,0.0,-6.267485260189695,1.7137471962616821,0.0,0.0,0.0,0.0,12.096570907036376,-0.03571962702397485,-28.693742787286062,0.0,-1.4081632653061225,0.7248727897020028,-1.0,0.0,-1.0,-1.3790568115566495,-1.3401375748094067,-1.3715008094847876,-1.0,0.2213631164255853,Drug Manufacturers—Specialty & Generic,Healthcare,AVDL
2020Q2,2020,Q2,2020-08-10,2020-06-30,30874000.0,10091000.0,40269000.0,0.49,6806000.0,0.6744623922307006,341401000.0,182125000.0,277019000.0,27018000.0,159276000.0,0.0,-361206000.0,438517760.0,461785760.0,3.355781987028302,10.253127544599897,0.3674330186496232,0.6887687028140014,0.11081477605945707,3.355781987028302,0.16952093342484556,43.456323456545434,3.550866100926346,2.407784543582704,0.0,0.0,0.0,0.029557616995849457,10.073321489377452,0.09043324419084889,-56.35750674720473,0.6744623922307006,25.5,2.319300274225358,-0.8493224775382133,8.930033770077955,-0.3045166564479869,36.69248554913295,7.198091426812375,-0.1919087793724901,-0.8350239384519825,0.7971592851238134,Drug Manufacturers—Specialty & Generic,Healthcare,AVDL
2020Q1,2020,Q1,2020-05-11,2020-03-31,-865000.0,12243000.0,-6497000.0,-0.02,9786000.0,0.7993138936535163,207725000.0,32067000.0,130975000.0,32336000.0,175658000.0,3523000.0,-392080000.0,325992580.0,376348580.0,0.7810361205153811,4.050439139040079,0.5962787339029968,3.8626001808713006,-0.003412400246704923,0.7810361205153811,-0.02697477157202108,26.62685452911868,-94.21750867052023,10.165983097888796,0.0,0.6974169741697417,0.0,0.05893850042122999,3.8628154379020287,-0.004164159345288241,-28.015862839463733,0.7993138936535163,0.7142857142857143,-1.0727304859363493,-0.6336388777498798,0.41162992437120943,0.14042652371518471,0.6841913106973347,0.11569348033210834,-1.0336425566147476,-0.7650307982577585,-0.4530552714836435,Drug Manufacturers—Specialty & Generic,Healthcare,AVDL
2019Q4,2019,Q4,2020-03-16,2019-12-31,-2739000.0,10995000.0,-7347000.0,-0.07,8581000.0,0.7804456571168713,151436000.0,-29199000.0,82380000.0,35984000.0,180635000.0,3570000.0,-391215000.0,282860750.0,395417750.0,-0.7793674095822768,2.2893508225878167,0.8078065981668824,-4.189561286345422,-0.017843360946313398,-0.7793674095822768,0.09380458234871057,25.72630741246021,-25.817885177071922,-9.68734374464879,0.0,0.6761904761904762,0.0,0.07260492881481286,2.115745887060916,-0.018086848569692806,-34.27368835574942,0.7804456571168713,0.7083333333333333,0.891728506442471,2.240768187006085,-2.2587276737125768,-0.2476766614062774,0.6909972924187726,-0.7716421509524958,-1.637326515309515,-0.7188957932049101,-1.7645466644334542,Drug Manufacturers—Specialty & Generic,Healthcare,AVDL
2019Q3,2019,Q3,2019-11-12,2019-09-30,-8864000.0,14229000.0,-4147000.0,-0.24,11406000.0,0.8016023613746573,155888000.0,-26963000.0,88602000.0,31763000.0,182851000.0,2260000.0,-388476000.0,155733760.0,264629760.0,-0.7202425472806924,2.789472027201461,0.7810928358821718,-4.515929236360939,-0.05585566579395153,-0.7202425472806924,0.3287468011719764,10.944814112024739,-4.39231046931408,-5.775832066164744,0.0,1.2491150442477876,0.0,0.09127707071743817,2.608380820451469,-0.05686133634404188,-20.991206362043403,0.8016023613746573,-0.04347826086956513,0.0862879988084304,1.096599038036488,-1.6972044254502248,-0.18130921619293713,-0.03009877977919814,0.06829925859357448,0.511606575251772,-0.5114770017377793,-1.80643778384609,Drug Manufacturers—Specialty & Generic,Healthcare,AVDL
2019Q2,2019,Q2,2019-08-09,2019-06-30,-8605000.0,17554000.0,-4451000.0,-0.23,13932000.0,0.7936652614788652,165709000.0,-17777000.0,97200000.0,33580000.0,183486000.0,2601000.0,-379612000.0,98619840.0,201243840.0,-0.4758807152800086,2.8945801072066706,0.7225618403345624,-6.735388423243517,-0.052664526578420454,-0.4758807152800086,0.4840524272936941,5.618083627663211,-2.8651900058105753,-5.54760870788097,0.0,1.3925413302575933,0.0,0.10593268923232896,2.721024419297201,-0.05192838047420478,-68.20182572614108,0.7936652614788652,0.3428571428571428,0.579830113652973,1.2348977774894812,-1.3161243442948511,0.0577784526611495,0.3389921646950376,0.45500183665972815,0.5240046862626099,-0.5012711739633282,-1.378598645373333,Drug Manufacturers—Specialty & Generic,Healthcare,AVDL
2019Q1,2019,Q1,2019-05-08,2019-03-31,-13018000.0,16437000.0,-8167000.0,-0.35,13171000.0,0.8013019407434446,173622000.0,-9582000.0,102437000.0,31358000.0,183204000.0,4258000.0,-371007000.0,53042680.0,161676680.0,-0.25651871285538363,3.2666943044837042,0.6811579177753971,-12.34230849509497,-0.0699137777557248,-0.25651871285538363,1.358589021081194,3.2270292632475512,-1.0186411123060377,-5.535658526403673,0.0,0.7670267731329262,0.0,0.09467118222345094,2.997289367944384,-0.07497897731854258,-2.497771708419665,0.8013019407434446,0.7952689580944805,0.6295956419467789,0.35784412453265824,-1.0929559804728286,-0.20790233341351935,0.7961446311404814,0.8917145092215696,-1.254177090912682,-0.4989118336508762,-1.151782496691041,Drug Manufacturers—Specialty & Generic,Healthcare,AVDL
2018Q4,2018,Q4,2019-03-15,2018-12-31,-63859000.0,20920000.0,-75421000.0,-1.70956,16628000.0,0.7948374760994263,190300000.0,2780000.0,124851000.0,38383000.0,187520000.0,4770000.0,-357989000.0,96373320.0,202888320.0,0.07442308721957488,3.2527681525675427,0.6087230688386758,41.669064748201436,-0.517946300538824,0.07442308721957488,-22.970863309352517,4.606755258126195,-0.3772894971734603,34.666661870503596,0.0,0.89979035639413,0.0,0.10993168681029952,2.9655576687596072,-0.33557015239096166,-3.9276733096955616,0.7948374760994263,-2.9757209302325585,-9.501464232700991,1.3108854651701387,1.1994839183925865,-0.004668981204357716,-3.049140828102213,-4.350904576090812,-1.9238966112627762,-0.4689186110183275,-0.9549009141397625,Drug Manufacturers—Specialty & Generic,Healthcare,AVDL
2018Q3,2018,Q3,2018-11-05,2018-09-30,-15771000.0,19826000.0,-14095000.0,-0.43,16706000.0,0.8426308887319681,269006000.0,65742000.0,147876000.0,47019000.0,203264000.0,6030000.0,-294130000.0,157949120.0,254601120.0,1.781432907001951,3.145026478657564,0.42560017248685905,1.7414894587934653,-0.07492249341446225,1.781432907001951,-0.2398923062882176,7.966766871784525,-2.5037905015534845,2.4025603115207934,0.0,0.5174129353233831,0.0,0.07370095834293659,2.9075267445075395,-0.058626945123900584,-7.774617050600512,0.8426308887319681,-3.7777777777777777,-0.7086701077940357,1.450404113801385,3.9447704626293207,-0.3504160510148534,-3.587260034904014,-4.061041292639138,0.41515320961138996,-0.5387776988348743,0.0,Drug Manufacturers—Specialty & Generic,Healthcare,AVDL
2018Q2,2018,Q2,2018-08-07,2018-06-30,-3438000.0,29230000.0,-2785000.0,-0.09,25718000.0,0.8798494697228875,295236000.0,78546000.0,174976000.0,51613000.0,216690000.0,5724000.0,-278359000.0,225412360.0,326081360.0,2.136027412161427,3.3901536434619186,0.3832391713747646,1.4405062001884246,-0.013214029847483514,2.136027412161427,-0.04377052937132381,7.711678412589805,-16.391242001163466,2.869813357777608,0.0,0.6135569531795947,0.0,0.09900554132964814,3.173657799391626,-0.011644921351054749,-5.636436287257451,0.8798494697228875,0.71875,0.9276575856564157,2.6468344135495543,6.395464312853303,-0.036815100558031534,0.7190258254331481,0.7794059405940594,0.7831720818313784,-0.3558282802632314,5.32068007354624,Drug Manufacturers—Specialty & Generic,Healthcare,AVDL
2018Q1,2018,Q1,2018-05-04,2018-03-31,-12236000.0,33293000.0,-12625000.0,-0.32,26701000.0,0.8020004205088157,351861000.0,87054000.0,231933000.0,87185000.0,264807000.0,5948000.0,-274921000.0,281095110.0,352022110.0,2.2576830311989418,2.6602397201353445,0.31784710439633834,1.2846968548257403,-0.05333381997724511,2.2576830311989418,-0.1405564362349806,8.443069413990928,-5.743198553448839,3.2289740850506585,0.0,1.1082716879623402,0.0,0.09461975041280506,2.4821815679302635,-0.034775095847507966,-15.573999113524295,0.8020004205088157,-0.3333333333333334,0.08653417646863722,3.269275327526274,1.6463893661987412,-0.13037389265242313,-0.4840509399636143,-2.094362745098039,-2.0954720477299107,0.0608058654404878,3.080493645393142,Drug Manufacturers—Specialty & Generic,Healthcare,AVDL
2017Q4,2017,Q4,2018-03-16,2017-12-31,-8245000.0,34752000.0,-4080000.0,-0.24,30704000.0,0.8835174953959485,253277000.0,85580000.0,123975000.0,86539000.0,167697000.0,6157000.0,-262685000.0,322670000.0,306373000.0,2.174841168996188,1.4325910860999087,0.0010541817851601211,0.0031198878242580043,-0.06891580679073869,2.174841168996188,-0.09634260341201215,9.284933241252302,-9.783808368708307,3.77039027810236,0.0,0.6574630501867793,0.0,0.1372094584190432,1.2778516044789054,-0.03255329145559999,-21.734473932372357,0.8835174953959485,-1.4615384615384615,-1.5804083021255366,2.046086372777887,0.7976091789241047,-0.1443778737634109,-1.3803219705705982,-1.1562141052147943,0.6896914401924192,4.733844435804216,2.512506080812602,Drug Manufacturers—Specialty & Generic,Healthcare,AVDL
2017Q3,2017,Q3,2017-11-09,2017-09-30,21679000.0,39675000.0,26118000.0,0.52,35885000.0,0.9044738500315059,277427000.0,96463000.0,148933000.0,97308000.0,180964000.0,5870000.0,-254440000.0,420640500.0,384106500.0,2.4079029480042933,1.5305319192666584,0.0032981649226643405,0.00948550221328385,0.21067317008484193,2.4079029480042933,0.22473901910577113,10.602155009451796,4.850783015821763,4.36064086748287,0.0,0.645655877342419,0.0,0.14301059377782263,1.4524499527274222,0.07814307908026255,-7.591555523470916,0.9044738500315059,-0.23529411764705885,3.118864463211113,3.6155251209671087,0.0,-0.14047904191616767,-0.2505617589103606,-0.23465979018929847,3.0882691845363848,4.462929437417272,1.3308822808949872,Drug Manufacturers—Specialty & Generic,Healthcare,AVDL
2017Q2,2017,Q2,2017-08-09,2017-06-30,28927000.0,46311000.0,34126000.0,0.68,41750000.0,0.9015136792554684,259160000.0,76728000.0,204351000.0,88709000.0,182432000.0,5747000.0,-276119000.0,453233730.0,410611730.0,1.8672702051544134,2.3036106821179363,0.0034148788393270567,0.01153425086018142,0.3504157192595134,1.8672702051544134,0.3770070899801898,9.786740299280948,3.9170474815915926,5.907018689396309,0.0,0.7936314598921176,0.0,0.17869655811081958,2.1951436720062225,0.11161830529402686,54.997419002548234,0.9015136792554684,0.11475409836065584,3.993049956224606,3.699622483485944,0.8522501695938479,-0.14103487295545725,0.1164415283674257,0.023544584745508534,2.2840770984726193,4.360180132903275,0.24041498273033451,Drug Manufacturers—Specialty & Generic,Healthcare,AVDL
2017Q1,2017,Q1,2017-05-10,2017-03-31,25910000.0,52507000.0,33341000.0,0.61,48605000.0,0.9256860989963243,258688000.0,59082000.0,204612000.0,84049000.0,199606000.0,5406000.0,-305046000.0,400500320.0,369091320.0,1.4279982597766714,2.4344370545753073,0.0031969012864918357,0.013997495006939508,0.41857891175783246,1.4279982597766714,0.4385430418740056,7.627560515740758,3.8643411810111923,6.778719745438543,0.0,0.7217906030336663,0.0,0.20297423923800098,2.3144118311937083,0.10015926521523998,16.036690958596942,0.9256860989963243,4.545454545454546,1304.2901983532329,3.3128097539727746,0.11668258475954674,0.20030127920185706,4.473172792564427,0.9538795124238162,1.66559314108899,2.91610359623763,-0.4825290643577017,Drug Manufacturers—Specialty & Generic,Healthcare,AVDL
2016Q4,2016,Q4,2017-03-28,2016-12-31,4734000.0,43085000.0,17064000.0,0.11,40494000.0,0.9398630613902751,245482000.0,42069000.0,181186000.0,62421000.0,203413000.0,3258000.0,-319800000.0,428784910.0,390384910.0,1.0193850105405995,2.902644943208215,0.0033199990223315764,0.019372934940217263,0.10418744371521281,1.0193850105405995,0.11252941595949512,9.952069397702216,22.643901035065486,10.192419834082104,0.0,0.7952731737262124,0.0,0.17551185015601958,2.7750436551801476,0.019284509658549304,56.868025198938994,0.9398630613902751,1.2037037037037037,2.372140854351231,2.019149889682755,-0.14422843916085532,0.3847416475737783,1.236771031309393,2.0539839407041383,-0.4295559677028597,3.307804712614807,3.7323633545777044,Drug Manufacturers—Specialty & Generic,Healthcare,AVDL
2016Q3,2016,Q3,2016-11-14,2016-09-30,-19994000.0,32087000.0,-16190000.0,-0.54,29243000.0,0.9113659737588431,247985000.0,36833000.0,177854000.0,59185000.0,211152000.0,3909000.0,-324534000.0,511388400.0,493628400.0,0.8931160738100434,3.0050519557320268,0.004113152005161602,0.027692558303695058,-0.5169302676604068,0.8931160738100434,-0.5428284418863519,15.937557266182566,-6.394273281984596,13.883973610620911,0.0,0.7275518035303147,0.0,0.12939089057805916,2.8366309031004477,-0.0806258443050991,-102.25722855428914,0.9113659737588431,-0.1250000000000001,-8.016205432561646,0.8377885383344215,-0.31984863099458233,-0.16331435438184888,-0.0018037879547048803,-0.4025816512171879,-0.9383979061700551,2.548754690491951,2.4763518870219254,Drug Manufacturers—Specialty & Generic,Healthcare,AVDL
2016Q2,2016,Q2,2016-08-15,2016-06-30,-19958000.0,38858000.0,-11543000.0,-0.48,34951000.0,0.899454423799475,249706000.0,51838000.0,177648000.0,58188000.0,197868000.0,3640000.0,-304540000.0,442928340.0,420100340.0,1.2569530321767173,3.0530006186842646,0.004289043915644798,0.02066051931015857,-0.3480836049834929,1.2569530321767173,-0.3850071376210502,11.39863966236039,-5.548255586732138,8.544472008950963,0.0,1.0733516483516483,0.0,0.15561500324381472,2.903468069017667,-0.07992599296773005,-64.40720372255343,0.899454423799475,-2.1999999999999997,-2.4481306508645315,2.438752752136259,-0.028693032199555515,0.09836271644511486,-2.1301756587202005,-3.0828220858895707,0.625551402101774,3.322706379635865,4.174980428354961,Drug Manufacturers—Specialty & Generic,Healthcare,AVDL
2016Q1,2016,Q1,2016-05-10,2016-03-31,-6376000.0,36216000.0,5542000.0,-0.15,31821000.0,0.8786447978793903,255010000.0,69699000.0,180474000.0,60943000.0,185311000.0,5312000.0,-286169000.0,455300639.99999994,418594639.99999994,1.6900414635920564,2.961357333902171,0.004564526881298773,0.016700383075797357,-0.6518292730730816,1.6900414635920564,-0.09147907430522675,12.571809145129222,-17.852126725219573,6.532384108810743,0.0,0.8273719879518072,0.0,0.14201796007999687,2.7299115567005234,-0.02500294106113486,20.65979852981214,0.8786447978793903,-1.0857142857142856,0.22663768988484018,2.1997359393761817,0.224397010837762,-0.2223607038123167,-1.083787797153633,-0.9279220694767782,0.5549613615866529,3.3420846826431743,0.9810166865230198,Drug Manufacturers—Specialty & Generic,Healthcare,AVDL
2015Q4,2015,Q4,2016-04-29,2015-12-31,76097000.0,43368000.0,76889000.0,1.75,40920000.0,0.9435528500276702,214977000.0,67865000.0,166306000.0,48788000.0,147112000.0,4155000.0,-279793000.0,502136250.00000006,438190250.00000006,1.6502127659574468,3.408748052799869,0.005200556338585058,0.01647388197156119,1.007367406994741,1.6502127659574468,1.1212996389891696,11.578496817930272,1.6496584950786497,7.399045899948428,0.0,0.5891696750902528,0.0,0.20173320866883435,3.254632286627859,0.3539774022337273,19.428006267894453,0.9435528500276702,3.397260273972603,16.02932744347163,0.9322145795874207,0.12026287921187817,-0.09535073950434417,3.5634832406939534,6.310380551143035,4.1256543663539,2.637228874964137,0.3639789689248986,Drug Manufacturers—Specialty & Generic,Healthcare,AVDL
2015Q3,2015,Q3,2015-09-30,2015-09-30,-29685000.0,47320000.0,-14479000.0,-0.73,45233000.0,0.9558960270498732,,,,,,,,662593709.375,,,0.0,0.0,0.0,0.0,,0.0,14.002402987637362,-5.580206412118916,0.0,0.0,0.0,0.0,0.0,0.0,0.0,36.45431939783231,0.9558960270498732,-0.6929695381439952,-4.344736139332365,2.537857281432658,0.0,-0.038393673334892325,-0.7060344827586207,-11.30161427357689,-1.8610760179586952,4.4284686180066695,0.0,Drug Manufacturers—Specialty & Generic,Healthcare,AVDL
2015Q2,2015,Q2,2015-06-30,2015-06-30,-17400000.0,49795000.0,-1177000.0,-0.431195,47039000.0,0.9446530776182348,186546000.0,13637000.0,132167000.0,52749000.0,172909000.0,5751000.0,-326205000.0,855080110.3529999,949529110.3529999,0.33794265606026813,2.5055830442283265,0.8024026245537293,10.9763877685708,-0.017518193839879796,0.33794265606026813,-1.2759404561120482,17.17200743755397,-12.285633769439656,62.70294862161766,0.0,0.4792210050426013,0.0,0.26693148070717143,2.298185747597111,-0.09327458106847641,62.86891481163149,0.9446530776182348,-2.5970185185185186,-1.4532868068664662,3.0078653190978835,-0.7451333472648924,0.6166827055265328,-2.493946939125955,-1.1152339925592325,-0.8332880237933697,4.145593021577945,-0.664775702909658,Drug Manufacturers—Specialty & Generic,Healthcare,AVDL
2015Q1,2015,Q1,2015-03-31,2015-03-31,11647000.0,32726000.0,10214000.0,0.27,29096000.0,0.8890790197396565,186410000.0,22246000.0,129334000.0,77652000.0,164164000.0,5497000.0,-308805000.0,722921860.0,807572860.0,0.5532867411147313,1.6655591613866996,0.6608336462636125,5.537444933920705,0.03697753479649031,0.5532867411147313,0.5235547963678864,22.090138116482308,15.517340516871297,32.49671221792682,0.0,0.6603601964708022,0.0,0.17555925111313772,1.5266831504661824,0.062480553618368115,28.869528373467514,0.8890790197396565,1.4264392324093818,2.7523809872874083,1.4500667251499275,-0.6538509601913157,4.936147186147186,1.4290029098677668,1.310465363688866,602.7811906716078,1.7660616905340947,-0.5673344389944769,Drug Manufacturers—Specialty & Generic,Healthcare,AVDL
2014Q4,2014,Q4,2014-12-31,2014-12-31,-27149000.0,-9510000.0,-32899000.0,-0.63315,-7392000.0,-0.7772870662460568,174207000.0,24895000.0,112322000.0,70842000.0,149312000.0,6729000.0,-320452000.0,688745869.7930001,767465869.7930001,0.6191707911557689,1.5855283588831484,0.680110443323173,4.7591885920867645,-0.2381988917908941,0.6191707911557689,-1.0905402691303474,-72.42333015699265,-6.3422766012836576,27.666032126651942,0.0,-0.31475702184574234,0.0,-0.05459022886565982,1.4330764235905253,-0.15584333580166124,-103.78931130093432,0.7772870662460568,-1.4351923076923077,-1.8852273956559513,-1.5436457259937966,-0.6640332886988191,-2.445161290322581,-1.702468644236512,-0.9559453032104638,-7.076934384883431,-1.6840082972973516,-0.48020743007356875,Drug Manufacturers—Specialty & Generic,Healthcare,AVDL
2014Q3,2014,Q3,2014-09-30,2014-09-30,-10046000.0,7028000.0,-16820000.0,-0.26,5115000.0,0.7278030734206034,164385000.0,40048000.0,99248000.0,47720000.0,124337000.0,6473000.0,-293303000.0,554755770.0,626665770.0,1.0330435679830783,2.079798826487846,0.583483894515923,2.395025968837395,-0.12325069711753295,1.0330435679830783,-0.25084898122253296,78.93508394991463,-13.805389458490941,13.852271524170996,0.0,0.2955353004789124,0.0,0.042753292575356636,1.8733235540653814,-0.06111263193113727,197.56259615384616,0.7278030734206034,0.5272727272727273,-0.8561845865083328,-0.5563036104177174,-0.5001901251370068,-0.20648464163822525,0.5232762302472358,0.16468017481128328,-4.750272072028379,-0.5717817519558307,-0.21328703221237374,Drug Manufacturers—Specialty & Generic,Healthcare,AVDL
2014Q2,2014,Q2,2014-06-30,2014-06-30,-21073000.0,8082000.0,-20136000.0,-0.55,6446000.0,0.797574857708488,174631000.0,57863000.0,105121000.0,37841000.0,116768000.0,5564000.0,-283257000.0,576570000.0,609991000.0,1.505359279879286,2.7779656985809043,0.5011996724521992,1.5126246478751533,-0.14018213115092046,1.505359279879286,-0.36418782296113233,71.34001484780995,-6.84015090400038,9.964398665814079,0.0,0.29403306973400434,0.0,0.046280442762167084,2.5561163817023864,-0.12067158751882541,-100.78133193497641,0.797574857708488,0.41489361702127653,-2.740342486785011,-0.46814478763875556,-0.2701178756295656,-0.10757303059670498,0.20891208048652302,0.16106991084076328,-2.906262881510255,-0.23262480262976473,0.16326220643082986,Drug Manufacturers—Specialty & Generic,Healthcare,AVDL
2014Q1,2014,Q1,2014-03-31,2014-03-31,-26638000.0,9175000.0,-24002000.0,-0.94,7223000.0,0.7872479564032697,181743000.0,78129000.0,108725000.0,37297000.0,103614000.0,5132000.0,-262184000.0,379380800.0,398577800.0,2.7595719129697653,2.9151138161246215,0.4110309613024986,0.9561366458037348,-0.14197551253276128,2.7595719129697653,-0.3409489434140972,41.34940599455041,-3.5605225617538854,4.855825621728168,0.0,0.3803585346843336,0.0,0.05048337487551102,2.7241333083089794,-0.1465696065323011,-135.6384697890597,0.7872479564032697,-5.699999999999999,-20.137675683440936,-0.34925712285203536,0.3619492323919983,0.23596851471594799,-6.19563097327872,-25.195564516129032,-3.7064662294994344,0.18080550314657204,0.9992477546974585,Drug Manufacturers—Specialty & Generic,Healthcare,AVDL
2013Q4,2013,Q4,2013-12-31,2013-12-31,5127000.0,6179000.0,992000.0,0.2,5844000.0,0.9457841074607541,116252000.0,-9512000.0,33623000.0,40595000.0,125764000.0,3762000.0,-235546000.0,205242800.00000003,284205800.0,-0.3730781299027298,0.8282547111713265,0.7363228159515535,-8.999053826745165,0.18782976719708616,-0.3730781299027298,-0.5390033641715728,33.21618384851918,10.007938365515896,-21.57724978973928,0.0,0.08904837852206274,0.0,0.053151773732925026,0.6914398324916862,0.04410246705433025,-28.188820217003162,0.9457841074607541,1.8,2.7855437769819202,-0.3802953832887686,-1.1860164819819465,0.5191057967247206,1.8049929345266134,1.1458823529411766,0.850662131423096,-0.5559437201867663,-1.2532676928682738,Drug Manufacturers—Specialty & Generic,Healthcare,AVDL
2013Q3,2013,Q3,2013-09-30,2013-09-30,-6369000.0,5583000.0,-6800000.0,-0.25,3847000.0,0.6890560630485402,116514000.0,-15405000.0,32931000.0,33607000.0,131919000.0,2892000.0,-240668000.0,167050400.0,245088400.0,-0.6049479677989397,0.9798851429761657,0.7367784128945878,-5.572541382667965,-0.08069799664109766,-0.6049479677989397,0.4134371957156767,29.921260970804227,-6.557167530224525,-10.843907822135671,0.0,0.6002766251728907,0.0,0.047916988516401464,0.8065581575267058,-0.054662958957721816,-373.7145413870246,0.6890560630485402,0.8062015503875969,-1.613650220482361,-0.4221464729753998,-1.2874944677712545,-0.09652418976045092,0.8061423266573324,0.8021818181818182,-0.8294062512734828,-0.33409405112171414,-1.4414558449131558,Drug Manufacturers—Specialty & Generic,Healthcare,AVDL
2013Q2,2013,Q2,2013-06-30,2013-06-30,-32854000.0,5541000.0,-34375000.0,-1.29,4258000.0,0.7684533477711605,118408000.0,-10064000.0,34949000.0,17102000.0,128472000.0,1854000.0,-234304000.0,157355990.0,233869990.0,-0.39589315919908735,2.043562156472927,0.7165900952638335,-8.4310413354531,-0.41183966399956595,-0.39589315919908735,3.2645071542130366,28.398482223425376,-1.1973883697571073,-15.635531597774246,0.0,0.692017259978425,0.0,0.04679582460644551,1.830546134954976,-0.27746436051618134,-26.415308040960216,0.7684533477711605,-2.685714285714286,-8.262684856346112,-0.426868847519602,-1.1675687770391212,0.027261761158021713,-2.7211462226752747,-2.4894934524413763,-6.353100885975282,-0.2920562870953738,-1.2985712591067644,Drug Manufacturers—Specialty & Generic,Healthcare,AVDL
2013Q1,2013,Q1,2013-03-31,2013-03-31,-8829000.0,5140000.0,-9851000.0,-0.35,4145000.0,0.806420233463035,122733000.0,21682000.0,39244000.0,13516000.0,101051000.0,1884000.0,-201450000.0,102930750.0,143020750.0,0.8531182372614597,2.9035217519976326,0.44079424441674203,2.4951572733142697,-0.1111850471424164,0.8531182372614597,-0.4072041324601052,20.02543774319066,-2.914564220183486,4.7472903791163175,0.0,0.528131634819533,0.0,0.04187952710354998,2.6338413731873334,-0.07193664295666202,-12.834258104738154,0.806420233463035,-1.972222222222222,-1.2610639999386801,-0.5522179405848194,-0.6419891787809352,-0.2871883061049011,-1.9700065919578114,-9.243514644351464,-1.1015393669851832,-0.39122100277717087,-0.46626941018618057,Drug Manufacturers—Specialty & Generic,Healthcare,AVDL
2012Q4,2012,Q4,2012-12-31,2012-12-31,9102000.0,7310000.0,1195000.0,0.36,5815000.0,0.7954856361149111,117311000.0,30504000.0,25085000.0,14359000.0,86807000.0,1520000.0,-192621000.0,76395390.0,110359390.0,1.2098520604450085,1.7469879518072289,0.3128947839503542,1.203317597692106,0.03659939123327871,1.2098520604450085,0.29838709677419356,10.450805745554035,2.09831328279499,2.504438434303698,0.0,0.9835526315789473,0.0,0.06231299707614801,1.5505258026324953,0.07758863192709976,-11.78213911165947,0.7954856361149111,2.3846153846153846,2.46274517262494,-0.3395936726091147,-0.46721948549132986,0.4917906618778861,2.4166536964980545,1.237197300516078,2.542553327691251,-0.3336076786294415,-0.3435252054607841,Drug Manufacturers—Specialty & Generic,Healthcare,AVDL
2012Q3,2012,Q3,2012-09-30,2012-09-30,-6425000.0,5398000.0,-5038000.0,-0.26,3898000.0,0.7221193034457206,,,,,,,,101382710.0,,,0.0,0.0,0.0,0.0,,0.0,18.781532048907003,-3.9448525291828798,0.0,0.0,0.0,0.0,0.0,0.0,0.0,-24.09284933460076,0.7221193034457206,-4.2,0.3263948570340441,-0.42860767631298946,0.0,-0.13107445385644226,-0.0858543180665878,-0.12606168976307555,-0.8293822658870827,-0.4748415392836322,0.0,Drug Manufacturers—Specialty & Generic,Healthcare,AVDL
2012Q2,2012,Q2,2012-06-30,2012-06-30,-5917000.0,6033000.0,-4474000.0,-0.05,4486000.0,0.7435769932040445,133715000.0,25361000.0,30282000.0,16244000.0,108354000.0,1599000.0,-195298000.0,110690800.00000001,155831800.0,1.0081090750089439,1.8641960108347697,0.37315185282129903,1.9674303063759315,-0.05922907020815126,1.0081090750089439,-0.2333109893143015,18.34755511354219,-4.676812573939497,4.364607073853555,0.0,0.967479674796748,0.0,0.04511834872676962,1.6012681605515884,-0.04425083199341884,-12.878510762070974,0.7435769932040445,-105.21666666666665,0.5858544539222751,-0.22718025123609148,-0.5897319938019887,-0.25753061900033103,-494.0833333333333,-96.26086956521739,-0.6046802418837869,-0.39338962801855004,-0.5112125038192576,Drug Manufacturers—Specialty & Generic,Healthcare,AVDL
2012Q1,2012,Q1,2012-03-31,2012-03-31,12000.0,7360000.0,-46000.0,0.00047976971053894133,6042000.0,0.8209239130434782,137411000.0,31985000.0,32604000.0,17176000.0,105426000.0,1903000.0,-189381000.0,128311560.0,173906560.0,1.2787861826323366,1.8982300884955752,0.36345707403337435,1.5614506800062529,-0.0001242732715208887,1.2787861826323366,0.0003751758636861029,17.43363586956522,2673.1575,4.011616695325934,0.0,0.6925906463478718,0.0,0.0535619419114918,1.647880763856544,8.732925311656272e-05,-26.074285714285715,0.8209239130434782,1.0057388721356333,1.0012702963387639,-0.2665390326928788,-0.5489523463269665,-0.11133990292690102,1.005738880918221,0.9797979797979798,-0.9902413228205084,-0.4091145525077447,-0.36887245023620213,Drug Manufacturers—Specialty & Generic,Healthcare,AVDL
2011Q4,2011,Q4,2011-12-31,2011-12-31,-2091000.0,8649000.0,-2277000.0,-0.0836,6799000.0,0.7861024395883918,69402000.0,29794000.0,36652000.0,18314000.0,39608000.0,1675000.0,-189393000.0,130312520.0,130668520.0,1.191188229649768,2.0013104728622912,0.05492637099795395,0.12794522387057797,-0.06900847267191973,1.191188229649768,-0.07018191582197758,15.066773037345358,-15.580167384026781,4.373783983352353,0.0,1.1044776119402986,0.0,0.12462176882510591,1.7655891667576717,-0.03012881473156393,-32.25557425742574,0.7861024395883918,-2.1942857142857144,0.65756453293063,0.06604270197028646,-0.6086627116708079,-0.2693175711982805,-2.2278332354668233,-2.8362903225806453,0.2576907911788548,-0.11578869355893191,-0.4060744222248459,Drug Manufacturers—Specialty & Generic,Healthcare,AVDL
2011Q3,2011,Q3,2011-09-30,2011-09-30,1703000.0,10434000.0,1240000.0,0.07,9305000.0,0.8917960513705194,72697000.0,32363000.0,40023000.0,17642000.0,40334000.0,1699000.0,-187302000.0,102773820.0,99958820.0,1.3131136898482512,2.268620337830178,0.05383991086289668,0.12094058029230911,0.032910520451021184,1.3131136898482512,0.0526218212155857,9.849896492236917,15.087172636523782,3.175658004511325,0.0,0.6645085344320188,0.0,0.14352724321498825,2.02579072667498,0.023426001072946612,-48.250619718309856,0.8917960513705194,1.5,1.1607764635441473,0.8616641204675598,-0.5660444079489261,0.9308985266652833,1.4923388262503614,1.3392612859097128,1.722084631577583,0.11583045147532073,-0.3759580303085813,Drug Manufacturers—Specialty & Generic,Healthcare,AVDL
2011Q2,2011,Q2,2011-06-30,2011-06-30,-3459000.0,6753000.0,-3655000.0,-0.14,4819000.0,0.7136087664741596,76114000.0,31894000.0,41989000.0,18910000.0,44220000.0,906000.0,-189005000.0,131856099.99999999,124093099.99999999,1.294084232735535,2.2204653622421997,0.050201014268071574,0.11980309776133442,-0.10295936640074177,1.294084232735535,-0.10845300056436948,19.525559010810007,-9.529929170280427,4.134197654731297,0.0,2.1346578366445916,0.0,0.08872217988806265,2.0546800634584876,-0.04544499040912316,-159.82557575757573,0.7136087664741596,0.3,0.6476790182957729,0.3753808115095605,-0.6124953505725024,-0.10643426664194326,0.2979500710371423,0.2527090574524637,-0.005878172383728923,-0.2795417793105403,-0.4522559755672507,Drug Manufacturers—Specialty & Generic,Healthcare,AVDL
2011Q1,2011,Q1,2011-03-31,2011-03-31,-4927000.0,6764000.0,-4891000.0,-0.2,5393000.0,0.7973092844470727,69980000.0,34019000.0,36913000.0,18461000.0,35961000.0,854000.0,-185546000.0,148122460.0,146494460.0,1.38030512050637,1.9995124857808353,0.0600600171477565,0.12354860519121667,-0.12740974459043208,1.38030512050637,-0.1448308298303889,21.898648728562982,-7.515854475339963,4.354109762191716,0.0,1.6053864168618266,0.0,0.09665618748213775,1.8139862412653702,-0.07040583023721063,-28.316279870005737,0.7973092844470727,-2.8181818181818183,0.5088209149202012,0.27785963961344273,-0.6028328668954518,-0.5343636677603177,-2.8398058252427183,-3.391687041564792,-0.30115061302677953,-0.39235372599898594,-0.4207553558910537,Drug Manufacturers—Specialty & Generic,Healthcare,AVDL
2010Q4,2010,Q4,2010-12-31,2010-12-31,2678000.0,13451000.0,2045000.0,0.11,11582000.0,0.8610512229574009,74614000.0,36305000.0,45362000.0,19421000.0,38309000.0,862000.0,-180619000.0,168578640.0,164317640.0,1.4730585084800778,2.3357190669893413,0.052577264320368834,0.10805674149566176,0.048615035489399334,1.4730585084800778,0.07376394436028096,12.53279607464129,15.737363704256907,4.643400082633247,0.0,2.168213457076566,0.0,0.1802744793202348,2.1177076360640545,0.03589138767523521,-470.8900558659218,0.8610512229574009,1.8045911949685536,1.4000045482745351,1.069141801462454,-0.5964872964226509,0.780202889640332,1.8020365378855945,1.6539814518708027,1.4402714203374114,0.24315849211118618,-0.35131170520078436,Drug Manufacturers—Specialty & Generic,Healthcare,AVDL
2010Q3,2010,Q3,2010-09-30,2010-09-30,-3339000.0,8041000.0,-3127000.0,-0.13671539122957868,6506000.0,0.8091033453550553,77384000.0,33468000.0,50246000.0,24362000.0,43916000.0,1070000.0,-183297000.0,176822520.0,176894520.0,1.37034762314212,2.062474345291848,0.051444743099348704,0.1189494442452492,-0.08395007500472172,1.37034762314212,-0.0997669415561133,21.99011565725656,-13.239182389937106,5.283330942990319,0.0,1.4345794392523366,0.0,0.1039103690685413,1.8315819719234874,-0.04314845446087046,-32.70251895690771,0.8091033453550553,0.24047004872456285,0.7280417495231203,1.5204682624189083,-0.6572862437336184,0.09713322091062394,0.2216783216783217,0.33862098138747887,0.6394142816647495,-0.12325878322350657,-0.4062700450100249,Drug Manufacturers—Specialty & Generic,Healthcare,AVDL
2010Q2,2010,Q2,2010-06-30,2010-06-30,-4290000.0,7515000.0,-4728000.0,-0.18,5930000.0,0.7890884896872921,70480000.0,32364000.0,47223000.0,18478000.0,38116000.0,932000.0,-179958000.0,169879680.0,169888680.0,1.3259587020648969,2.555633726593787,0.050780363223609536,0.11058583611420096,-0.1298631810518607,1.3259587020648969,-0.13255469039673712,22.605413173652696,-9.899748251748251,5.249032258064516,0.0,1.7006437768240343,0.0,0.10662599318955732,2.274434462604178,-0.0608683314415437,197.30508710801394,0.7890884896872921,-0.0889015904572564,0.5743816388992757,0.12006323410229246,-0.7180349267902946,-0.037650113599480686,-0.06610337972166998,-0.17320099255583127,0.6905180154205327,-0.007797021714224942,-0.46037740708539715,Drug Manufacturers—Specialty & Generic,Healthcare,AVDL
2010Q1,2010,Q1,2010-03-31,2010-03-31,-4024000.0,8087000.0,-4030000.0,-0.1653041942242123,6162000.0,0.7619636453567454,81255000.0,38910000.0,56780000.0,20496000.0,42345000.0,826000.0,-175668000.0,208619510.0,211217510.0,1.598406112640184,2.770296643247463,0.04421881730355055,0.09234130043690568,-0.09761123834438369,1.598406112640184,-0.10341814443587767,25.796897489798443,-12.96095365308151,5.3615911076844,0.0,2.330508474576271,0.0,0.09952618300412282,2.504391100702576,-0.04952310627038336,-50.24554672447014,0.7619636453567454,0.2936623756603328,-20.253917714288253,-0.11678326025469386,-0.7055017407405481,-0.11731843575418995,0.29366333157802355,-2.6208445642407905,0.5623206132178482,-0.17194162006091507,-0.4362174564328463,Drug Manufacturers—Specialty & Generic,Healthcare,AVDL
2009Q4,2009,Q4,2009-12-31,2009-12-31,-5697000.0,10591000.0,-1113000.0,-0.23403,6981000.0,0.6591445566990841,94296000.0,44863000.0,66841000.0,22896000.0,49433000.0,1072000.0,-171644000.0,180138200.0,175261200.0,1.8429527995727724,2.919330887491265,0.04071222533299398,0.08557162918217685,-0.14883271996496608,1.8429527995727724,-0.12698660366003164,17.00861108488339,-7.904958750219413,4.015295455052048,0.0,3.3675373134328357,0.0,0.1123165351658607,2.7141422082459816,-0.06041613642148129,-31.312045889101338,0.6591445566990841,-0.6716428571428569,-1.5168479312040417,-0.7076352241388182,-0.6598752372432136,-0.047742463511117175,-0.6845062093435836,0.7822769953051644,0.041382733735132175,0.3412816813523231,-0.39454056617437105,Drug Manufacturers—Specialty & Generic,Healthcare,AVDL
2009Q3,2009,Q3,2009-09-30,2009-09-30,-3382000.0,9898000.0,-5112000.0,-0.14,7331000.0,0.7406546777126692,97921000.0,50070000.0,69239000.0,21484000.0,47851000.0,2157000.0,-165947000.0,212211000.0,210563000.0,2.06687306501548,3.2228169800781976,0.032025816729812806,0.06263231475933694,-0.06289533260816353,2.06687306501548,-0.06754543638905532,21.439785815316224,-15.686797752808987,4.238286399041342,0.0,1.1900788131664348,0.0,0.10108148405347167,2.98100912306833,-0.034538045975837664,168.021377672209,0.7406546777126692,0.06666666666666654,-0.9226379169030958,-0.026818723321417978,-0.5228990472733823,-0.04593961478396669,0.04732394366197183,0.017112093828109978,0.6751640513278242,0.7967208362092585,-0.31694328407552935,Drug Manufacturers—Specialty & Generic,Healthcare,AVDL
2009Q2,2009,Q2,2009-06-30,2009-06-30,-3550000.0,9575000.0,-5201000.0,-0.15,7684000.0,0.8025065274151436,93253000.0,49953000.0,59002000.0,16204000.0,43300000.0,2592000.0,-162565000.0,169540000.0,165362000.0,2.062469033856317,3.641199703776845,0.03246008171318885,0.06059696114347487,-0.06774022224353424,2.062469033856317,-0.07106680279462695,17.706527415143604,-11.939436619718311,3.393990350929874,0.0,0.7295524691358025,0.0,0.10267766184465915,3.317267341397186,-0.0380684803706047,50.174607872151526,0.8025065274151436,-4.0,-1.0185610998855612,-0.05838205854262374,-0.5239156396792922,-0.23190723710515793,-3.9831932773109244,-14.905198776758409,0.6320501723917183,0.9844369241125657,-0.3824077910059095,Drug Manufacturers—Specialty & Generic,Healthcare,AVDL
2009Q1,2009,Q1,2009-03-31,2009-03-31,1190000.0,12054000.0,-327000.0,0.05,10004000.0,0.8299319727891157,91080000.0,49044000.0,59192000.0,19361000.0,42036000.0,2093000.0,-159015000.0,145230000.0,130227000.0,2.0261929353439374,3.0572800991684312,0.031291172595520424,0.0581110839246391,0.027111208836778443,2.0261929353439374,0.024263926270287905,12.048282727725237,30.51050420168067,2.9612184976755564,0.0,0.9794553272814143,0.0,0.13234519104084322,2.831310366200093,0.013065436978480456,19.271496815286625,0.8299319727891157,1.4470272686633883,-0.755109767785704,-0.2573599655270444,-0.5386610047432968,0.4074282498593135,1.4365370506236244,0.933468972533062,1.1207940721121499,1.3187402393362762,-0.41698597846828245,Drug Manufacturers—Specialty & Generic,Healthcare,AVDL
2008Q4,2008,Q4,2008-12-31,2008-12-31,-2726000.0,9466000.0,-4915000.0,-0.11185,7108000.0,0.7508979505598986,91861000.0,48546000.0,59189000.0,20255000.0,43315000.0,1837000.0,-160205000.0,94883600.0,70884600.0,2.0056186738277217,2.922192051345347,0.032897529963749575,0.062250236888724095,-0.055351406962609276,2.0056186738277217,-0.056152927120669056,10.02362138178745,-8.701724137931034,1.9545091253656324,0.0,1.2836145890038106,0.0,0.10304699491623213,2.7238212786966183,-0.029675270245261863,-34.25400722021661,0.7508979505598986,-0.1185,-2.419639324390774,-0.25720157096475443,-0.5336976342359028,0.08984973934375959,-0.1831597222222222,-0.06477469670710571,0.585407381531716,0.4826667189275073,-0.45060389063807055,Drug Manufacturers—Specialty & Generic,Healthcare,AVDL
2008Q3,2008,Q3,2008-09-30,2008-09-30,-2304000.0,9135000.0,-4616000.0,-0.1,6522000.0,0.7139573070607553,88767000.0,50663000.0,49601000.0,18548000.0,38104000.0,1683000.0,-157479000.0,176243640.0,150975640.0,2.104207334800847,2.6741966788872116,0.035339709576757125,0.061918954661192585,-0.04980975231070416,2.104207334800847,-0.04547697530742356,19.293228243021346,-19.123658854166667,3.478744645994118,0.0,1.552584670231729,0.0,0.10290986515259049,2.4414492128531378,-0.02595559160498834,133.61913570887035,0.7139573070607553,0.28571428571428575,0.0122476903455347,0.36405777023836333,0.9822436595037816,-0.05642361111111111,0.3138773079213818,0.1949773282176491,0.8096447184826501,1.9045332967781912,-0.473753383817064,Drug Manufacturers—Specialty & Generic,Healthcare,AVDL
2008Q2,2008,Q2,2008-06-30,2008-06-30,-3358000.0,9153000.0,-5734000.0,-0.14,6912000.0,0.7551622418879056,101091000.0,56860000.0,52265000.0,22305000.0,44231000.0,2194000.0,-155175000.0,240910670.0,221710670.0,2.3625711555241615,2.3431965926922214,0.03463216310057275,0.0615722827998593,-0.05977185215876446,2.3625711555241615,-0.05905733380232149,26.320405331585274,-17.93557698034544,4.236909426661977,0.0,1.0214220601640838,0.0,0.09054218476422234,2.084868863483524,-0.0332175960273417,-48.10516573482428,0.7551622418879056,0.06666666666666654,-0.38064232300988043,0.24212344858135199,2.625006978314349,-0.1825922421948912,0.09145021645021645,-0.17139938712972422,0.6621266083609764,0.38352577975677277,-0.49759932357387676,Drug Manufacturers—Specialty & Generic,Healthcare,AVDL
2008Q1,2008,Q1,2008-03-31,2008-03-31,-3696000.0,10865000.0,-4895000.0,-0.15,8456000.0,0.7782788771283939,105197000.0,57324000.0,56977000.0,25612000.0,47873000.0,2218000.0,-151817000.0,224201920.0,196162920.0,2.3829398071167276,2.224621271279088,0.03392682300826069,0.062260135370874325,-0.06464534652853168,2.3829398071167276,-0.06447561230898054,20.635243442245745,-15.165173160173161,3.9111353010955274,0.0,1.0861136158701532,0.0,0.10328241299656835,2.014055911291582,-0.03513408177039269,-49.03804024496938,0.7782788771283939,0.39222042139384117,-0.4875583192912494,1.0707328479985045,2.487113469660923,0.4910950449656145,0.3774633653360283,0.39260454150639035,-18.89549789230534,0.2007712007372475,-0.5609553669957056,Drug Manufacturers—Specialty & Generic,Healthcare,AVDL
2007Q4,2007,Q4,2007-12-31,2007-12-31,-5937000.0,10561000.0,-8059000.0,-0.2468,5671000.0,0.5369756651832213,101401000.0,54627000.0,56110000.0,24955000.0,46774000.0,1771000.0,-148121000.0,240078880.0,217145880.0,2.270826405054872,2.248447204968944,0.033333004605477265,0.061874164790305164,-0.10719354615416705,2.270826405054872,-0.10868251963314844,22.73258971688287,-10.109435741957219,4.394875794021272,0.0,2.761151891586674,0.0,0.10415084663859331,2.131877379282709,-0.058549718444591274,-140.47915740198945,0.5369756651832213,0.35052631578947374,-11.225236680162192,1.9096571651961032,1.9938829650886223,0.18938758389261745,0.34801229958269275,0.130073402417962,-1.5450474293881393,-0.704985198365916,-0.5809093469674419,Drug Manufacturers—Specialty & Generic,Healthcare,AVDL
2007Q3,2007,Q3,2007-09-30,2007-09-30,-9106000.0,9019000.0,-9264000.0,-0.38,4768000.0,0.5286617141589977,103911000.0,55432000.0,61605000.0,27024000.0,48479000.0,2948000.0,-142184000.0,220476060.0,194353060.0,2.3080318108006828,2.279640319715808,0.03286466302893823,0.061607013999134076,-0.15811976130723046,2.3080318108006828,-0.16427334391687112,24.4457323428318,-6.053043597627938,3.977414850627796,0.0,1.4419945725915875,0.0,0.08679543070512265,1.9911190053285968,-0.08763268566369296,-26.45183683263347,0.5286617141589977,0.33333333333333326,-3.5880492959571533,-0.043139092086527435,2.1264006749748665,0.2714666666666667,0.3320619086041223,0.33861640608267296,-4.2215155208254815,-0.10556309549152589,-0.4672318322324747,Drug Manufacturers—Specialty & Generic,Healthcare,AVDL
2007Q2,2007,Q2,2007-06-30,2007-06-30,-13633000.0,7449000.0,-14007000.0,-0.57,3750000.0,0.5034232782923882,106435000.0,58985000.0,62668000.0,25024000.0,47450000.0,3064000.0,-133078000.0,503384825.995,469766825.995,2.457196417413039,2.5043158567774935,0.030084088880537416,0.05428498770873951,-0.22520138624214997,2.457196417413039,-0.2311265575993897,67.57750382534569,-9.230998789609773,8.534115893786556,0.0,1.2072454308093994,0.0,0.06998637666181237,2.178628516624041,-0.12808756518062667,-51.44454021410322,0.5034232782923882,-0.49999999999999983,-4.679233493022286,0.02422900743448006,0.0,-0.27113702623906705,-0.5045800684251186,-0.47147809643870153,-6.821272363541625,-0.2608946515077183,-0.4327998309971627,Drug Manufacturers—Specialty & Generic,Healthcare,AVDL
2007Q1,2007,Q1,2007-03-31,2007-03-31,-9061000.0,9625000.0,-9519000.0,-0.38,5145000.0,0.5345454545454545,108461000.0,68018000.0,68148000.0,19740000.0,40443000.0,3077000.0,-119445000.0,614169600.0,572928600.0,2.8351465132758116,3.4522796352583587,0.029531352283309206,0.047090476050457235,-0.1330540239853611,2.8351465132758116,-0.1332147372754271,63.80982857142857,-16.945414413420153,9.029515716428005,0.0,1.4559636009099772,0.0,0.08874157531278525,2.9997467071935158,-0.08354154949705424,-57.48498689629352,0.5345454545454545,-0.5565477409576864,-76.43941847391085,0.4247993549360591,0.0,-0.19947098179555003,-0.5470377326276251,-0.12437987243090007,-2.8812970231147204,-0.4017197797091883,-0.3544723105955421,Drug Manufacturers—Specialty & Generic,Healthcare,AVDL
