Quarters,Year,Quarter,FillingDate,Date,NetIncome,Revenue,OperatingIncome,EPSDiluted,GrossProfit,GrossProfitRatio,TotalAssets,CommonStockEquity,CurrentAssets,CurrentLiability,TotalLiability,Inventory,RetainedEarnings,MarketCap,EnterpriseValue,bookValuePerShare,currentRatio,debtToAssets,debtToEquity,roic,shareholdersEquityPerShare,roe,priceToSalesRatio,peRatio,pbRatio,payoutRatio,inventoryTurnover,dividendYield,assetTurnover,quickRatio,returnOnAssets,priceToFreeCashFlowsRatio,grossProfitMargin,epsdilutedGrowth,fiveYNetIncomeGrowthPerShare,fiveYRevenueGrowthPerShare,fiveYShareholdersEquityGrowthPerShare,grossProfitGrowth,netIncomeGrowth,operatingIncomeGrowth,threeYNetIncomeGrowthPerShare,threeYRevenueGrowthPerShare,threeYShareholdersEquityGrowthPerShare,Industry,Sector,Symbol
2023Q1,2023,Q1,2023-05-04,2023-03-31,715000000.0,3102000000.0,811000000.0,1.87,2760000000.0,0.8897485493,51103000000.0,13988000000.0,36782000000.0,3571000000.0,37104000000.0,0.0,16597000000.0,8451573000.000001,10374573000.0,38.083310645249114,10.300196023522822,0.053343247950218185,0.19488132685158707,0.04433699398828621,38.083310645249114,0.05111524163568773,2.724556092843327,2.9550954545454546,0.6042016728624536,0.013986013986013986,0.0,0.0011832116932552082,0.060700937322662074,10.300196023522822,0.013991350801322818,8.877702731092437,0.8897485493230174,-0.18695652173913033,6.545807944384747,2.983632820910187,1.426782334130974,0.5843502929612943,-0.16830291919859297,-0.1483838720076614,6.875983183234363,2.033594242129567,0.9535043956412571,Insurance—Diversified,Financial Services,ACGLO
2022Q4,2022,Q4,2023-02-24,2022-12-31,859688000.0,2950310000.0,952307000.0,2.3,1742039000.0,0.5904596466,47990507000.0,12910073000.0,34649262000.0,3263903000.0,35069605000.0,0.0,15892065000.0,7413367698.1,9283659698.1,35.35160976396302,10.615898205308184,0.05679060652557807,0.2111072493548255,0.05672598505928865,35.35160976396302,0.06659048326062912,2.5127419485071063,2.1558308648311946,0.5742312764691571,0.011846158141093048,0.0,0.0013737346391991452,0.061476950014301784,10.352419480603437,0.01791370947591781,7.656689638109482,0.5904596466134068,87.12260536398466,5.395074104383801,2.4589009581962906,1.2413861413625427,-0.20627647204624816,87.16408573479643,13.636465633837453,3.2055943482674976,1.830748320011832,0.7928564947958139,Insurance—Diversified,Financial Services,ACGLO
2022Q3,2022,Q3,2022-11-03,2022-09-30,9751000.0,2495619000.0,65064000.0,0.0261,2194768000.0,0.8794483453,46337104000.0,11795110000.0,6333820000.0,3407681000.0,34533086000.0,0.0,15042561000.0,7953849678.06,9865419678.060001,32.29851030610112,1.8586892376369737,0.0588114656453282,0.2310409144128372,-0.008485795105398835,32.29851030610112,0.0008266985216755079,3.1871249890548197,203.92394826325506,0.6743345062538628,1.0444057019792843,0.0,0.0012803862798779911,0.053857897550092904,9.788651578595532,0.00021043611184678267,5.826159524390637,0.8794483452802692,-0.9621739130434782,1.4625961710609219,1.8052527001722525,1.1134107396773782,0.131348787627767,-0.9758843954652474,-0.8583909006620787,-0.9603286591433206,1.3457878558092895,0.687824466863489,Insurance—Diversified,Financial Services,ACGLO
2022Q2,2022,Q2,2022-08-03,2022-06-30,404344000.0,2244556000.0,459462000.0,0.69,1939957000.0,0.8642943192,45719194000.0,12417566000.0,32729851000.0,3395723000.0,33293169000.0,0.0,15035644000.0,13300261048.019999,15211609048.019999,21.29617452148929,9.638551495513621,0.05960070074726164,0.21943881755893224,0.028736138637573697,21.29617452148929,0.03256225898054418,5.925564364631579,8.223357492642403,1.0710843854600813,0.025186474882773084,0.0,0.0007656992568214354,0.049094391296574474,9.638551495513621,0.008844075422676961,14.938322838921989,0.864294319232846,1.2999999999999998,1.1836720365939934,0.6809527233076309,0.3954066390549739,0.016018355773521346,1.3384110020009947,0.9134124858928817,-0.13777470711413062,0.2887511397225163,0.15433296223829057,Insurance—Diversified,Financial Services,ACGLO
2022Q1,2022,Q1,2022-05-04,2022-03-31,172914000.0,1909372000.0,240127000.0,0.3,1909372000.0,1.0,45677941000.0,12919589000.0,32771669000.0,3324836000.0,32748589000.0,0.0,14641484000.0,14239034405.640001,16150759405.640001,22.157145940670926,9.85662721409417,0.05964896710208545,0.21089231244120846,0.014382781745307301,22.157145940670926,0.013383862288498496,7.457443811703534,20.586873251500748,1.1021275061954372,0.058896329967498294,0.0,0.0007152170371866069,0.04180074579105919,9.85662721409417,0.003785503378972358,26.378694065391738,1.0,-0.7,-0.3168883603882636,0.5254425238318936,0.5012576337660779,-0.15195972837796484,-0.7034238140485803,-0.6519489969112316,-0.6144856062497771,0.13686659871009527,0.27732130873047217,Insurance—Diversified,Financial Services,ACGLO
2021Q4,2021,Q4,2022-02-25,2021-12-31,583034000.0,2251511000.0,689919000.0,1.0,2251511000.0,1.0,45091712000.0,13545896000.0,32738369000.0,3415380000.0,31545816000.0,0.0,14455868000.0,14997050160.24,16862776160.24,23.2312649085935,9.585571444465916,0.06041895237865442,0.20112320366257055,0.0400407249532148,23.2312649085935,0.04304137577905515,6.66088247414292,6.430607031596785,1.1071286949375663,0.017467248908296942,0.0,0.0006790668758980148,0.04993181452059305,9.585571444465916,0.012929959279434767,18.911385456099932,1.0,0.38888888888888895,6.877453960790671,1.2292585412413288,0.6411871595322254,0.10567370139835243,0.38836791747431787,0.0,3.2714991135141465,0.6274245905798489,0.4349729078721464,Insurance—Diversified,Financial Services,ACGLO
2021Q3,2021,Q3,2021-11-04,2021-09-30,419942000.0,2036325000.0,0.0,0.72,2036325000.0,1.0,44783736000.0,13387526000.0,0.0,0.0,31385973000.0,0.0,13842787000.0,15014542831.5,16600970831.5,22.959659735810984,0.0,0.06082898041378236,0.20348412395240167,0.0,22.959659735810984,0.03136815569956689,7.373352893816065,8.9384622349634,1.1215323004041224,0.041174733653695034,0.0,0.0011516168153800908,0.04547019033874262,0.0,0.009377109582818191,14.952385763879553,1.0,-0.3793103448275862,0.6606899933563225,0.7283091923565926,0.8208568667150324,-0.16123229745304105,-0.37831131955362507,0.0,0.8466456764933511,0.455932191271521,0.43103305260376423,Insurance—Diversified,Financial Services,ACGLO
2021Q2,2021,Q2,2021-08-05,2021-06-30,675486000.0,2427758000.0,0.0,1.16,2427758000.0,1.0,46481886000.0,13986072000.0,0.0,0.0,31519407000.0,0.0,13454036000.0,15259440229.140001,17042796229.140001,23.98616847956474,0.0,0.06491593305831007,0.21574427759273654,0.0,23.98616847956474,0.04829704866384214,6.285404158544633,5.647578272954584,1.0910454507269804,0.015399282886691953,0.0,0.0006816763815579518,0.052230195650839126,0.0,0.014532241656459464,18.19563316107661,1.0,0.5466666666666665,2.200521191158703,1.0112702006582843,1.0862521968483525,0.09825921229593888,0.5416563963519843,0.0,1.7724075092552314,0.6673669664975553,0.5262380978103408,Insurance—Diversified,Financial Services,ACGLO
2021Q1,2021,Q1,2021-05-06,2021-03-31,438156000.0,2210551000.0,0.0,0.75,2210551000.0,1.0,44204267000.0,13096472000.0,0.0,0.0,30173261000.0,0.0,12790216000.0,15300256462.08,17375409462.08,22.460500981254935,0.0,0.06825368238772063,0.23037532550751072,0.0,22.460500981254935,0.033456033044624536,6.921467300270385,8.729913810423684,1.1682731396730355,0.023742685253653948,0.0,0.0006799232434948192,0.05000763840287183,0.0,0.009912074777758446,20.390690356004825,1.0,-0.19354838709677424,1.8305016860682954,1.09242324566593,1.0419886718617835,-0.006509560523767042,-0.19389046700911058,0.0,1.91282583115614,0.7882329624281547,0.4312502267667369,Insurance—Diversified,Financial Services,ACGLO
2020Q4,2020,Q4,2021-02-26,2020-12-31,543544000.0,2225035000.0,0.0,0.93,2225035000.0,1.0,43282297000.0,13105886000.0,0.0,0.0,29294856000.0,0.0,12362463000.0,15451859613.0,17562211613.0,22.476646028275045,0.0,0.06970055216801456,0.2301866504866592,0.0,22.476646028275045,0.04147327391677297,6.9445467657812125,7.106995759772898,1.1790015274816215,0.01913920492177266,0.0,0.000673252298464304,0.05140750732337519,0.0,0.012558113540046177,28.514227003137112,1.0,0.10714285714285725,8.278820054968504,1.4694980172185117,1.112189742236797,0.03980060443008841,0.2971203157701312,0.0,1.5323518449496831,0.6337738701621779,0.4250791759826076,Insurance—Diversified,Financial Services,ACGLO
2020Q3,2020,Q3,2020-11-05,2020-09-30,419039000.0,2139867000.0,0.0,0.84,2139867000.0,1.0,42716035000.0,12451997000.0,0.0,0.0,29448283000.0,0.0,11829322000.0,15078682626.119999,17173782626.119999,21.355223821887567,0.0,0.07190503519345838,0.24666710086743515,0.0,21.355223821887567,0.03365235311251681,7.046551316563131,8.995990006968325,1.2109449292446826,0.024825851531719005,0.0,0.0006899143816436216,0.0500951691794428,0.0,0.009809875846388833,15.066027163302824,1.0,0.6470588235294117,4.235827721065061,1.2539435931357885,1.0205047531038982,-0.07778345699273213,0.4023077360694195,0.0,13.450647729973852,0.506486036681695,0.39735111451458976,Insurance—Diversified,Financial Services,ACGLO
2020Q2,2020,Q2,2020-08-06,2020-06-30,298821000.0,2320352000.0,0.0,0.51,2320352000.0,1.0,41199648000.0,11991825000.0,0.0,0.0,28472748000.0,0.0,11420686000.0,14279850638.58,16621911638.58,20.566027032283003,0.0,0.07758124535432924,0.2665415814523644,0.0,20.566027032283003,0.024918725882007116,6.154174297080788,11.946826560532893,1.1907987848872044,0.03481348365744041,0.0,0.000728509020388079,0.05631970447902856,0.0,0.007252998860572789,20.344304801021217,1.0,1.04,1.5807150876586926,1.3583161737652734,0.9538567319183741,0.4294060609943461,1.0734611461520847,0.0,0.6137918743620625,0.7377165075998586,0.34756458869519297,Insurance—Diversified,Financial Services,ACGLO
2020Q1,2020,Q1,2020-05-08,2020-03-31,144117000.0,1623298000.0,0.0,0.25,1623298000.0,1.0,38416126000.0,11367244000.0,0.0,0.0,26500721000.0,0.0,11132268000.0,12973731184.5,14463903184.5,19.49486816114785,0.0,0.061756773704875915,0.20870986846064007,0.0,19.49486816114785,0.012678271003947835,7.992205488148202,22.505553100085347,1.1413260051864813,0.07218440572590326,0.0,0.000801851052103553,0.04225564024857686,0.0,0.003751471452379139,21.551621279801456,1.0,-0.5535714285714286,-0.4913565519383347,0.4202628972593871,0.8075660128274486,-0.02452423489086352,-0.5584434285994412,0.0,-0.43065338743002524,0.29689122813745317,0.32087497751527927,Insurance—Diversified,Financial Services,ACGLO
2019Q4,2019,Q4,2020-02-28,2019-12-31,326384000.0,1664109000.0,0.0,0.56,1664109000.0,1.0,37885361000.0,11497371000.0,0.0,0.0,25569809000.0,0.0,11021006000.0,15037866393.18,16667549393.18,19.718036477866104,0.0,0.06218531215790711,0.20490884394354153,0.0,19.718036477866104,0.028387707067989716,9.036587382905807,11.51853828096659,1.3079395622860217,0.031873498700916714,0.0,0.0006917869681777454,0.04392485530228945,0.0,0.00861504262820671,30.372287804482973,1.0,-0.16417910447761191,0.5169080329423138,0.5869862301723161,0.8755744852450708,-0.0203366901087567,-0.1683488213875292,0.0,3.4098198965046684,0.6476620375412632,0.3929929517824573,Insurance—Diversified,Financial Services,ACGLO
2019Q3,2019,Q3,2019-11-08,2019-09-30,392453000.0,1698654000.0,0.0,0.67,1698654000.0,1.0,35572603000.0,11158096000.0,0.0,0.0,23510794000.0,0.0,10705025000.0,15037866393.18,16519873393.18,19.13617851868326,0.0,0.06640239399967442,0.21169436075832293,0.0,19.13617851868326,0.03517204010433321,8.852813105658951,9.579405937258729,1.3477089992038067,0.02650763276112044,0.0,0.0006917869681777454,0.047751748726400485,0.0,0.01103245101293262,18.353656292670067,1.0,-0.1625,0.7162042199628296,0.6276930919627904,0.8348974830974802,-0.024688054789360904,-0.16313113866178772,0.0,0.5519828213483503,0.44171452142133283,0.5176288524904107,Insurance—Diversified,Financial Services,ACGLO
2019Q2,2019,Q2,2019-08-07,2019-06-30,468954000.0,1741652000.0,0.0,0.8,1741652000.0,1.0,34851670000.0,10757352000.0,0.0,0.0,23032496000.0,0.0,10322975000.0,14530578926.640001,16150133926.640001,18.448900982776486,0.0,0.06383828952816321,0.20682329629076004,0.0,18.448900982776486,0.043593813793580426,8.3429863868557,7.7462709171048765,1.35075796781959,0.022183412445570354,0.0,0.0007159384393781722,0.04997327244289872,0.0,0.01345571101757821,30.903632418043774,1.0,0.038961038961038995,1.2544131220675334,0.7006227749319908,0.7268683543950227,0.0370037820689918,0.04554007776549067,0.0,1.2219516239842694,0.44286735643210834,0.6046356147938475,Insurance—Diversified,Financial Services,ACGLO
2019Q1,2019,Q1,2019-05-07,2019-03-31,448528000.0,1679504000.0,0.0,0.77,1679504000.0,1.0,33977037000.0,10114596000.0,0.0,0.0,22817977000.0,0.0,9864424000.0,14180725501.44,15769931501.44,17.346571915169005,0.0,0.0654061153125271,0.21971277943281176,0.0,17.346571915169005,0.044344628297561264,8.443400850155761,7.904035813505511,1.4020061208020567,0.023193646773445584,0.0,0.0007336013942970417,0.04943056099918307,0.0,0.013200915665483133,62.75351477570528,1.0,2.347826086956522,1.4576876712328766,0.7935466646732485,0.7166272383871852,0.21396968950061476,2.2860638562867233,0.0,1.8975051357252677,0.5897544145278314,0.5770575810385047,Insurance—Diversified,Financial Services,ACGLO
2018Q4,2018,Q4,2019-02-28,2018-12-31,136494000.0,1383481000.0,0.0,0.23,1383481000.0,1.0,32218329000.0,9439827000.0,0.0,0.0,21780650000.0,0.0,9426299000.0,11854200223.859999,13396854223.859999,16.18934042667192,0.0,0.06794920990470983,0.2319120890668865,0.0,16.18934042667192,0.014459375155921819,8.568386717172118,21.71194379214471,1.2557645626196325,0.0762158043577007,0.0,0.0008775792380375827,0.0429408055271892,0.0,0.0042365325650501615,27.72419458496267,1.0,-0.41025641025641024,-0.15478357793052203,0.5237279697959598,0.6715066287784888,-0.010838385860550248,-0.39978364877225075,0.0,1.330084159852507,0.5354830761581209,0.5213550429089614,Insurance—Diversified,Financial Services,ACGLO
2018Q3,2018,Q3,2018-11-09,2018-09-30,227408000.0,1398640000.0,0.0,0.39,1398640000.0,1.0,32252534000.0,9355148000.0,0.0,0.0,21814433000.0,0.0,9300208000.0,13527665774.4,15164748774.4,16.044115608675767,0.0,0.07094388304497252,0.2445840514762567,0.0,16.044115608675767,0.02430832735088745,9.672014081107362,14.871580786955603,1.4460130159779407,0.045741574614789275,0.0,0.0007689427114384311,0.04336527480290386,0.0,0.007050856841201996,21.87905374054049,1.0,-0.07142857142857137,0.9804746353146093,0.7162890636024841,0.7186584939057938,-0.0394239730557408,-0.06664587146926278,0.0,1.841427910986718,0.47320168361091564,0.5179991610976478,Insurance—Diversified,Financial Services,ACGLO
2018Q2,2018,Q2,2018-08-08,2018-06-30,243646000.0,1456043000.0,0.0,0.42,1456043000.0,1.0,31853120000.0,9163755000.0,0.0,0.0,21622107000.0,0.0,9083202000.0,14233203515.22,16012075515.22,15.715875861031874,0.0,0.07237909504626235,0.25158900472568285,0.0,15.715875861031874,0.026588008954844384,9.775263172323895,14.604388657334821,1.553206465604984,0.04269719182748742,0.0,0.0007308965960386749,0.045711157965059625,0.0,0.0076490466240041795,162.28682289542095,1.0,0.6153846153846153,0.3769978523793376,0.7036517445533896,0.7507065867988917,0.177871077081134,0.6197390026791115,0.0,1.1042058899732274,0.4798658809515581,0.4930725220223495,Insurance—Diversified,Financial Services,ACGLO
2018Q1,2018,Q1,2018-05-09,2018-03-31,150423000.0,1236165000.0,0.0,0.26,1236165000.0,1.0,32131955000.0,9150372000.0,0.0,0.0,21921458000.0,0.0,8849959000.0,14309005090.68,16116451090.68,15.69292396340386,0.0,0.07744119522139253,0.27193834305315673,0.0,15.69292396340386,0.01643900379132127,11.575319711106527,23.78127861211384,1.5637621170680274,0.06938433617199498,0.0,0.0007294008167484696,0.03847151534975074,0.0,0.004681414498433102,36.13932689468101,1.0,-0.29729729729729726,-0.41350067842605165,0.3726290332251812,0.7149883891572157,-0.09232255842760734,-0.2991846813268729,0.0,-0.46910029082079235,0.08155082085399624,0.4550493885701692,Insurance—Diversified,Financial Services,ACGLO
2017Q4,2017,Q4,2018-02-28,2017-12-31,214640000.0,1361899000.0,0.0,0.37,1361899000.0,1.0,32051658000.0,9196602000.0,0.0,0.0,21805723000.0,0.0,8562889000.0,14775476324.28,16718293324.28,15.772208595201143,0.0,0.0795283663640739,0.27716932841064557,0.0,15.772208595201143,0.02333905501184024,10.849171872715965,17.209602502189714,1.6066234381220368,0.051737793514722324,0.0,0.0007515832150704719,0.042490750400494104,0.0,0.006696689450511421,579.339567294542,1.0,7.41025641025641,10.169277202476973,0.6648663912872864,0.7792259751536019,-0.04121058604541141,7.377466127882101,0.0,-0.002435351638750077,0.2987820869218585,0.5002483665312519,Insurance—Diversified,Financial Services,ACGLO
2017Q3,2017,Q3,2017-11-03,2017-09-30,-33656000.0,1420436000.0,0.0,-0.05772,1420436000.0,1.0,32624797000.0,8911144000.0,0.0,0.0,22646926000.0,0.0,8359354000.0,14688012967.980001,16384619967.980001,15.282647002651098,0.0,0.07843628881430281,0.2871649251768348,0.0,15.282647002651098,-0.0037768439158877916,10.34049613497546,-109.10397082229024,1.648274673597464,-0.3675124792013311,0.0,0.0008421152695714887,0.04353853910569926,0.0,-0.00103160795146097,28.175307050687888,1.0,-1.180375,-1.1774581347281394,0.5698912134076187,0.6660099454194722,0.06376751682034137,-1.1817602488564376,0.0,-1.147178309828359,0.3610975894886527,0.46539657815448193,Insurance—Diversified,Financial Services,ACGLO
2017Q2,2017,Q2,2017-08-04,2017-06-30,185167000.0,1335288000.0,0.0,0.32,1335288000.0,1.0,30862639000.0,8898887000.0,0.0,0.0,20880560000.0,0.0,8412114000.0,10728436004.10163,12407138004.10163,15.261626199451026,0.0,0.07838027072150246,0.271834219268095,0.0,15.261626199451026,0.020807883053240255,8.034548355187518,14.484811013978774,1.2055930145086269,0.06129061873876015,0.0,0.0010578429135114495,0.04326551595279976,0.0,0.00599971376394611,31.55051171656755,1.0,-0.25581395348837205,-0.15935587556976052,0.5849717734086043,0.7725750729635346,0.06679321617916344,-0.2684818292793736,0.0,-0.10984251211445271,0.30383175507701204,0.42853058537428734,Insurance—Diversified,Financial Services,ACGLO
2017Q1,2017,Q1,2017-05-05,2017-03-31,253127000.0,1251684000.0,0.0,0.43,1251684000.0,1.0,30092226000.0,8605844000.0,0.0,0.0,20412552000.0,0.0,8238296000.0,10728436004.10163,12492053004.10163,14.75905630207333,0.0,0.08199363516677032,0.2867087760363771,0.0,14.75905630207333,0.02941338467209027,8.571201680377499,10.595902456179735,1.2466454195662424,0.044317674527016085,0.0,0.001045632373228605,0.04159492886966886,0.0,0.008411707395790528,52.869231850848735,1.0,2.3076923076923075,0.5410517728423923,0.5357935136833012,0.7782668134600254,0.239313175878382,2.4200343182954347,0.0,0.3869972602739725,0.33667658036233933,0.46056512980952746,Insurance—Diversified,Financial Services,ACGLO
2016Q4,2016,Q4,2017-03-01,2016-12-31,74013000.0,1009982000.0,0.0,0.13,1009982000.0,1.0,29372109000.0,8253718000.0,0.0,0.0,20060984000.0,0.0,7996701000.0,10728436004.10163,12374402004.10163,14.155158827354537,0.0,0.08473712255391672,0.3015499196846803,0.0,14.155158827354537,0.008967231494945672,10.622403175602763,36.23835003344558,1.2998306949791147,0.15695891262345804,0.0,0.0010828232554641385,0.034385750100546064,0.0,0.002519839484457858,30.155792988393046,1.0,-0.6976744186046512,-0.4834091797420291,0.35083204712214155,0.7832435919650617,-0.1427885162168631,-0.7073104179189471,0.0,-0.5416867917518112,0.11236643104637008,0.4614827527102277,Insurance—Diversified,Financial Services,ACGLO
2016Q3,2016,Q3,2016-11-04,2016-09-30,252872000.0,1178218000.0,0.0,0.43,1178218000.0,1.0,25643231000.0,7352322000.0,0.0,0.0,17250642000.0,0.0,7972643000.0,10728436004.10163,11339157004.10163,12.609261142657521,0.0,0.046387953218531626,0.16179065606756612,0.0,12.609261142657521,0.03439348820685492,9.10564598750115,10.606587526596094,1.4591901720438292,0.021686861336960992,0.0,0.0005111649077184587,0.0459465501831653,0.0,0.009861159851502332,21.777701100820547,1.0,0.19444444444444448,0.496390276232632,0.5401683414096601,0.6432079503465402,-0.02390816824444505,0.19813318803155575,0.0,1.2022381885477902,0.4458064033200766,0.35071413677586216,Insurance—Diversified,Financial Services,ACGLO
2016Q2,2016,Q2,2016-08-05,2016-06-30,211055000.0,1207077000.0,0.0,0.36,1207077000.0,1.0,24411917000.0,6703922000.0,0.0,0.0,16714040000.0,0.0,7725255000.0,10728436004.10163,11401067004.10163,11.497252592855277,0.0,0.04871481416227984,0.1773919803959533,0.0,11.497252592855277,0.03148231736586434,8.887946671257616,12.708104527376312,1.600322319397754,0.025988486413494112,0.0,0.0005112581179496254,0.04944621923792384,0.0,0.008645572570150882,50.05125288245632,1.0,0.3333333333333332,1.1461328832035143,0.5563780351948506,0.5094609220923118,0.142573039078806,0.36342200803627955,0.0,0.19280547078105575,0.41234760021529027,0.2807632245499796,Insurance—Diversified,Financial Services,ACGLO
2016Q1,2016,Q1,2016-05-06,2016-03-31,154798000.0,1056455000.0,0.0,0.27,1056455000.0,1.0,24541369000.0,6413587000.0,0.0,0.0,17167593000.0,0.0,7519685000.0,10728436004.10163,11419255004.10163,10.999326926126662,0.0,0.05088469188495556,0.1947085149074925,0.0,10.999326926126662,0.024135947637414133,10.155128239349171,17.326509393050348,1.6727668937993092,0.035426814299926356,0.0,0.0005111649077184587,0.043047924506575,0.0,0.0063076350793633395,33.674636145093956,1.0,1.7,5.010172387016617,0.3630411110193635,0.48272687655977803,0.17252696149974417,1.642551084859762,0.0,-0.396442552129634,0.17308029696351923,0.2020524671400966,Insurance—Diversified,Financial Services,ACGLO
2015Q4,2015,Q4,2016-02-26,2015-12-31,58579000.0,901007000.0,0.0,0.1,901007000.0,1.0,23177270000.0,6204881000.0,0.0,0.0,16028376000.0,0.0,7370371000.0,10728436004.10163,11496850004.10163,10.641395315400217,0.0,0.05702742385104027,0.2130161722682514,0.0,10.641395315400217,0.009440793465660341,11.90716165812433,45.78618619343805,1.7290317097300705,0.09363423752539306,0.0,0.0005112581179496254,0.03887459567067217,0.0,0.0025274331273700485,57.83772887295209,1.0,-0.28571428571428575,-0.7497821555494806,0.091451012885321,0.3748896244917188,-0.05096019751671603,-0.26806442342533704,0.0,2.048290576052454,0.10144458040910828,0.20043092524141612,Insurance—Diversified,Financial Services,ACGLO
2015Q3,2015,Q3,2015-11-09,2015-09-30,80033000.0,949388000.0,0.0,0.14,949388000.0,1.0,23770592000.0,6162815000.0,0.0,0.0,16628526000.0,0.0,7317277000.0,10728436004.10163,11208998004.10163,10.569251959977667,0.0,0.04755207611152469,0.1834130993709855,0.0,10.569251959977667,0.012986435581791762,11.300370348162847,33.51253859064895,1.7408336943590925,0.06852173478440143,0.0,0.0005111649077184587,0.03993960268217132,0.0,0.003366891325213945,23.59744328331976,1.0,-0.3,-0.45934973079962976,0.19067613801683578,0.3062595513691444,-0.03507869686208586,-0.3088090508679506,0.0,-0.5780096595942127,0.049280558444472225,0.15218776419506905,Insurance—Diversified,Financial Services,ACGLO
2015Q2,2015,Q2,2015-08-07,2015-06-30,115790000.0,983902000.0,0.0,0.2,983902000.0,1.0,23084925000.0,6137515000.0,0.0,0.0,15947534000.0,0.0,7242728000.0,10728436004.10163,11094584004.10163,10.525862360486617,0.0,0.03860623328860718,0.14520893227959525,0.0,10.525862360486617,0.018865941671832982,10.903968082290339,23.163563356295082,1.7480097407666833,0.047370239226185336,0.0,0.0005112581179496254,0.04262097451042184,0.0,0.005015827428505832,37.06234153487971,1.0,-0.5918367346938775,-0.5243806761935667,0.26740047532251726,0.3955231499387335,-0.1391602126416065,-0.5913332580399243,0.0,-0.47432218933299436,0.16788056044858676,0.2225355933769906,Insurance—Diversified,Financial Services,ACGLO
2015Q1,2015,Q1,2015-05-08,2015-03-31,283336000.0,1142956000.0,0.0,0.49,1142956000.0,1.0,22849680000.0,6288702000.0,0.0,0.0,15551780000.0,0.0,7132423000.0,10728436004.10163,11157424004.10163,10.785148660022323,0.0,0.03938786013633451,0.14311379359365414,0.0,10.785148660022323,0.04505476646850177,9.386569565321524,9.466177969002906,1.7059857509708094,0.01935511195188751,0.0,0.0005111649077184587,0.05002065674442706,0.0,0.012399998599542751,204.10235149725344,1.0,0.32432432432432434,0.3057319557222781,0.3527915567407239,0.43618428700199613,0.0899859526586477,0.31683738915431947,0.0,0.72496590687707,0.40238623424555325,0.2994646505722957,Insurance—Diversified,Financial Services,ACGLO
2014Q4,2014,Q4,2015-02-27,2014-12-31,215164000.0,1048597000.0,0.0,0.37,1048597000.0,1.0,22009543000.0,6130053000.0,0.0,0.0,14890897000.0,0.0,6854571000.0,10728436004.10163,11142734004.10163,10.513065001142655,0.0,0.04089135335522414,0.1468176539419806,0.0,10.513065001142655,0.03509985965863591,10.231228969853651,12.465417081971925,1.7501375606543093,0.025492182707144317,0.0,0.0005112581179496254,0.04764283383803108,0.0,0.009775941281470496,46.21079157359971,1.0,-0.05128205128205133,-0.261003513568281,0.13213742023947056,0.4178945535047019,0.004792084293155589,-0.05908385262927736,0.0,0.5017868111005641,0.4024788878575422,0.3244186111830088,Insurance—Diversified,Financial Services,ACGLO
2014Q3,2014,Q3,2014-11-07,2014-09-30,228675000.0,1043596000.0,0.0,0.39,1043596000.0,1.0,22610685000.0,6081046000.0,0.0,0.0,15528200000.0,0.0,6644892000.0,10728436004.10163,10964710004.10163,10.429017803424953,0.0,0.039804189921711794,0.14800085380048103,0.0,10.429017803424953,0.03760455026980555,10.280257881499766,11.728912216138221,1.7642418761676246,0.02398163332240079,0.0,0.0005111649077184587,0.0461549926505986,0.0,0.010113581255941605,31.334787865277658,1.0,0.08333333333333341,-0.18582750615947707,0.06901175446234216,0.36321198200690374,0.019011332589935225,0.0993144758095531,0.0,0.35320259426704853,0.3641902605644756,0.3590839919175232,Insurance—Diversified,Financial Services,ACGLO
2014Q2,2014,Q2,2014-08-08,2014-06-30,208016000.0,1024126000.0,0.0,0.36,1024126000.0,1.0,22573515000.0,6229399000.0,0.0,0.0,15332450000.0,0.0,6421701000.0,10728436004.10163,10701993004.10163,10.683443781816088,0.0,0.039869732294682506,0.1444762167265253,0.0,10.683443781816088,0.033392627442872094,10.47569928319526,12.893762984700253,1.7222264947391603,0.026368163987385587,0.0,0.0005112581179496254,0.04536847717336002,0.0,0.009215046925567419,42.92816788081447,1.0,0.16129032258064513,0.31165899489249,0.2066371014110262,0.5457688497774672,0.09366680371416519,0.13981369863013698,0.0,1.115230522055683,0.32048511542508196,0.4026169097165696,Insurance—Diversified,Financial Services,ACGLO
2014Q1,2014,Q1,2014-05-12,2014-03-31,182500000.0,936415000.0,0.0,0.31,936415000.0,1.0,21800358000.0,5892133000.0,0.0,0.0,14895495000.0,0.0,6219170000.0,10728436004.10163,10058831004.10163,10.10503126553354,0.0,0.0412837257076237,0.15274604290161134,0.0,10.10503126553354,0.030973503143937858,11.456924551722931,14.696487676851547,1.8208068290552217,0.030049315068493152,0.0,0.0005111649077184587,0.042954111120560495,0.0,0.00837142215737925,55.6491672369072,1.0,0.10714285714285703,0.24718102918061927,0.2478162898447983,0.6230000804319968,0.0313417580989429,0.1301009350424175,0.0,6.085727597453021,0.20816517691259664,0.3621743899887527,Insurance—Diversified,Financial Services,ACGLO
2013Q4,2013,Q4,2014-03-03,2013-12-31,161490000.0,907958000.0,0.0,0.28,907958000.0,1.0,19566094000.0,5647496000.0,0.0,0.0,13918598000.0,0.0,6042154000.0,10728436004.10163,11194379004.10163,9.685477848510143,0.0,0.045997939087893576,0.15936266267386467,0.0,9.685477848510143,0.028594973772447116,11.816004709580872,16.6085144654493,1.899680142155325,0.03396495139017896,0.0,0.0005112581179496254,0.04640466308707297,0.0,0.008253563537004372,49.37744969072061,1.0,0.4000000000000001,2.182981591227081,0.6974159945859646,0.6450782341212334,0.11416689470513093,0.4064010450685826,0.0,-0.31020195462001093,0.09987123158569264,0.2513831699203391,Insurance—Diversified,Financial Services,ACGLO
2013Q3,2013,Q3,2013-11-08,2013-09-30,114825000.0,814921000.0,0.0,0.2,814921000.0,1.0,18930823000.0,5443285000.0,0.0,0.0,13487538000.0,0.0,5886149000.0,10728436004.10163,10692295004.10163,9.335255180460072,0.0,0.021129562090353916,0.07348503706860839,0.0,9.335255180460072,0.021094798453507396,13.165001275094923,23.35823210124457,1.9709487936240027,0.04775963422599608,0.0,0.0005111649077184587,0.04304730967058326,0.0,0.006065504917562221,45.68538495058884,1.0,-0.33333333333333326,2.4953273872941457,0.09121865455095689,0.5478344816604156,-0.04649685254955187,-0.3510512037978976,0.0,-0.22431787936310635,0.022034183146214026,0.15374922370286856,Insurance—Diversified,Financial Services,ACGLO
2013Q2,2013,Q2,2013-08-09,2013-06-30,176940000.0,854660000.0,0.0,0.3,854660000.0,1.0,18917683000.0,5234318000.0,0.0,0.0,13683365000.0,0.0,5776808000.0,10728436004.10163,10753317004.10163,8.976875953707255,0.0,0.021144238435542025,0.0764187426136509,0.0,8.976875953707255,0.03380383079514848,12.552870151992172,15.158296603511968,2.04963397411117,0.030999208771334916,0.0,0.0005112581179496254,0.04517783705330087,0.0,0.009353153871962016,59.82010094567247,1.0,-0.31818181818181823,-0.10970449273685118,0.022424528809747362,0.34688733279759604,-0.050991469960536634,-0.3101108875684275,0.0,-0.27320076730019593,0.10091908568042607,0.1901578966635538,Insurance—Diversified,Financial Services,ACGLO
2013Q1,2013,Q1,2013-05-10,2013-03-31,256476000.0,900582000.0,0.0,0.44,900582000.0,1.0,18757061000.0,5335530000.0,0.0,0.0,13421531000.0,0.0,5605353000.0,10728436004.10163,10771669004.10163,9.150454931718645,0.0,0.021325302508745907,0.07496912209283801,0.0,9.150454931718645,0.04806945139470681,11.912780850718345,10.45754378977139,2.0107535716417355,0.021382117625040938,0.0,0.0005111649077184587,0.04801295895982852,0.0,0.013673570715582787,53.13290116286211,1.0,12.333333333333334,0.30933261181419525,0.06051510080747242,0.3323689288967734,0.10092503511514958,12.346307956496851,0.0,0.18194973132897693,0.06592005794857769,0.21850333325187948,Insurance—Diversified,Financial Services,ACGLO
2012Q4,2012,Q4,2013-03-01,2012-12-31,19217000.0,818023000.0,0.0,0.033,818023000.0,1.0,17816762000.0,5168878000.0,0.0,0.0,12647884000.0,0.0,5354361000.0,10728436004.10163,10757395004.10163,8.86464609636756,0.0,0.022450768551547134,0.07738623353075852,0.0,8.86464609636756,0.003717828124401466,13.115078676396177,139.56959988684017,2.0755831350830163,0.28537232658583545,0.0,0.0005111649077184587,0.0459131126071056,0.0,0.001078591048137703,57.98715775077361,1.0,-0.9000000000000001,-0.9202183750570847,-0.046813206276406956,0.28075323646226247,-0.09590638362774495,-0.8986744421478888,0.0,-0.9339978087423624,-0.11680612388119313,0.1955726914482268,Insurance—Diversified,Financial Services,ACGLO
2012Q3,2012,Q3,2012-11-09,2012-09-30,189656000.0,904799000.0,0.0,0.33,904799000.0,1.0,18889757000.0,5348794000.0,0.0,0.0,13540963000.0,0.0,5351241000.0,10728436004.10163,10991219004.10163,9.173202743878695,0.0,0.03627484461552364,0.1281079435850399,0.0,9.173202743878695,0.035457712523608124,11.857258909549667,14.141967567730035,2.005767282139045,0.0289207828911292,0.0,0.0005112581179496254,0.047898922151301364,0.0,0.010040150331208602,32.41248713463152,1.0,-0.13157894736842102,-0.08025954627896371,0.04340129825649836,0.38040696346516384,0.07398619294738791,-0.13897615631866636,0.0,-0.3247504165657889,-0.07316551000025612,0.19906017321471242,Insurance—Diversified,Financial Services,ACGLO
2012Q2,2012,Q2,2012-08-08,2012-06-30,220268000.0,842468000.0,0.0,0.38,842468000.0,1.0,18496723000.0,5020316000.0,0.0,0.0,13476407000.0,0.0,5167069000.0,10728436004.10163,11108862004.10163,8.609861682154541,0.0,0.039780992557438416,0.14656806463975575,0.0,8.609861682154541,0.043875325776305714,12.734532355058743,12.176571272383676,2.1370041256569565,0.04971670873662992,0.0,0.0010207452415070828,0.04554687876333554,0.0,0.01190848778997231,43.131645087388,1.0,0.35714285714285704,0.07001530203298434,-0.028642584543012304,0.3553523734856848,0.033692920805685346,0.3410042859925969,0.0,0.3889148117788007,-0.007394455807640404,0.24574587192751907,Insurance—Diversified,Financial Services,ACGLO
2012Q1,2012,Q1,2012-05-10,2012-03-31,164256000.0,815008000.0,0.0,0.28,815008000.0,1.0,17812783000.0,4839456000.0,0.0,0.0,12973327000.0,0.0,4954450000.0,10728436004.10163,11045181004.10163,8.29968607093117,0.0,0.04151799300536025,0.15281696951062268,0.0,8.29968607093117,0.033941004939398146,13.163595945195175,16.32883426496084,2.216868177766598,0.03933494058055718,0.0,0.0006022313035683737,0.04575410815929212,0.0,0.009221242969164335,77.56075276057943,1.0,0.1200000000000001,-0.19879811913448958,-0.05206717114032288,0.2791464068333127,0.09005796643991901,0.1464626723993523,0.0,0.1225039294744756,0.08603584815902074,0.33303804874179005,Insurance—Diversified,Financial Services,ACGLO
2011Q4,2011,Q4,2012-02-29,2011-12-31,143272000.0,747674000.0,0.0,0.25,747674000.0,1.0,17141769000.0,4628486000.0,0.0,0.0,12513283000.0,0.0,4833067000.0,10728436004.10163,11087223004.10163,7.937871691301652,0.0,0.04144764755609529,0.15350289489910957,0.0,7.937871691301652,0.03095439847932996,14.349082627056216,18.720398968573118,2.3179147574609993,0.04509604109665531,0.0,0.0006022313035683737,0.04361708526115362,0.0,0.008358063861436938,101.0400829167605,1.0,-0.13793103448275856,-0.41697492054578233,-0.17179186960889986,0.28904960398193186,-0.02263942284439204,-0.15217648590432456,0.0,2.049527144332691,0.39776708431014046,0.34824736051780303,Insurance—Diversified,Financial Services,ACGLO
2011Q3,2011,Q3,2011-11-08,2011-09-30,168988000.0,764993000.0,0.0,0.29,764993000.0,1.0,17430028000.0,4474371000.0,0.0,0.0,12955657000.0,0.0,4696256000.0,10728436004.10163,11172678004.10163,7.673563860251725,0.0,0.04670887505172109,0.18195563130549522,0.0,7.673563860251725,0.03776799018230719,14.02422767803317,15.87159443880872,2.397752891769956,0.038233484034369304,0.0,0.0006022313035683737,0.043889372983221826,0.0,0.009695222520583444,34.97498257223119,1.0,0.7058823529411762,-0.12121810939271338,-0.10037760966379687,0.33713032114466085,-0.013635168031687744,0.7183705842874866,0.0,4.144074761803293,0.024362646441679868,0.27231730793838554,Insurance—Diversified,Financial Services,ACGLO
2011Q2,2011,Q2,2011-08-05,2011-06-30,98342000.0,775568000.0,0.0,0.17,775568000.0,1.0,17213806000.0,4441269000.0,0.0,0.0,12772537000.0,0.0,4533729000.0,10728436004.10163,11135876004.10163,7.61679380007968,0.0,0.04754561542055255,0.18428088908823131,0.0,7.61679380007968,0.022142770455921494,13.833004977128542,27.273281009389756,2.4156240038830408,0.06569929429948547,0.0,0.0006022313035683737,0.04505499829613509,0.0,0.005712972482668853,49.2806004754302,1.0,2.8636363636363638,-0.31174984428254493,-0.09735701840857798,0.4726767204504308,0.0006399405474588168,2.818217114458767,0.0,-0.5051800566560835,-0.07219274687019615,0.14282108149459916,Insurance—Diversified,Financial Services,ACGLO
2011Q1,2011,Q1,2011-05-09,2011-03-31,25756000.0,775072000.0,0.0,0.044,775072000.0,1.0,17191966000.0,4325535000.0,0.0,0.0,12866431000.0,0.0,4441848000.0,10728436004.10163,11143781004.10163,7.418309534961215,0.0,0.0478259438158498,0.19008561946672492,0.0,7.418309534961215,0.005954407951848731,13.841857277906607,104.13530831749524,2.480256431655652,0.2508541699021587,0.0,0.0006022313035683737,0.045083383715393575,0.0,0.001498141631969258,49.55443470194473,1.0,-0.89,-0.8053065235467534,-0.07767844074307234,0.5731769588813314,-0.061102611345914604,-0.8899842810278841,0.0,-0.8685133472532073,-0.08728404496975373,0.0801566919978905,Insurance—Diversified,Financial Services,ACGLO
2010Q4,2010,Q4,2011-02-28,2010-12-31,234112000.0,825513000.0,0.0,0.4,825513000.0,1.0,15770792000.0,4513003000.0,0.0,0.0,11257789000.0,0.0,4422553000.0,10728436004.10163,11091466004.10163,7.739817892170232,0.0,0.04601988283150269,0.16081753103199797,0.0,7.739817892170232,0.05187499321405282,12.996083652349059,11.456520814932201,2.377227758125051,0.02759790185893931,0.0,0.0006022313035683737,0.05234442252488017,0.0,0.014844657135798887,75.0450196145889,1.0,0.6000000000000001,1.3203988383733263,0.008818314132888213,0.8193726575038287,0.035318153086717034,0.5815065763252292,0.0,-0.028056628056628088,-0.03808561660595795,0.11823943192582606,Insurance—Diversified,Financial Services,ACGLO
2010Q3,2010,Q3,2010-11-08,2010-09-30,148031000.0,797352000.0,0.0,0.25,797352000.0,1.0,17701397000.0,4717910000.0,0.0,0.0,12983487000.0,0.0,4194902000.0,10728436004.10163,11119236004.10163,8.09123420295729,0.0,0.04275351826751301,0.16040937618564152,0.0,8.09123420295729,0.031376393360619426,13.455081324310504,18.118563010622154,2.273980640601798,0.043646263282690785,0.0,0.0006022313035683737,0.04504458037972935,0.0,0.008362673296350565,40.45825179826615,1.0,-0.40476190476190477,2.7154859718858284,-0.002053835265140136,1.0063141842484744,0.027098536032409526,-0.3919474555454691,0.0,-0.2821207918295297,-0.08050504922373315,0.21758957570658566,Insurance—Diversified,Financial Services,ACGLO
2010Q2,2010,Q2,2010-08-05,2010-06-30,243451000.0,776315000.0,0.0,0.42,776315000.0,1.0,16777399000.0,4398003000.0,0.0,0.0,12379396000.0,0.0,4053332000.0,10728436004.10163,11148180004.10163,7.542592439938187,0.0,0.04537133556876129,0.17308150994894728,0.0,7.542592439938187,0.055354896301798795,13.819694330396333,11.017038340468543,2.439388059558311,0.026539221444972498,0.0,0.0006022313035683737,0.04627147509575233,0.0,0.014510652098099354,53.78821502429912,1.0,0.13513513513513511,0.9322734776811227,-0.02556477992473787,0.7568175499482301,-0.0811611493608021,0.12192503018516641,0.0,0.1826334070097884,-0.10491635055516481,0.1873443433933566,Insurance—Diversified,Financial Services,ACGLO
2010Q1,2010,Q1,2010-05-07,2010-03-31,216994000.0,844887000.0,0.0,0.37,844887000.0,1.0,16935106000.0,4378757000.0,0.0,0.0,12556349000.0,0.0,3816342000.0,10728436004.10163,11136474004.10163,7.509585474254205,0.0,0.04409455718789124,0.17053835140885873,0.0,7.509585474254205,0.04955607264801404,12.698072054726406,12.360291072681306,2.4501099293935766,0.029775016820741587,0.0,0.0006022313035683737,0.049889678871806294,0.0,0.012813264942067679,58.68305439285433,1.0,-0.26,0.8723811824802402,0.12119852910927766,0.9130699770715953,-0.08780190237635094,-0.2547182447957631,0.0,0.05844535929604127,-0.01731501534124087,0.15737621810100483,Insurance—Diversified,Financial Services,ACGLO
2009Q4,2009,Q4,2010-02-26,2009-12-31,291157000.0,926210000.0,0.0,0.5,926210000.0,1.0,15375790000.0,4323349000.0,0.0,0.0,11052441000.0,0.0,3605809000.0,10728436004.10163,11011430004.10163,7.414560536364873,0.0,0.04016476551773925,0.14284412384935846,0.0,7.414560536364873,0.06734524554922584,11.583157171809448,9.211899425483184,2.48151051513575,0.022190776797397966,0.0,0.0006022313035683737,0.060238205646669214,0.0,0.01893606767522189,59.573959131201924,1.0,0.041666666666666706,1.7177153631467432,0.1458811448790355,0.9284256342594204,-0.051233066147660634,0.03663286668470598,0.0,0.18482210800890372,0.025974759653994702,0.20406787798983972,Insurance—Diversified,Financial Services,ACGLO
2009Q3,2009,Q3,2009-11-09,2009-09-30,280868000.0,976225000.0,0.0,0.48,976225000.0,1.0,17183154000.0,4460822000.0,0.0,0.0,12722332000.0,0.0,3321113000.0,10728436004.10163,10963130004.10163,7.650327271970925,0.0,0.03607271400815008,0.13895264146383782,0.0,7.650327271970925,0.06296328344865587,10.989716514227386,9.54935770904983,2.405035664750046,0.023003688565447114,0.0,0.0006022313035683737,0.05681291106394088,0.0,0.016345544013631023,37.50519487401462,1.0,0.7777777777777776,14.578678795274278,0.2270129497958173,1.09580380877388,0.1501995890398047,0.7710322214515417,0.0,0.46058721359556526,0.14802863294953006,0.3330813098487292,Insurance—Diversified,Financial Services,ACGLO
2009Q2,2009,Q2,2009-08-07,2009-06-30,158590000.0,848744000.0,0.0,0.27,848744000.0,1.0,16641935000.0,4029968000.0,0.0,0.0,12611967000.0,0.0,3046706000.0,10728436004.10163,10791743004.10163,6.911410967658006,0.0,0.024035666525557275,0.09925637126647159,0.0,6.911410967658006,0.03935266979787433,12.640367418328294,16.912220196893927,2.662164067829231,0.040740273661643234,0.0,0.0006022313035683737,0.05100031937391896,0.0,0.00952954088572032,48.79445128531236,1.0,0.08000000000000007,0.5207801921712282,0.125941884405578,0.9778945219248649,0.1309906282022752,0.08378322968632543,0.0,0.1098980313114559,-0.012191303963250346,0.3362937614812751,Insurance—Diversified,Financial Services,ACGLO
2009Q1,2009,Q1,2009-05-11,2009-03-31,146330000.0,750443000.0,0.0,0.25,750443000.0,1.0,16092287000.0,3630396000.0,0.0,0.0,12461891000.0,0.0,2894577000.0,10728436004.10163,10884399004.10163,6.2261434163600695,0.0,0.02485662852023457,0.11018081773999311,0.0,6.2261434163600695,0.04030689764973298,14.296137087162688,18.329180626156003,2.955169630007754,0.04415362536732044,0.0,0.0006022313035683737,0.04663370719152598,0.0,0.009093176128414811,37.361002396264155,1.0,2.0678284640355376,0.673203361728889,0.005502883419800298,0.8059901591734542,0.4029436947800174,2.071928269516742,0.0,0.1061304709350668,-0.10698650203665382,0.32035813808348557,Insurance—Diversified,Financial Services,ACGLO
2008Q4,2008,Q4,2009-03-02,2008-12-31,-136511000.0,534906000.0,0.0,-0.23412,534906000.0,1.0,14616545000.0,3432965000.0,0.0,0.0,11183580000.0,0.0,2693239000.0,10728436004.10163,10876697004.10163,5.887548474972027,0.0,0.02736624831654813,0.11651735453172403,0.0,5.887548474972027,-0.03976475146120045,20.056675386145656,-19.647566870255197,3.1251224536520557,-0.04732951923288233,0.0,0.0006022313035683737,0.03659592605502874,0.0,-0.009339484809850754,65.6751879582117,1.0,-5.180714285714285,-2.6302935486182433,-0.26005328552575885,1.006726372207404,-0.2837349808984747,-5.155459498949804,0.0,-2.3530274647398732,-0.34631802389596933,0.3839659878727383,Insurance—Diversified,Financial Services,ACGLO
2008Q3,2008,Q3,2008-11-10,2008-09-30,32851000.0,746799000.0,0.0,0.056,746799000.0,1.0,16093048000.0,3516710000.0,0.0,0.0,12576338000.0,0.0,2836211000.0,10728436004.10163,10889339004.10163,6.031171479295267,0.0,0.024855453112424694,0.11374267426088588,0.0,6.031171479295267,0.009341401480360905,14.365894978570712,81.64466838225343,3.0507025043582296,0.19667590027700832,0.0,0.0006022313035683737,0.046405068822264126,0.0,0.002041316225490659,28.201778585346158,1.0,-0.8352941176470589,-0.6022255318633682,0.15442905306701657,1.1492642578498617,-0.10660892554865029,-0.8347061280145716,0.0,1.3807001888957133,-0.0653247275007417,0.4954980393624408,Insurance—Diversified,Financial Services,ACGLO
2008Q2,2008,Q2,2008-08-08,2008-06-30,198743000.0,835915000.0,0.0,0.34,835915000.0,1.0,16281502000.0,3886233000.0,0.0,0.0,12395269000.0,0.0,2809821000.0,10728436004.10163,10881892004.10163,6.664904877426936,0.0,0.02456775793781188,0.10292743641464626,0.0,6.664904877426936,0.05114026873839011,12.834362350360538,13.495363363868954,2.7606260366019306,0.0325093210830067,0.0,0.0006022313035683737,0.051341393441465044,0.0,0.012206674789586366,42.184127349764985,1.0,0.0,2.216738961543442,0.5536356168151693,1.4810884213026272,-0.015636021493347214,0.014600552370547725,0.0,0.5774255508286241,0.0492454956933883,0.5523869214250103,Insurance—Diversified,Financial Services,ACGLO
2008Q1,2008,Q1,2008-05-08,2008-03-31,195883000.0,849193000.0,0.0,0.34,849193000.0,1.0,16354475000.0,4004544000.0,0.0,0.0,12349931000.0,0.0,2617539000.0,10728436004.10163,10769756004.10163,6.867808707679332,0.0,0.018343603203404574,0.0749148966773745,0.0,6.867808707679332,0.04891518235284716,12.633683984796894,13.692403123422693,2.679065582523661,0.03298397512801009,0.0,0.0006022313035683737,0.051924198117029134,0.0,0.011977333420974992,32.363306196385004,1.0,-0.17073170731707307,2.7320999885683803,0.9481237798317516,1.704680135999103,-0.01049291655305652,-0.1867687964462158,0.0,0.6902202050184655,0.12691276174197835,0.7495770827799291,Insurance—Diversified,Financial Services,ACGLO
2007Q4,2007,Q4,2008-02-29,2007-12-31,240870000.0,858198000.0,0.0,0.41,858198000.0,1.0,15624267000.0,4035811000.0,0.0,0.0,11588456000.0,0.0,2428117000.0,10728436004.10163,10788521004.10163,6.921431735635327,0.0,0.019200900752656107,0.07433450178910757,0.0,6.921431735635327,0.059683171486474465,12.501119792986733,11.135089471604632,2.6583098178040623,0.026823597791339727,0.0,0.0006022313035683737,0.054927248747093226,0.0,0.01541640321430759,33.7925847193094,1.0,0.17142857142857143,4.5358415113419595,1.807679095468509,1.859754231018874,-0.010338310098562785,0.1681037409192749,0.0,1.2483268460698387,0.06173859791289072,0.8001695878417739,Insurance—Diversified,Financial Services,ACGLO
2007Q3,2007,Q3,2007-11-09,2007-09-30,206206000.0,867163000.0,0.0,0.35,867163000.0,1.0,15464002000.0,3874795000.0,0.0,0.0,11589207000.0,0.0,2193708000.0,10728436004.10163,10777632004.10163,6.645288662447545,0.0,0.019399894024845574,0.07742345078900949,0.0,6.645288662447545,0.05321726697799496,12.371879339987556,13.006939667252203,2.7687751233553337,0.03133274492497794,0.0,0.0006022313035683737,0.05607623434089054,0.0,0.01333458182429102,25.364171972172485,1.0,0.0,27.707162284678148,3.3183687900880448,0.0,-0.00016948957120291476,0.0017050836754025891,0.0,10.437461866992066,0.08993339709983908,0.8204739214472102,Insurance—Diversified,Financial Services,ACGLO
2007Q2,2007,Q2,2007-08-08,2007-06-30,205855000.0,867310000.0,0.0,0.35,867310000.0,1.0,15293768000.0,3704067000.0,0.0,0.0,11589701000.0,0.0,1993963000.0,10728436004.10163,10783293004.10163,6.352489471067782,0.0,0.01961583306350665,0.08099205548927706,0.0,6.352489471067782,0.05557539860915043,12.369782435463248,13.029117587745779,2.8963936138578568,0.031386169876855066,0.0,0.0006022313035683737,0.05671002724769985,0.0,0.013460057717627207,39.88088265245279,1.0,0.0,9.707115364610424,5.386342382940495,0.0,0.008765094082863635,0.004111954422180165,0.0,0.9740223624403064,0.15057149831256764,0.8179434248963438,Insurance—Diversified,Financial Services,ACGLO
2007Q1,2007,Q1,2007-03-31,2007-03-31,205012000.0,859774000.0,0.0,0.35,859774000.0,1.0,14961871000.0,3783348000.0,0.0,0.0,11178523000.0,0.0,1794569000.0,10728436004.10163,10803187004.10163,6.488456697836554,0.0,0.020050968224495452,0.07929484678649704,0.0,6.488456697836554,0.05418798376464443,12.478204742294636,13.082692725427817,2.835698964013258,0.0315152283768755,0.0,0.0006022313035683737,0.05746433718082451,0.0,0.013702296992134206,26.8887825202488,1.0,-0.16666666666666669,50.692385274836106,9.801045212999837,0.0,-0.047617254179123825,-0.1657327489735044,0.0,1.3441998742210275,0.1519932041332591,0.8820782241740486,Insurance—Diversified,Financial Services,ACGLO
