Quarters,Year,Quarter,FillingDate,Date,NetIncome,Revenue,OperatingIncome,EPSDiluted,GrossProfit,GrossProfitRatio,TotalAssets,CommonStockEquity,CurrentAssets,CurrentLiability,TotalLiability,Inventory,RetainedEarnings,MarketCap,EnterpriseValue,bookValuePerShare,currentRatio,debtToAssets,debtToEquity,roic,shareholdersEquityPerShare,roe,priceToSalesRatio,peRatio,pbRatio,payoutRatio,inventoryTurnover,dividendYield,assetTurnover,quickRatio,returnOnAssets,priceToFreeCashFlowsRatio,grossProfitMargin,epsdilutedGrowth,fiveYNetIncomeGrowthPerShare,fiveYRevenueGrowthPerShare,fiveYShareholdersEquityGrowthPerShare,grossProfitGrowth,netIncomeGrowth,operatingIncomeGrowth,threeYNetIncomeGrowthPerShare,threeYRevenueGrowthPerShare,threeYShareholdersEquityGrowthPerShare,Industry,Sector,Symbol
2023Q1,2023,Q1,2023-05-05,2023-03-31,8751000.0,32561000.0,19923000.0,0.58,32561000.0,1.0,3693984000.0,307010000.0,1124426000.0,216800000.0,49236000.0,0.0,246723000.0,257815119.23999998,299921119.24,20.50582687153658,5.186466789667897,0.09269450003031957,1.1153122048141755,0.023428188117531428,20.50582687153658,0.02850395752581349,7.91791158871042,7.365304514912581,0.8397613082310023,0.39938292766540967,0.0,0.013556225912206904,0.008814602337205575,5.186466789667897,0.00236898697991112,25.490915487443147,1.0,0.23404255319148934,0.32689544520873237,0.23185622378270082,0.2234021109303923,-0.04513196480938417,0.23028258118937156,0.30599803343166176,0.14265964354182928,0.11037996470282921,-0.020327813015870895,Banks—Regional,Financial Services,BSRR
2022Q4,2022,Q4,2023-03-09,2022-12-31,7113000.0,34100000.0,15255000.0,0.47,34100000.0,1.0,3608590000.0,303582000.0,1030408000.0,219000000.0,3305008000.0,0.0,243082000.0,318569563.08,545973563.0799999,20.240733664756107,4.705059360730593,0.08439168761205901,1.0031391848001527,0.019795219535922753,20.240733664756107,0.023430242899776667,9.342215926099707,11.196737068747362,1.0493690768227364,0.4878391677210741,0.0,0.010892440465596535,0.009449674249499112,4.705059360730593,0.001971129998143319,-1546.4541897087379,1.0,-0.28787878787878796,0.7835406450650263,0.47611426063957635,0.20245380790537884,531.8125,-0.2840463009562154,-0.06324838808719681,-0.21927459675689148,0.5774208558959939,0.0003329404555689325,Banks—Regional,Financial Services,BSRR
2022Q3,2022,Q3,2022-11-03,2022-09-30,9935000.0,64000.0,16285000.0,0.66,64000.0,1.0,3532289000.0,295072000.0,1156117000.0,103100000.0,3237217000.0,0.0,239496000.0,295351434.25,397340434.25,19.731314374004942,11.213549951503396,0.053413523072432634,0.639410042294762,0.025207778851388675,19.731314374004942,0.033669748400390415,4614.86616015625,7.432094470306995,1.0009470036126775,0.34937091092098643,0.0,0.011752101386655108,1.8118562778979863e-05,11.213549951503396,0.002812623768893202,15.778163056253005,1.0,0.08196721311475418,0.6011827098453915,-0.9975672000197808,0.24639451622330305,-0.9981406699398623,0.07942199043893959,0.15390065896690994,0.1368268508710716,-0.9978323594369357,-0.0036171795124998215,Banks—Regional,Financial Services,BSRR
2022Q2,2022,Q2,2022-08-04,2022-06-30,9204000.0,34421000.0,14113000.0,0.61,34421000.0,1.0,3396635000.0,299047000.0,323274000.0,0.0,3097588000.0,0.0,233179000.0,324465862.73,248048862.73000002,20.027657933948717,0.0,0.025159606492896645,0.2857677890097543,0.027043443120433008,20.027657933948717,0.03077777071831518,9.42639268847506,8.813175324043893,1.0849995576949443,0.37700999565406346,0.0,0.010694499479248807,0.010133853063399511,0.0,0.0027097406698099735,69.65776357449549,1.0,0.24489795918367346,0.6389337233602719,0.3740918252747148,0.2817212718055548,0.20932438604504092,0.24260834345889024,0.23096380287832532,0.07027487054154526,0.2746242121360221,0.03425994621981986,Banks—Regional,Financial Services,BSRR
2022Q1,2022,Q1,2022-05-05,2022-03-31,7407000.0,28463000.0,11465000.0,0.49,28463000.0,1.0,3418854000.0,325691000.0,1278566000.0,0.0,3093163000.0,0.0,227445000.0,375228027.24,207232027.24,21.682178806958568,0.0,0.025019494836573893,0.26263544279700696,0.020365483025114744,21.682178806958568,0.022742415356887355,13.183010478164634,12.664642474686108,1.1520982380231568,0.4736060483326583,0.0,0.009348981806618204,0.00832530432712248,0.0,0.0021665154464039706,41.10286200460072,1.0,-0.22222222222222224,0.49542009039622065,0.18787285494163897,0.42217367369736103,-0.08807509932077406,-0.23012160898035547,-0.18247290359383914,-0.1512076027655758,0.03842444663609844,0.16866095008546855,Banks—Regional,Financial Services,BSRR
2021Q4,2021,Q4,2022-03-10,2021-12-31,9621000.0,31212000.0,14024000.0,0.63,31212000.0,1.0,3371014000.0,362494000.0,268774000.0,0.0,3008520000.0,0.0,0.0,413408543.09999996,240323543.09999996,23.80626202400315,0.0,0.025049732810365072,0.23295006262172616,0.023783815550920125,23.80626202400315,0.026541128956617213,13.24517951749327,10.74234858902401,1.1404562367928848,0.0,0.0,0.0,0.009258935145330159,0.0,0.002854037390529971,0.0,1.0,-0.08695652173913036,0.5781434099059578,0.43262334615623493,0.5933827724698973,-0.0166351606805293,-0.09278642149929278,0.0,0.22234042144054256,0.2367515553995646,0.33327239722847046,Banks—Regional,Financial Services,BSRR
2021Q3,2021,Q3,2021-11-04,2021-09-30,10605000.0,31740000.0,0.0,0.69,31740000.0,1.0,3442739000.0,364507000.0,2655053000.0,0.0,3078232000.0,0.0,231717000.0,370448870.76,32577870.75999999,23.890557263255186,0.0,0.024538310920461878,0.2317623529863624,0.0,23.890557263255186,0.029094091471494374,11.671356986767485,8.732882384724187,1.0163011156438697,0.31815181518151814,0.0,0.009107869577461578,0.009219403504012357,0.0,0.0030803961613122574,6.4564001387315475,1.0,-0.09210526315789481,1.4395891161074792,0.31005797150852166,0.5798997782068412,0.009092643225027024,-0.09420908780321148,0.0,0.5007924843552614,0.07668940413580655,0.3857905591594117,Banks—Regional,Financial Services,BSRR
2021Q2,2021,Q2,2021-08-05,2021-06-30,11708000.0,31454000.0,0.0,0.76,31454000.0,1.0,3272048000.0,357729000.0,2607488000.0,0.0,2914319000.0,0.0,224689000.0,387952114.09999996,49263114.099999964,23.46733712515165,0.0,0.010761761441152453,0.09843484872627044,0.0,23.46733712515165,0.03272868568106024,12.333951615056908,8.283910875042706,1.0844860609567577,0.2764776221387086,0.0,0.008343813275794185,0.00961293966347682,0.0,0.0035781871170594073,60.55128985484625,1.0,0.05555555555555561,1.4963544549772956,0.38615909876140225,0.5715220652950566,-0.11479469788647173,0.056869471023650475,0.0,0.4660102771932658,0.11503927561592331,0.3756033101465206,Banks—Regional,Financial Services,BSRR
2021Q1,2021,Q1,2021-05-06,2021-03-31,11078000.0,35533000.0,0.0,0.72,35533000.0,1.0,3326037000.0,347981000.0,2714916000.0,5000000.0,2978056000.0,0.0,216218000.0,407976668.0,101934668.0,22.858882704537407,542.9832,0.012077135642207228,0.11543446337587397,0.0,22.858882704537407,0.031835071455050705,11.481627444910364,9.20691162664741,1.1724107580586296,0.2916591442498646,0.0,0.007919570537793597,0.010683284641752331,179.8284,0.003330690548541703,27.9225698446376,1.0,0.24137931034482762,1.3906769802298442,0.578291166685919,0.5595108018329038,0.09598716881033897,0.23376768014255486,0.0,0.6520191712958616,0.3221138850736772,0.3637882309959115,Banks—Regional,Financial Services,BSRR
2020Q4,2020,Q4,2021-03-12,2020-12-31,8979000.0,32421000.0,0.0,0.58,32421000.0,1.0,3220742000.0,343896000.0,2612278000.0,142900000.0,2876846000.0,0.0,208371000.0,364111292.48,470718292.48,22.59197253667116,18.280461861441566,0.05527421941900345,0.5176681322260218,0.0,22.59197253667116,0.026109637797473655,11.230723681564418,10.13785756988529,1.0587831567683252,0.34202026951776365,0.0,0.008434234431684605,0.0100663139115148,4.418929321203639,0.002787866895268233,30.79946645914397,1.0,-0.13432835820895533,0.4574100579376475,0.6321793658485333,0.5727462095998676,-0.0071354198566791205,-0.13296639629200463,0.0,1.218375030565506,0.3828300153617834,0.3421353126204142,Banks—Regional,Financial Services,BSRR
2020Q3,2020,Q3,2020-11-05,2020-09-30,10356000.0,32654000.0,0.0,0.67,32654000.0,1.0,3199618000.0,336247000.0,2563192000.0,158000000.0,2863371000.0,0.0,202464000.0,255087750.01999998,359233750.02,22.13194137922092,16.22273417721519,0.06034439111168896,0.5742177625376583,0.0,22.13194137922092,0.030798787795876244,7.811837754027071,6.15797001786404,0.7586320473342513,0.29345307068366167,0.0,0.011913547395991103,0.010205593292699317,4.216525316455696,0.0032366363734670825,47.96685784505453,1.0,0.24074074074074073,1.0648337092001066,0.5002770557028163,0.5806207954534964,0.1408706589336874,0.24726002649644707,0.0,0.6428508594324011,0.2217881122598091,0.3980381562810962,Banks—Regional,Financial Services,BSRR
2020Q2,2020,Q2,2020-08-06,2020-06-30,8303000.0,28622000.0,0.0,0.54,28622000.0,1.0,3110044000.0,327433000.0,2450731000.0,163000000.0,2782611000.0,0.0,195147000.0,286821618.24,328245618.24,21.553239528922894,15.035159509202455,0.06367594799301875,0.604810755177395,0.0,21.553239528922894,0.025357859470487094,10.021019434001817,8.63608389256895,0.8759704068924024,0.365891846320607,0.0,0.010591949165623674,0.009203085229662346,4.637693251533742,0.0026697371484133343,25.173040042127436,1.0,0.058823529411764754,0.6263301809551418,0.29868604511728875,0.570416264693194,-0.04251831532465795,0.06353272703983605,0.0,0.4531793321745,0.12303073721504384,0.37935477386566924,Banks—Regional,Financial Services,BSRR
2020Q1,2020,Q1,2020-05-07,2020-03-31,7807000.0,29893000.0,0.0,0.51,29893000.0,1.0,2670469000.0,319459000.0,1989421000.0,74100000.0,2351010000.0,0.0,189882000.0,268310390.15999997,270408390.15999997,20.931314723410413,26.84778677462888,0.04085050229004718,0.34148357066164986,0.0,20.931314723410413,0.02443819081634889,8.975692976951125,8.591981239912897,0.8398899081259252,0.3918278468041501,0.0,0.01140097481195508,0.011193913878049137,9.813036437246964,0.0029234565164396216,31.28254519762154,1.0,-0.14999999999999997,0.8718447126240124,0.4307791753169882,0.5190272779361914,0.3568607870727611,-0.15918147549811523,0.0,0.5512766718702377,0.22784346561455807,0.37292312827688107,Banks—Regional,Financial Services,BSRR
2019Q4,2019,Q4,2020-03-12,2019-12-31,9285000.0,22031000.0,0.0,0.6,22031000.0,1.0,2593819000.0,309285000.0,1926021000.0,20000000.0,2284534000.0,0.0,186867000.0,445111226.56,419979226.56,20.23399694859406,96.30105,0.021183050937632886,0.17765168048886948,0.0,20.23399694859406,0.03002085455162714,20.203859405383323,11.9846856908993,1.4391620238938196,0.31287022078621435,0.0,0.006526458616761966,0.008493653566420787,34.45525,0.0035796638084615775,21.12736028858933,1.0,0.03448275862068969,1.2873854019052204,0.2670400749305768,0.48809939953354875,-0.27155799497420974,0.037198391420911525,0.0,0.5171921786552144,0.0073423022582320766,0.3542866210407624,Banks—Regional,Financial Services,BSRR
2019Q3,2019,Q3,2019-11-07,2019-09-30,8952000.0,30244000.0,0.0,0.58,30244000.0,1.0,2635960000.0,303353000.0,1975059000.0,42200000.0,2332607000.0,0.0,181332000.0,406861484.79999995,403273484.79999995,19.802945181602993,46.80234597156398,0.029249685124205223,0.25416264220231877,0.0,19.802945181602993,0.02951017461505243,13.452634730855705,11.362306881143878,1.3412146403694705,0.32551385165326185,0.0,0.007162142667380837,0.011473618719555684,16.127843601895734,0.0033961061624607353,62.38293235203925,1.0,0.017543859649122823,1.2939674230554215,0.6115563505319145,0.4821534736578164,0.0908566275924256,0.013931362555215767,0.0,1.0511015919147702,0.24332282044318393,0.30958304385713054,Banks—Regional,Financial Services,BSRR
2019Q2,2019,Q2,2019-08-07,2019-06-30,8829000.0,27725000.0,0.0,0.57,27725000.0,1.0,2577032000.0,296852000.0,1938106000.0,8500000.0,2280180000.0,0.0,176328000.0,410381610.39,385947610.39,19.36424010921919,228.0124705882353,0.01682400528980626,0.146052578389231,0.0,19.36424010921919,0.029742093703259538,14.80186151091073,11.620274390927625,1.3824451591702263,0.31249292105561216,0.0,0.006723010802989018,0.010758500476517172,75.88894117647058,0.0034260342906102833,117.82417754521964,1.0,-0.017241379310344845,0.9148297513306893,0.5014746807777292,0.4593406297809998,-0.007659544006585776,-0.007419898819561552,0.0,0.8719139013579006,0.2149532535792016,0.2967526075506045,Banks—Regional,Financial Services,BSRR
2019Q1,2019,Q1,2019-05-07,2019-03-31,8895000.0,27939000.0,0.0,0.58,27939000.0,1.0,2539087000.0,284068000.0,1913060000.0,0.0,2255019000.0,0.0,170258000.0,378185503.8,344933503.8,18.55301043931764,0.0,0.01371004617013911,0.12254460199670501,0.0,18.55301043931764,0.03131292507427799,13.536114528079029,10.629159747048902,1.3313203310474955,0.3096121416526138,0.0,0.007282140569450352,0.011003561516403337,0.0,0.003503227735008686,25.413984530609504,1.0,0.13725490196078421,1.1757741450070944,0.63061108703203,0.43331925921859243,0.10243459732470504,0.12537955465587045,0.0,0.9085260818181564,0.23383963092779117,0.26574953643255994,Banks—Regional,Financial Services,BSRR
2018Q4,2018,Q4,2019-03-14,2018-12-31,7904000.0,25343000.0,0.0,0.51,25343000.0,1.0,2522502000.0,273024000.0,1889757000.0,56100000.0,2249478000.0,0.0,164117000.0,367436482.2,384171482.2,17.8555125520413,33.685508021390376,0.03602256806932165,0.33281689521800284,0.0,17.8555125520413,0.02894983591186123,14.498539328414157,11.621852296305669,1.345802867879747,0.3083248987854251,0.0,0.006632438851495187,0.010046771023372826,11.465204991087344,0.0031333969209935216,71.82104812353401,1.0,0.10869565217391301,0.8972341766124524,0.5897076468505985,0.3960244338559696,-0.1408861317332791,0.11780511950219205,0.0,0.27715965714065927,0.27011770441762484,0.243016281163717,Banks—Regional,Financial Services,BSRR
2018Q3,2018,Q3,2018-11-07,2018-09-30,7071000.0,29499000.0,0.0,0.46,29499000.0,1.0,2463040000.0,263208000.0,1850146000.0,16100000.0,2199832000.0,0.0,158650000.0,431920036.22999996,417703036.22999996,17.2396594170382,114.91590062111801,0.020633850850980903,0.19308683626637488,0.0,17.2396594170382,0.02686468496398286,14.64185349435574,15.270825775350021,1.6409836943785903,0.3453542638947815,0.0,0.005653824308117118,0.011976662985578796,38.12757763975155,0.0028708425360530077,32.33176407141253,1.0,-0.11538461538461538,0.9500396721554198,0.6783899311254852,0.3726132864190301,0.04498919550816536,-0.11524024024024024,0.0,0.4029506049886828,0.348686084451681,0.2312234030535601,Banks—Regional,Financial Services,BSRR
2018Q2,2018,Q2,2018-08-06,2018-06-30,7992000.0,28229000.0,0.0,0.52,28229000.0,1.0,2425443000.0,260238000.0,1801017000.0,0.0,2165205000.0,0.0,154020000.0,430789198.0,380364198.0,17.059668984550537,0.0,0.014297181999329608,0.13325110091531597,0.0,17.059668984550537,0.030710349756761117,15.260519253250203,13.475638075575576,1.6553662339858128,0.30543043043043044,0.0,0.005666344493624002,0.01163869858001198,0.0,0.0032950681586827644,352.81670597870595,1.0,0.18181818181818185,0.9483691454299111,0.6042531101965415,0.3759212091350837,0.04967835496225784,0.19105812220566318,0.0,0.5589742366943378,0.27558519369102097,0.24300486744319294,Banks—Regional,Financial Services,BSRR
2018Q1,2018,Q1,2018-05-07,2018-03-31,6710000.0,26893000.0,0.0,0.44,26893000.0,1.0,2373524000.0,255320000.0,1747521000.0,5800000.0,2118204000.0,0.0,148469000.0,405799021.44,382723021.44,16.761313952566244,301.29672413793105,0.01703500786172796,0.15836205545981513,0.0,16.761313952566244,0.026280745730847564,15.089392088647603,15.119188578241431,1.589374202725991,0.3631892697466468,0.0,0.006005435871560686,0.01133040997268197,108.11913793103449,0.002827020076477002,53.2055882312836,1.0,0.6923076923076923,1.6636654812118619,0.5615144987274596,0.347602499642089,0.14834109056748793,0.6596586693049715,0.0,0.6119441963689513,0.2896866529663029,0.21640200075555374,Banks—Regional,Financial Services,BSRR
2017Q4,2017,Q4,2018-03-14,2017-12-31,4043000.0,23419000.0,0.0,0.26,23419000.0,1.0,2340298000.0,255942000.0,1707412000.0,21900000.0,2084356000.0,0.0,144197000.0,403842276.79999995,390193276.79999995,16.832857554848253,77.96401826484018,0.024137097070544008,0.22070625376061764,0.0,16.832857554848253,0.01579654765532816,17.24421524403262,24.97169656195894,1.5778663791015153,0.527083848627257,0.0,0.005276812563770689,0.010006845282096553,29.047853881278538,0.0017275577725571702,26.794206263269636,1.0,-0.3658536585365853,0.787868887521884,0.35533028209618156,0.36552409006118836,-0.03803655781474635,-0.2958899338209683,0.0,0.0012779328669259103,0.3539977850939058,0.23796426793194447,Banks—Regional,Financial Services,BSRR
2017Q3,2017,Q3,2017-11-08,2017-09-30,5742000.0,24345000.0,0.0,0.41,24345000.0,1.0,2077993000.0,219083000.0,1455669000.0,10500000.0,1858910000.0,0.0,141870000.0,375731863.65,366168863.65,15.830713403483793,138.63514285714285,0.021676685147640054,0.2056024429097648,0.0,15.830713403483793,0.026209244898052337,15.433635804066542,16.358928232758622,1.7150206252881326,0.33733890630442354,0.0,0.005155272116618636,0.011715631380856432,60.74352380952381,0.0027632431870559717,26.407918446021927,1.0,0.10810810810810806,2.579031044232392,0.45727895300111815,0.2796773552739394,0.04917255645578349,0.10380622837370242,0.0,0.628698427429767,0.43590716190408413,0.18485137671605414,Banks—Regional,Financial Services,BSRR
2017Q2,2017,Q2,2017-08-07,2017-06-30,5202000.0,23204000.0,0.0,0.37,23204000.0,1.0,2077980000.0,216123000.0,1459104000.0,0.0,1861857000.0,0.0,138066000.0,339559519.75,296883519.75,15.625595341595485,0.0,0.016602180964205623,0.15962669405847596,0.0,15.625595341595485,0.02406962701794811,14.633663150749872,16.318700487793155,1.571140136635157,0.37216455209534793,0.0,0.005701504117526659,0.011166613730642259,0.0,0.0025033927179279876,127.7500074303988,1.0,0.15624999999999997,1.0615035610512538,0.4059953395836429,0.27723929853856,0.05396075581395349,0.14304548450889915,0.0,0.25044358719565696,0.39278609102115825,0.17758641794834076,Banks—Regional,Financial Services,BSRR
2017Q1,2017,Q1,2017-05-08,2017-03-31,4551000.0,22016000.0,0.0,0.32,22016000.0,1.0,1999725000.0,210417000.0,1408487000.0,0.0,1789308000.0,0.0,134800000.0,378578848.05,320264848.05,15.24580239949832,0.0,0.017229369038242758,0.16374152278570647,0.0,15.24580239949832,0.021628480588545603,17.195623548782702,20.796464955504284,1.7991837544019733,0.4243023511316194,0.0,0.005100654751173439,0.011009513808148621,0.0,0.002275812924277088,52.24659785398841,1.0,-0.20000000000000004,1.474955869457286,0.360736877787338,0.26297240807557515,0.11665652262122134,-0.17509516041326809,0.0,0.23495769800172725,0.42546098994165,0.17781975453066526,Banks—Regional,Financial Services,BSRR
2016Q4,2016,Q4,2017-03-13,2016-12-31,5517000.0,19716000.0,0.0,0.4,19716000.0,1.0,2032873000.0,205878000.0,1454751000.0,65000000.0,1826995000.0,0.0,132180000.0,366401451.89,345369451.89,14.940705042957847,22.380784615384616,0.04890123485333319,0.4828587804427865,0.0,14.940705042957847,0.026797423716958587,18.583964896023534,16.603292182798622,1.7797018228756838,0.29998187420699657,0.0,0.004516903498779965,0.009698589139606853,10.105830769230769,0.0027138930961255327,237.46043544394036,1.0,0.4285714285714285,2.6642022626459236,0.08869270394745694,0.25004084993348813,-0.0996438030870399,0.4041740900992619,0.0,0.4694900402936511,0.37235890378869274,0.16813164775937778,Banks—Regional,Financial Services,BSRR
2016Q3,2016,Q3,2016-11-07,2016-09-30,3929000.0,21898000.0,0.0,0.28,21898000.0,1.0,1973240000.0,208528000.0,1398038000.0,71600000.0,1764712000.0,0.0,128699000.0,258702407.32000002,299225407.32000005,15.121565046594634,19.525670391061453,0.053701019642820945,0.5081571779329395,0.0,15.121565046594634,0.018841594414179392,11.813974213170154,16.461084711122425,1.2406123269776723,0.42402646983965386,0.0,0.006439831840989611,0.011097484340475564,8.394162011173185,0.0019911414729075023,62.7613797476953,1.0,-0.09677419354838701,0.5849196788709776,0.3190624280481608,0.2623341459120143,0.1076938641307097,-0.038423886441507585,0.0,0.1996302429956064,0.37940815914441484,0.2039716442363057,Banks—Regional,Financial Services,BSRR
2016Q2,2016,Q2,2016-08-05,2016-06-30,4086000.0,19769000.0,0.0,0.31,19769000.0,1.0,1843288000.0,198315000.0,1284222000.0,93700000.0,1644973000.0,0.0,127638000.0,221650426.77,293237426.77,14.932871541161346,13.705677694770545,0.06761178936769512,0.628434561177924,0.0,14.932871541161346,0.020603585205355116,11.212020171480601,13.56157775146843,1.1176684908857122,0.3898678414096916,0.0,0.0071869927038444555,0.01072485688617297,6.206830309498399,0.0022166910433963657,60.31304129795919,1.0,0.03333333333333337,0.9740193807215188,0.22916035173447413,0.265010806368446,0.008159518588403284,0.012388503468780971,0.0,0.14420016968002605,0.2904761275213823,0.20438765168191372,Banks—Regional,Financial Services,BSRR
2016Q1,2016,Q1,2016-05-09,2016-03-31,4036000.0,19609000.0,0.0,0.3,19609000.0,1.0,1764167000.0,194347000.0,1211570000.0,22800000.0,1569820000.0,0.0,125146000.0,240651104.1,250371104.1,14.657726434258233,53.1390350877193,0.030455166659392224,0.27645397150457685,0.0,14.657726434258233,0.02076697865158711,12.272482232648274,14.906535189544101,1.2382547922015776,0.39444995044598613,0.0,0.006615386228764035,0.011115160866289869,24.851666666666667,0.00228776527392248,52.2586545276873,1.0,-0.25000000000000006,1.7835235967609298,0.24926969241221933,0.26880448173933785,0.1340581805563588,-0.2474361364907701,0.0,0.8406612341488088,0.30806028956396875,0.17847495952738626,Banks—Regional,Financial Services,BSRR
2015Q4,2015,Q4,2016-03-11,2015-12-31,5363000.0,17291000.0,0.0,0.4,17291000.0,1.0,1796537000.0,190340000.0,1252910000.0,75300000.0,1606197000.0,0.0,122701000.0,233872560.49999997,293477560.5,14.364665067238617,16.638911022576362,0.06024256667132377,0.5686035515393506,0.0,14.364665067238617,0.028175895765472313,13.525681597362787,10.90213315774753,1.2287094698959755,0.27167630057803466,0.0,0.006229888606363465,0.00962462782564456,7.463652058432935,0.00298518761372574,17.88153226546372,1.0,0.21212121212121213,2.55461555606617,0.09587207676681822,0.25844211823414953,-0.09650956212770405,0.21609977324263038,0.0,1.7213780201406852,0.1482753881262327,0.16529805655755053,Banks—Regional,Financial Services,BSRR
2015Q3,2015,Q3,2015-11-06,2015-09-30,4410000.0,19138000.0,0.0,0.33,19138000.0,1.0,1717134000.0,187052000.0,1177486000.0,41500000.0,1530082000.0,0.0,118795000.0,213207964.20000002,238647964.20000002,14.002056307800908,28.373156626506024,0.04334431675105146,0.3979000491841841,0.0,14.002056307800908,0.02357633171524496,11.140556181419168,12.086619285714287,1.1398325823835083,0.3344671201814059,0.0,0.00691812806118431,0.011145315391809841,13.459951807228915,0.0025682328810681053,52.040020551623144,1.0,0.0,3.335862145515394,-0.2080651352592387,0.17806782938848945,-0.02714518096787312,-0.03225806451612903,0.0,1.8475969763348175,0.18677153280138967,0.13185766981419095,Banks—Regional,Financial Services,BSRR
2015Q2,2015,Q2,2015-08-07,2015-06-30,4557000.0,19672000.0,0.0,0.33,19672000.0,1.0,1734111000.0,186106000.0,1196991000.0,11700000.0,1548005000.0,0.0,117809000.0,234725175.20999998,232663175.20999998,13.724539164228323,102.30692307692307,0.025735376801139027,0.23979882432592178,0.0,13.724539164228323,0.02448604558692358,11.931942619459129,12.877176607965767,1.2612445338140628,0.2986614000438885,0.0,0.005798270248525168,0.011344141176660548,47.31700854700855,0.0026278594622835562,18.250927238161882,1.0,0.2222222222222222,0.5384782300286588,-0.0694625510193942,0.1437599476434603,0.05057409879839787,0.21910112359550563,0.0,0.8420210134478493,0.21582578689442353,0.12184658514867752,Banks—Regional,Financial Services,BSRR
2015Q1,2015,Q1,2015-05-07,2015-03-31,3738000.0,18725000.0,0.0,0.27,18725000.0,1.0,1733417000.0,188484000.0,1189325000.0,98800000.0,1544933000.0,0.0,117511000.0,228433622.0,312256622.0,13.779419913938938,12.037702429149798,0.07599325494096343,0.6988816026824558,0.0,13.779419913938938,0.0198319220729611,12.199392363150867,15.277797084002138,1.211952324865771,0.3662386302835741,0.0,0.005992988195056506,0.01080236319362277,5.692014170040486,0.0021564343721101153,-82.05230675287356,1.0,0.03846153846153849,0.3588580767670647,-0.12330790058128747,0.17046050823957143,0.19633273703041146,0.022988505747126436,0.0,1.0511003280904088,0.16773567342548157,0.1414963079388108,Banks—Regional,Financial Services,BSRR
2014Q4,2014,Q4,2015-03-12,2014-12-31,3654000.0,15652000.0,0.0,0.26,15652000.0,1.0,1637320000.0,187091000.0,1088336000.0,18200000.0,1450229000.0,0.0,116026000.0,241617100.95999998,246650100.95999998,13.5972079250462,59.79868131868132,0.033669655290352526,0.2946587489510452,0.0,13.5972079250462,0.019530602754809157,15.436819637107078,16.53100033935413,1.2914416030701636,0.3412698412698413,0.0,0.005161058530399479,0.009559524100359124,31.19945054945055,0.0022316956978477025,34.88048230980222,1.0,0.040000000000000036,-0.12576069593971045,-0.31412806316338976,0.1759818471892725,-0.08344557006499971,0.02900591382709096,0.0,1.4304164087375288,-0.13445025414349238,0.13763475702630992,Banks—Regional,Financial Services,BSRR
2014Q3,2014,Q3,2014-11-06,2014-09-30,3551000.0,17077000.0,0.0,0.25,17077000.0,1.0,1489024000.0,186240000.0,994810000.0,22390000.0,1302784000.0,0.0,115712000.0,233620187.52,247260187.52,13.360927551403414,44.43099598034837,0.0358073476317373,0.2862865120274914,0.0,13.360927551403414,0.01906679553264605,13.680399807928794,16.44749278513095,1.2544039278350516,0.3548296254576176,0.0,0.005393369525876835,0.01146858613427319,22.660384100044663,0.002384783589787673,60.52336464248705,1.0,-0.16666666666666663,23.939022832952826,-0.3604836230563036,0.048244645086471874,0.006423856671381424,-0.16190700967665803,0.0,0.4171218142493951,0.017662471337204142,0.11535776999427251,Banks—Regional,Financial Services,BSRR
2014Q2,2014,Q2,2014-08-07,2014-06-30,4237000.0,16968000.0,0.0,0.3,16968000.0,1.0,1498039000.0,186922000.0,1011957000.0,7750000.0,1311117000.0,0.0,115580000.0,222573636.20000002,212427636.20000002,13.269170825542725,130.57509677419355,0.02581908748704139,0.20692053369854807,0.0,13.269170825542725,0.02266720878227282,13.117258144743047,13.132737561954213,1.1907300167984507,0.2666981354732122,0.0,0.0050769714656798155,0.011326807913545641,65.62167741935484,0.0028283642815707735,18.763584235373465,1.0,0.15384615384615377,0.12271026697191881,-0.38111834432953856,0.1633515169604452,0.06569526441401834,0.11529349828902342,0.0,0.929776951582558,-0.0053962363608937094,0.12407345362826465,Banks—Regional,Financial Services,BSRR
2014Q1,2014,Q1,2014-05-09,2014-03-31,3799000.0,15922000.0,0.0,0.26,15922000.0,1.0,1458321000.0,184169000.0,986827000.0,0.0,1274152000.0,0.0,114420000.0,226510396.8,185274396.8,12.944087871555041,0.0,0.021207950787240942,0.16793271397466458,0.0,12.944087871555041,0.020627792951039534,14.22625278231378,14.905922400631745,1.2299051240979753,0.29955251381942616,0.0,0.005024051946740486,0.0109180351925262,0.0,0.0026050506027136687,64.42275221843003,1.0,-0.03703703703703707,-0.04136254330137468,-0.3719719550918348,0.14599823271906923,0.07515699912215544,-0.01834625322997416,0.0,1.4416263038906536,-0.054711164131260245,0.12046822384893072,Banks—Regional,Financial Services,BSRR
2013Q4,2013,Q4,2014-03-13,2013-12-31,3870000.0,14809000.0,0.0,0.27,14809000.0,1.0,1410249000.0,181674000.0,950064000.0,0.0,1228575000.0,0.0,112817000.0,228543840.28,181465840.28,12.790257905961184,0.0,0.021930878873163532,0.1702389995266246,0.0,12.790257905961184,0.021301892400673733,15.432766579782564,14.763813971576226,1.2579887065843214,0.25684754521963826,0.0,0.004349274952158864,0.010500982450616876,0.0,0.0027441962376856853,25.5356246122905,1.0,0.1739130434782609,2.40002604806884,-0.4068377657013052,0.1587693426813005,-0.0925857843137255,0.1493911493911494,0.0,1.3928577931050365,-0.12443867950441051,0.12051336920123794,Banks—Regional,Financial Services,BSRR
2013Q3,2013,Q3,2013-11-07,2013-09-30,3367000.0,16320000.0,0.0,0.23,16320000.0,1.0,1383299000.0,178056000.0,951173000.0,0.0,1205243000.0,0.0,109942000.0,222999994.36,192958994.36,12.559735205546666,0.0,0.02235814527444898,0.17369816237588173,0.0,12.559735205546666,0.01890978119243384,13.664215340686276,16.55776613899614,1.2524149388956285,0.2946242946242946,0.0,0.004448430605780936,0.01179788317637763,0.0,0.002434036314636243,25.149429836472315,1.0,-0.14814814814814817,-0.6040120471111866,-0.4294669107179994,0.11018057572556553,0.0014113026937473154,-0.11371413529876283,0.0,2.1194239312447847,-0.36363325824305465,0.05671764675372693,Banks—Regional,Financial Services,BSRR
2013Q2,2013,Q2,2013-08-07,2013-06-30,3799000.0,16297000.0,0.0,0.27,16297000.0,1.0,1378424000.0,175171000.0,958372000.0,0.0,1203253000.0,0.0,107566000.0,211922190.0,175868190.0,12.398725211361773,0.0,0.022437218156387294,0.1765589052982514,0.0,12.398725211361773,0.02168737976034846,13.003754678775234,13.945919320873916,1.2098017936758938,0.22295340879178732,0.0,0.003996749939211179,0.011822922409940628,0.0,0.002756046035182208,20.621016833706335,1.0,0.6875000000000001,-0.43572433091865553,-0.38830695930094666,0.165451086874165,0.021307263270038228,0.6276778063410454,0.0,0.23100282611001943,-0.2601044158491584,0.033270780818245714,Banks—Regional,Financial Services,BSRR
2013Q1,2013,Q1,2013-05-08,2013-03-31,2334000.0,15957000.0,0.0,0.16,15957000.0,1.0,1386362000.0,175542000.0,960717000.0,6600000.0,1210820000.0,0.0,104615000.0,183898931.06,173477931.06,12.437876864296332,145.56318181818182,0.027069408999958165,0.21378359594854793,0.0,12.437876864296332,0.01329596335919609,11.52465570345303,19.697828948157667,1.0476064478016656,0.3628963153384747,0.0,0.004605790773866176,0.01150998079866586,67.68242424242425,0.001683542970739244,31.832946349316256,1.0,0.06666666666666674,-0.6812528605873528,-0.4032775912934677,0.17286954121525522,-0.004616056390742936,0.1124880838894185,0.0,-0.17767324538920762,-0.27592212540918515,0.056506280157622296,Banks—Regional,Financial Services,BSRR
2012Q4,2012,Q4,2013-03-14,2012-12-31,2098000.0,16031000.0,0.0,0.15,16031000.0,1.0,1437903000.0,173892000.0,1020013000.0,36650000.0,1264011000.0,0.0,103128000.0,161237980.79999998,171997980.79999998,12.327030828210422,27.83118690313779,0.050474892951749874,0.4173740022542728,0.0,12.327030828210422,0.012064959860143077,10.057886644626036,19.21329609151573,0.9272305845007245,0.40371782650142995,0.0,0.005253104732504813,0.01114887443728819,12.199208731241473,0.0014590692139873135,16.86236988077808,1.0,0.25,-0.7124719341195946,-0.38248431124765203,0.18458683853453056,-0.05838472834067548,0.28318042813455657,0.0,-0.510391097854041,-0.3148023802002425,0.06612802890331207,Banks—Regional,Financial Services,BSRR
2012Q3,2012,Q3,2012-11-08,2012-09-30,1635000.0,17025000.0,0.0,0.12,17025000.0,1.0,1423302000.0,174473000.0,980905000.0,47900000.0,1248829000.0,0.0,101877000.0,173614614.33,212347614.33,12.370863122833745,20.478183716075158,0.05889684690951042,0.48046402595243964,0.0,12.370863122833745,0.009371077473305326,10.197627860792952,26.5465771146789,0.9950801231709204,0.5174311926605505,0.0,0.0048728616727619235,0.01196162163757235,0.9414405010438414,0.0011487372321545251,15.580598970654224,1.0,-0.3333333333333333,-0.7872320087737718,-0.3300556622370188,0.21322224311522764,0.011706679343950558,-0.3645549941702293,0.0,10.348922869814572,-0.36986247971447855,-0.02943182846268235,Banks—Regional,Financial Services,BSRR
2012Q2,2012,Q2,2012-08-09,2012-06-30,2573000.0,16828000.0,0.0,0.18,16828000.0,1.0,1399692000.0,172537000.0,949862000.0,24640000.0,1227155000.0,0.0,101087000.0,139621769.1,151263769.1,12.233882373862572,38.549594155844154,0.04327237706581162,0.3510435442832552,0.0,12.233882373862572,0.014912743353599519,8.296991270501545,13.566048299650214,0.8092279864608751,0.32879906723668867,0.0,0.006059227049286829,0.012022644981896017,1.985633116883117,0.001838261560400431,16.651373774597495,1.0,0.3510267803530684,-0.706586827124743,-0.38944490027057893,0.2752666350852362,0.017843101675437005,0.36934539648749337,0.0,-0.31899906449938165,-0.38693270330382507,0.07258439921143739,Banks—Regional,Financial Services,BSRR
2012Q1,2012,Q1,2012-05-09,2012-03-31,1879000.0,16533000.0,0.0,0.133232,16533000.0,1.0,1348171000.0,170245000.0,904970000.0,0.0,1177926000.0,0.0,99207000.0,138634544.47,102820544.47,12.071366169217233,0.0,0.026649438387266897,0.2110370348615231,0.0,12.071366169217233,0.011037034861523099,8.385322958325773,18.445256049760513,0.8143237362037063,0.45023948908994144,0.0,0.006102375156453674,0.012263281141635593,0.0,0.0013937401116030533,22.374845782763074,1.0,0.2111999999999999,-0.7272672979811394,-0.32771959593804634,0.26835734564689584,-0.10801186943620178,0.21933809214795588,0.0,-0.5216574479760853,-0.3420994953398899,0.06873226091332056,Banks—Regional,Financial Services,BSRR
2011Q4,2011,Q4,2012-03-12,2011-12-31,1541000.0,18535000.0,0.0,0.11,18535000.0,1.0,1335405000.0,168564000.0,902669000.0,17120000.0,1166841000.0,0.0,98174000.0,124108239.2,124120239.2,11.952173437974293,52.725992990654206,0.047212643355386566,0.3740300420018509,0.0,11.952173437974293,0.00914192828836525,6.695885578635015,20.134367164179107,0.7362677629861656,0.5483452303698897,0.0,0.006808572947669375,0.013879684440300882,3.6820093457943925,0.0011539570392502649,13.671319585811853,1.0,-0.38888888888888884,-0.77566647561699,-0.2516933505801307,0.2868087040178543,0.09570820524946796,-0.389944576405384,0.0,1.561465821568279,-0.252285359606584,0.08284072613417426,Banks—Regional,Financial Services,BSRR
2011Q3,2011,Q3,2011-11-09,2011-09-30,2526000.0,16916000.0,0.0,0.18,16916000.0,1.0,1351242000.0,168325000.0,896415000.0,25000000.0,1182917000.0,0.0,97288000.0,128572268.10000001,141195268.10000002,11.979050947456997,35.8566,0.052490967569095694,0.42137531560968366,0.0,11.979050947456997,0.015006683499183129,7.600630651454245,12.724887975059382,0.7638334656171097,0.333729216152019,0.0,0.0065566238540984405,0.012518853025586831,2.3322,0.0018693912711416608,26.83060686560935,1.0,0.12499999999999993,-0.6415557805153559,-0.29775465908515203,0.3174242842963619,-0.003182086034177961,0.1565934065934066,0.0,-0.7002755846367335,-0.4033656166054287,0.05885271145052392,Banks—Regional,Financial Services,BSRR
2011Q2,2011,Q2,2011-08-09,2011-06-30,2184000.0,16970000.0,0.0,0.16,16970000.0,1.0,1345899000.0,165412000.0,917586000.0,0.0,1180487000.0,0.0,95604000.0,158622337.68,136183337.68,11.804540693237374,0.0,0.03412440309414005,0.2776582110125021,0.0,11.804540693237374,0.013203395158755108,9.347220841484974,18.157318873626373,0.9589530244480449,0.38461538461538464,0.0,0.00529559715413217,0.01260867271615478,0.0,0.0016227072016548048,17.072687297384565,1.0,0.4545454545454546,-0.7014970757158402,-0.3029188361263555,0.3812248929360804,0.025253745770903818,0.42838456507521255,0.0,-0.6729290894432877,-0.35779309405871873,0.10959913591574667,Banks—Regional,Financial Services,BSRR
2011Q1,2011,Q1,2011-05-09,2011-03-31,1529000.0,16552000.0,0.0,0.11,16552000.0,1.0,1312949000.0,161523000.0,0.0,0.0,1151426000.0,0.0,94261000.0,156316300.4,144722300.4,11.55239175555616,0.0,0.03498079514131928,0.2843434062022127,0.0,11.55239175555616,0.009466144140462969,9.44395241662639,25.558584107259648,0.9677649647418634,0.5487246566383257,0.0,0.005367322523966285,0.012606734915065245,0.0,0.0011645539925770156,17.8606376142596,1.0,0.0,-0.7603264452303825,-0.2908871260316818,0.3681140943307712,-0.005826175746291068,-0.03957286432160804,0.0,-0.7892220120945227,-0.37519585125385463,0.089369879289652,Banks—Regional,Financial Services,BSRR
2010Q4,2010,Q4,2011-03-11,2010-12-31,1592000.0,16649000.0,0.0,0.11,16649000.0,1.0,1286571000.0,159597000.0,929107000.0,14650000.0,1126974000.0,0.0,93570000.0,150024499.4,168167499.4,11.414641054286363,63.420273037542664,0.04708484801849257,0.3795685382557316,0.0,11.414641054286363,0.009975124845705119,9.011021646945762,23.559123649497486,0.940020798636566,0.5263819095477387,0.0,0.005585754349132659,0.012940599469442418,2.8965870307167236,0.001237397702886199,13.637351095354969,1.0,0.375,-0.7438900610023738,-0.2035771675172804,0.4134326419458516,-0.21001186239620404,0.7948139797068771,0.0,-0.7798713964087733,-0.3529554386784332,0.0969092028681613,Banks—Regional,Financial Services,BSRR
2010Q3,2010,Q3,2010-11-08,2010-09-30,887000.0,21075000.0,0.0,0.08,21075000.0,1.0,1300055000.0,138469000.0,0.0,12260000.0,1161586000.0,0.0,92816000.0,143879191.95,160374191.95,11.885611302253356,0.0,0.04475810638780667,0.4202240212610765,0.0,11.885611302253356,0.006405765911503658,6.8270079217081845,40.55219615276212,1.0390715030078934,0.7891770011273957,0.0,0.004865192739220135,0.016210852617773865,3.4007340946166393,0.0006822788266650257,15.215650586928932,1.0,-0.6363636363636365,-0.8462428918262154,0.0909317376329756,0.5020230440664776,0.16070936828771273,-0.6513364779874213,0.0,-0.860263664262642,0.0039599265260917265,0.165633138265005,Banks—Regional,Financial Services,BSRR
2010Q2,2010,Q2,2010-08-09,2010-06-30,2544000.0,18157000.0,0.0,0.22,18157000.0,1.0,1328306000.0,139751000.0,0.0,36900000.0,1188555000.0,0.0,92628000.0,133933703.5,168942703.5,11.999492719172064,0.0,0.062356113726806925,0.592682699944902,0.0,11.999492719172064,0.018203805339496677,7.376422509225092,13.161724007468553,0.9583738470565506,0.27476415094339623,0.0,0.005219000010703056,0.013669290058164309,1.2959078590785909,0.001915221342070276,31.722809924206537,1.0,0.09999999999999995,-0.42852464447994354,0.036257103672104066,0.537703833300554,-0.00022025218875612577,0.08764429243266353,0.0,-0.6486962119388832,-0.20225818382254257,0.2508337284165757,Banks—Regional,Financial Services,BSRR
2010Q1,2010,Q1,2010-05-06,2010-03-31,2339000.0,18161000.0,0.0,0.2,18161000.0,1.0,1315250000.0,136925000.0,0.0,11150000.0,1178325000.0,0.0,90783000.0,149920663.97,164986663.97,11.772648301192019,0.0,0.04339707279984794,0.41685594303450796,0.0,11.772648301192019,0.01708234434909622,8.255088594791035,16.024012822787515,1.0949108195727588,0.2984181274048739,0.0,0.00465579581571006,0.013808021288728378,3.767892376681614,0.001778369131343851,20.11008235680751,1.0,-0.33333333333333326,-0.40035887902008316,0.04802895775605982,0.5639797274950642,-0.058527734577501295,-0.3379564109821681,0.0,-0.588329241915555,-0.10453646053322252,0.23697059149872562,Banks—Regional,Financial Services,BSRR
2009Q4,2009,Q4,2010-03-12,2009-12-31,3533000.0,19290000.0,0.0,0.3,19290000.0,1.0,1335549000.0,134480000.0,1031768000.0,10000000.0,1201069000.0,0.0,89142000.0,88742797.99,83436797.99,11.562430115350029,103.1768,0.04562019064819037,0.4530636525877454,0.0,11.562430115350029,0.026271564544913743,4.600456090720581,6.279563967591282,0.659895880353956,0.32918199830172656,0.0,0.0131052888385495,0.014443498516340471,6.6234,0.002645354082852819,11.55354745345658,1.0,28.999999999999996,-0.11329126015535038,0.1519859928458875,0.5804703360486497,-0.02962925700487952,32.33018867924528,0.0,-0.3763448106734995,-0.055659525573506306,0.24484770817986695,Banks—Regional,Financial Services,BSRR
2009Q3,2009,Q3,2009-11-09,2009-09-30,106000.0,19879000.0,0.0,0.01,19879000.0,1.0,1307049000.0,132265000.0,0.0,48800000.0,1174784000.0,0.0,86422000.0,124627529.8,190639529.8,12.746001245063592,0.0,0.07630012340776819,0.7540014365100367,0.0,12.746001245063592,0.0008014213888783881,6.269305790029679,293.9328533018868,0.9422563021207425,9.132075471698114,0.0,0.007767144238142478,0.015209070203182896,0.6909016393442623,8.109871932880864e-05,13.051369755995392,1.0,-0.9629629629629629,-0.9753046701495709,0.3105526430850643,0.7574489242289173,0.05526064338040132,-0.9591207096027767,0.0,-0.9796319556694056,0.11748307765910422,0.4017714459661054,Banks—Regional,Financial Services,BSRR
2009Q2,2009,Q2,2009-08-07,2009-06-30,2593000.0,18838000.0,0.0,0.27,18838000.0,1.0,1295816000.0,110398000.0,0.0,19100000.0,1185418000.0,0.0,87284000.0,122245176.39,155113176.39,11.40598575073151,0.0,0.05404162319341635,0.6343230855631442,0.0,11.40598575073151,0.023487744343194623,6.489286356831935,11.786075625723102,1.1073133244261673,0.37331276513690703,0.0,0.007918512849225068,0.01453755780141625,1.9455497382198952,0.0020010557054396614,28.025028975240716,1.0,-0.03571428571428574,-0.13848589698062155,0.4050483593935759,0.6976753773724823,0.09262803781683197,-0.03784786641929499,0.0,-0.48691654453537386,0.12027807384200483,0.33459080338550795,Banks—Regional,Financial Services,BSRR
2009Q1,2009,Q1,2009-05-08,2009-03-31,2695000.0,17241000.0,0.0,0.28,17241000.0,1.0,1307872000.0,109289000.0,0.0,15000000.0,1198583000.0,0.0,85659000.0,94145981.58,130812981.58,11.295033013133942,0.0,0.05040860267671454,0.6032446083320371,0.0,11.295033013133942,0.024659389325549688,5.46058706455542,8.73339346753247,0.8614405985963821,0.35918367346938773,0.0,0.010281904588539953,0.013182482689437499,1.9507333333333334,0.0020605992023684273,16.1735065418313,1.0,2.45017609281127,-0.17187218355069728,0.2868352161995609,0.676787698259979,0.013759040395131417,2.4312267657992566,0.0,-0.38955728092685293,0.0673352704035158,0.33763589291090185,Banks—Regional,Financial Services,BSRR
2008Q4,2008,Q4,2009-03-12,2008-12-31,-1883000.0,17007000.0,0.0,-0.19308,17007000.0,1.0,1326292000.0,106800000.0,1058055000.0,83919000.0,1219492000.0,0.0,83746000.0,203192766.0,302029766.0,11.037794524633815,12.608050620240947,0.1092119985644187,1.35624531835206,0.0,11.037794524633815,-0.017631086142322096,11.947596048685835,-26.977265799256504,1.9025539887640448,-0.8720127456186936,0.0,0.008080996348068808,0.012822968094507092,0.5482667810626914,-0.0014197476875378876,29.70220230960386,1.0,-1.3272542372881357,-1.7629168414646228,0.30224784173450525,0.7214367738851093,-0.12416314759501493,-1.3262300762300763,0.0,-1.4377309009839165,0.17559242069053294,0.3667691346588739,Banks—Regional,Financial Services,BSRR
2008Q3,2008,Q3,2008-11-10,2008-09-30,5772000.0,19418000.0,0.0,0.59,19418000.0,1.0,1316907000.0,108875000.0,0.0,129200000.0,1208032000.0,0.0,87458000.0,200750027.38,352641027.38,11.313236315036562,0.0,0.1443746597140117,1.746296211251435,0.0,11.313236315036562,0.053014925373134326,10.338347274693582,8.694994255890506,1.8438578863834671,0.28326403326403327,0.0,0.008144457170633937,0.014745156643559493,0.29595201238390095,0.004382997432620527,31.051821713843772,1.0,0.2553191489361702,0.8347445295365609,0.5636667782008531,0.7958970171449623,0.07513426720558108,0.26468010517090274,0.0,0.21123281488053208,0.21681404356478462,0.4296901704107584,Banks—Regional,Financial Services,BSRR
2008Q2,2008,Q2,2008-08-08,2008-06-30,4564000.0,18061000.0,0.0,0.47,18061000.0,1.0,1308303000.0,101891000.0,0.0,117900000.0,1206412000.0,0.0,83319000.0,158028997.5,284119997.5,10.638563343414237,0.0,0.13668699070475265,1.7550912249364516,0.0,10.638563343414237,0.044792965031258895,8.74973686396102,8.656277251314636,1.5509612968760733,0.35692375109553026,0.0,0.010308234727616999,0.013804906050051097,0.4473027989821883,0.0034884885229186204,25.859760677466863,1.0,-0.07843137254901968,0.7933397739981265,0.5744988319680804,0.7352887053348681,-0.00270568746548868,-0.07965315587820125,0.0,0.2467093944396257,0.2534425014476338,0.36330426767470547,Banks—Regional,Financial Services,BSRR
2008Q1,2008,Q1,2008-05-12,2008-03-31,4959000.0,18110000.0,0.0,0.51,18110000.0,1.0,1281762000.0,101361000.0,0.0,137000000.0,1180401000.0,0.0,80384000.0,206551859.21,366329859.21000004,10.604655016796642,0.0,0.15831956322624638,2.002032339854579,0.0,10.604655016796642,0.04892414242164146,11.405403600773054,10.412979391510383,2.037784347135486,0.328695301472071,0.0,0.007891480649141913,0.014128988064866956,0.31496350364963505,0.003868892977011333,27.142162839684627,1.0,0.020000000000000018,0.9428354246289893,0.68464169935988,0.7874298828401148,0.029562251279135872,0.003033980582524272,0.0,0.5469972149561111,0.2717045131362561,0.40881346652217965,Banks—Regional,Financial Services,BSRR
2007Q4,2007,Q4,2008-03-13,2007-12-31,4944000.0,17590000.0,0.0,0.5,17590000.0,1.0,1233735000.0,99464000.0,1010259000.0,193000000.0,1134271000.0,0.0,80125000.0,237902627.29,422808627.28999996,10.406185876132449,5.234502590673575,0.18555686593960616,2.301616665326148,0.0,10.406185876132449,0.04970642644574921,13.524879322910744,12.02986586215615,2.391846570517976,0.31452265372168287,0.0,0.006536287630419804,0.014257518835082089,0.2636580310880829,0.004007343554328928,111.16945200467289,1.0,-0.05660377358490571,1.2502233288587195,0.5951906904929992,0.8070047771373614,0.009295386733991278,-0.0618595825426945,0.0,0.5099064896820976,0.2782477833647774,0.4224231346316661,Banks—Regional,Financial Services,BSRR
2007Q3,2007,Q3,2007-11-08,2007-09-30,5270000.0,17428000.0,0.0,0.53,17428000.0,1.0,1208077000.0,98625000.0,0.0,145700000.0,1109452000.0,0.0,80829000.0,287072290.96,430534290.96,10.196699898172575,0.0,0.15034472140434757,1.8416020278833967,0.0,10.196699898172575,0.05343472750316857,16.471901019049803,13.618230121442124,2.9107456624588086,0.29297912713472485,0.0,0.005378436194021726,0.014426232764964485,0.26194921070693206,0.004362304720642807,54.55573754465982,1.0,-0.11666666666666659,1.203530547980391,0.6082891203712765,0.8024187173405941,-0.08423099154011876,-0.129644921552436,0.0,0.31723475933536444,0.23268209934394177,0.4059451997675602,Banks—Regional,Financial Services,BSRR
2007Q2,2007,Q2,2007-08-08,2007-06-30,6055000.0,19031000.0,0.0,0.6,19031000.0,1.0,1215953000.0,93419000.0,0.0,72000000.0,1122534000.0,0.0,78760000.0,274612953.59999996,338174953.59999996,9.59319567946266,0.0,0.08876000963853044,1.1553110181012427,0.0,9.59319567946266,0.06481550862244297,14.429770038358466,11.338272237819982,2.9395835279761076,0.24046242774566473,0.0,0.005302007720002907,0.015651098356597663,0.6161944444444445,0.004979633258851287,14.010150176011425,1.0,0.2765957446808511,1.5433779917642914,0.7395759127316717,0.7722119757285923,0.12171401626782978,0.27393225331369664,0.0,0.9995418213639697,0.41082958737476116,0.4278583588705032,Banks—Regional,Financial Services,BSRR
2007Q1,2007,Q1,2007-05-08,2007-03-31,4753000.0,16966000.0,0.0,0.47,16966000.0,1.0,1215844000.0,92600000.0,0.0,79000000.0,1123244000.0,0.0,76356000.0,273013333.62,369033333.62,9.517322709287829,0.0,0.11261971108135584,1.4787041036717063,0.0,9.517322709287829,0.05132829373650108,16.09179144288577,14.360053314748578,2.948308138444924,0.3084367767725647,0.0,0.0053697011078604915,0.013954092794799334,0.5178227848101266,0.003909218616862032,51.424624904878506,1.0,0.0,1.0608399223351264,0.5937912785987315,0.839819853862574,-0.007139513108614232,0.0029542097488921715,0.0,0.4524432537428449,0.25931015248523315,0.41288030063723385,Banks—Regional,Financial Services,BSRR
