Quarters,Year,Quarter,FillingDate,Date,NetIncome,Revenue,OperatingIncome,EPSDiluted,GrossProfit,GrossProfitRatio,TotalAssets,CommonStockEquity,CurrentAssets,CurrentLiability,TotalLiability,Inventory,RetainedEarnings,MarketCap,EnterpriseValue,bookValuePerShare,currentRatio,debtToAssets,debtToEquity,roic,shareholdersEquityPerShare,roe,priceToSalesRatio,peRatio,pbRatio,payoutRatio,inventoryTurnover,dividendYield,assetTurnover,quickRatio,returnOnAssets,priceToFreeCashFlowsRatio,grossProfitMargin,epsdilutedGrowth,fiveYNetIncomeGrowthPerShare,fiveYRevenueGrowthPerShare,fiveYShareholdersEquityGrowthPerShare,grossProfitGrowth,netIncomeGrowth,operatingIncomeGrowth,threeYNetIncomeGrowthPerShare,threeYRevenueGrowthPerShare,threeYShareholdersEquityGrowthPerShare,Industry,Sector,Symbol
2023Q1,2023,Q1,2023-03-27,2023-03-31,280000000.0,2098000000.0,465000000.0,0.22,828000000.0,0.3946615825,12045000000.0,5631000000.0,4744000000.0,2735000000.0,6147000000.0,2116000000.0,5494000000.0,8766818400.0,11196818400.0,4.367696267097308,1.7345521023765997,0.24757160647571608,0.5295684603090037,0.03770194367294867,4.367696267097308,0.04972473805718345,4.1786551000953285,7.827516428571428,1.5568848161960576,0.6357142857142857,0.6001890359168242,0.020303831091105985,0.17418015774180157,0.9608775137111517,0.023246160232461604,40.214763302752296,0.39466158245948524,-0.12,-0.7012923124169952,0.4793628919760015,0.46548495342097324,-0.11254019292604502,-0.1540785498489426,-0.1388888888888889,3.6319500356024257,0.5787660307636556,0.4320034396880014,Agricultural Inputs,Basic Materials,ICL
2022Q4,2022,Q4,2022-12-31,2022-12-31,331000000.0,2091000000.0,540000000.0,0.25,933000000.0,0.4461979914,11750000000.0,5464000000.0,4548000000.0,2606000000.0,6037000000.0,2134000000.0,5385000000.0,9423321000.0,11830321000.0,4.238616088744085,1.7452033768227169,0.2403404255319149,0.5168374816983895,0.04315961673288151,4.238616088744085,0.06057833089311859,4.506609756097561,7.117311933534744,1.7246195095168373,0.9486404833836858,0.542642924086223,0.03332158588251424,0.17795744680851064,0.9263238679969301,0.028170212765957447,36.9542,0.44619799139167865,-0.4897959183673469,1.1156033792017936,0.52206732923898,0.8933656412448349,-0.2904942965779468,-0.47709320695102686,-0.42245989304812837,5.848010239702117,0.8774853224062711,0.38244758526538297,Agricultural Inputs,Basic Materials,ICL
2022Q3,2022,Q3,2022-09-30,2022-09-30,633000000.0,2519000000.0,935000000.0,0.49,1315000000.0,0.5220325526,11598000000.0,5310000000.0,4605000000.0,2632000000.0,6055000000.0,1982000000.0,5367000000.0,10534866580.0,12807866580.0,4.1230517415817145,1.7496200607902737,0.23892050353509225,0.5218455743879473,0.08064953215868258,4.1230517415817145,0.1192090395480226,4.182162199285431,4.160689802527646,1.98396734086629,0.593996840442338,0.6074672048435923,0.035691007298926804,0.21719261941714088,0.996580547112462,0.054578375581996894,24.964138815165878,0.5220325526002382,0.1136363636363636,6.475487364793131,0.7353247591284531,0.8886917993631764,-0.14554905782975958,0.12433392539964476,-0.1791044776119403,3.8416497749762235,0.8903634109052001,0.3534791944489006,Agricultural Inputs,Basic Materials,ICL
2022Q2,2022,Q2,2022-06-30,2022-06-30,563000000.0,2880000000.0,1139000000.0,0.44,1539000000.0,0.534375,11778000000.0,5153000000.0,4757000000.0,2878000000.0,6382000000.0,1857000000.0,5090000000.0,11680330400.0,14011330400.0,4.005814767020632,1.6528839471855454,0.23408048904737647,0.5350281389481856,0.07487737041719343,4.005814767020632,0.10925674364447895,4.055670277777778,5.186647602131439,2.266704909761304,0.5452930728241563,0.7221324717285945,0.026283503076248597,0.2445236882322975,1.0076441973592773,0.047800984887077604,28.69860049140049,0.534375,-0.13725490196078433,8.787249545371848,1.1586794395813473,0.922468330504187,0.236144578313253,-0.1430745814307458,0.26274944567627495,2.544557531772508,1.0104271718023896,0.3013223342804367,Agricultural Inputs,Basic Materials,ICL
2022Q1,2022,Q1,2022-03-31,2022-03-31,657000000.0,2525000000.0,902000000.0,0.51,1245000000.0,0.4930693069,11664000000.0,5083000000.0,4458000000.0,2689000000.0,6347000000.0,1673000000.0,4819000000.0,15519738770.0,17988738770.0,3.95314707993632,1.657865377463741,0.24931412894375857,0.5721030887271297,0.08543799562526276,3.95314707993632,0.12925437733621878,6.146431196039604,5.905532256468797,3.0532635785953177,0.2572298325722983,0.7650926479378363,0.010889358545562685,0.21647805212620028,1.03570100409074,0.05632716049382716,79.99865345360824,0.49306930693069306,1.2173913043478262,8.588779857729525,0.9350781328163696,0.937995805767414,0.45274212368728123,1.2046979865771812,1.2382133995037221,3.698945908947347,0.7740049162246155,0.2967002075397072,Agricultural Inputs,Basic Materials,ICL
2021Q4,2021,Q4,2021-12-31,2021-12-31,298000000.0,2038000000.0,403000000.0,0.23,857000000.0,0.4205103042,11080000000.0,4527000000.0,3909000000.0,2612000000.0,6344000000.0,1570000000.0,4321000000.0,12423261740.0,14963261740.0,3.523719528427162,1.4965543644716692,0.27193140794223825,0.6655621824607908,0.035962597030496965,3.523719528427162,0.06582725867020102,6.095810471050049,10.422199446308724,2.7442592754583606,0.35906040268456374,0.7522292993630574,0.00861287496306103,0.18393501805054152,0.8575803981623277,0.026895306859205777,78.13372163522013,0.4205103042198234,0.3529411764705882,8.236193462476708,0.5106880770881135,0.7443301493878195,0.24383164005805516,0.3244444444444444,0.2554517133956386,2.615312581053409,0.43789941761940476,0.19109734868546216,Agricultural Inputs,Basic Materials,ICL
2021Q3,2021,Q3,2021-09-30,2021-09-30,225000000.0,1790000000.0,321000000.0,0.17,689000000.0,0.38491620111731845,10572000000.0,4328000000.0,3461000000.0,2278000000.0,6050000000.0,1409000000.0,4106000000.0,9331503010.0,12053503010.0,3.3718641001649314,1.519315188762072,0.2859440030268634,0.6984750462107209,0.03682070324405364,3.3718641001649314,0.05198706099815157,5.213130173184357,10.368336677777778,2.156077405268022,0.3022222222222222,0.7814052519517388,0.007287143338766389,0.1693151721528566,0.7471466198419666,0.021282633371169125,64.35519317241379,0.38491620111731845,0.5454545454545455,1.6568698981341965,0.2847144532962864,0.6434535280156978,0.20877192982456141,0.6071428571428571,0.32098765432098764,0.7335298442241326,0.2976396023333964,0.13948552098715405,Agricultural Inputs,Basic Materials,ICL
2021Q2,2021,Q2,2021-06-30,2021-06-30,140000000.0,1617000000.0,243000000.0,0.11,570000000.0,0.3525046382189239,10080000000.0,4201000000.0,3238000000.0,2145000000.0,5701000000.0,1207000000.0,3941000000.0,8794362220.0,11318362220.0,3.2769698676341306,1.5095571095571096,0.28194444444444444,0.6765055939062128,0.024183885106309568,3.2769698676341306,0.03332539871459177,5.438690303030303,15.70421825,2.0933973387288742,0.4785714285714286,0.8674399337199669,0.0076185172186369185,0.16041666666666668,0.9468531468531468,0.013888888888888888,96.64134307692308,0.3525046382189239,0.0,0.15845071063417412,0.16602228390629312,0.35567615080760434,0.15151515151515152,0.037037037037037035,0.31351351351351353,0.3799538594771132,0.17416861763167504,0.12729265023103312,Agricultural Inputs,Basic Materials,ICL
2021Q1,2021,Q1,2021-03-31,2021-03-31,135000000.0,1510000000.0,185000000.0,0.11,495000000.0,0.32781456953642385,9720000000.0,4000000000.0,2988000000.0,2158000000.0,5556000000.0,1195000000.0,3861000000.0,7440866999.999999,10021867000.0,3.1232919497149996,1.3846153846153846,0.2816872427983539,0.6845,0.023628988010110007,3.1232919497149996,0.03375,4.927726490066225,13.779383333333332,1.86021675,0.2518518518518518,0.8493723849372385,0.004569359995280121,0.15534979423868311,0.8308619091751622,0.013888888888888888,126.11638983050845,0.32781456953642385,1.2,1.0330447837475245,0.18643386413865207,0.29883437489405884,0.2222222222222222,1.0769230769230769,0.33093525179856115,-0.8550200902052487,0.07184471877803664,0.0479523019786514,Agricultural Inputs,Basic Materials,ICL
2020Q4,2020,Q4,2020-12-31,2020-12-31,65000000.0,1317000000.0,139000000.0,0.05,405000000.0,0.30751708428246016,9664000000.0,3930000000.0,2841000000.0,2177000000.0,5576000000.0,1250000000.0,3752000000.0,6464919100.0,8982919100.0,3.069876002005965,1.3050068902158933,0.28269867549668876,0.6951653944020356,0.014814747144392779,3.069876002005965,0.01653944020356234,4.908822399392559,24.86507346153846,1.6450175826972009,0.46153846153846156,0.7296,0.0046404292978701,0.1362789735099338,0.7078548461185117,0.006725993377483443,86.19892133333333,0.30751708428246016,0.25000000000000006,-0.3653246179058915,-0.13489000152097105,0.21659550938149202,0.1095890410958904,0.2037037037037037,0.39,-0.5816550731370302,-0.034659564289014455,0.37129610782994615,Agricultural Inputs,Basic Materials,ICL
2020Q3,2020,Q3,2020-09-30,2020-09-30,54000000.0,1204000000.0,100000000.0,0.04,365000000.0,0.303156146179402,9266000000.0,3791000000.0,2748000000.0,1967000000.0,5326000000.0,1233000000.0,3734000000.0,4467824710.0,6990824710.0,2.9613046300556407,1.3970513472292831,0.2955968055255774,0.7225006594566078,0.012377016509681345,2.9613046300556407,0.01424426272751253,3.710817865448505,20.68437365740741,1.1785346109206014,0.6481481481481481,0.6804541768045418,0.007833789880265915,0.12993740556874595,0.7702084392475852,0.005827757392618174,74.46374516666667,0.303156146179402,1.3076923076923077,-0.5563394966609105,-0.13203023167013261,0.2541563637590256,0.140625,1.3214285714285714,1.5917159763313609,-0.35844395867408274,-0.1655811240285755,0.35651748286250473,Agricultural Inputs,Basic Materials,ICL
2020Q2,2020,Q2,2020-07-29,2020-06-30,-168000000.0,1203000000.0,-169000000.0,-0.13,320000000.0,0.2660016625103907,9226000000.0,3722000000.0,2864000000.0,1891000000.0,5368000000.0,1202000000.0,0.0,3905598200.0,6423598200.0,2.906622601372563,1.5145425700687467,0.3079340992846304,0.7632993014508329,-0.021480249028166892,2.906622601372563,-0.045137023105857065,3.246548794679967,-5.811902083333333,1.049327834497582,-0.17857142857142858,0.7346089850249584,0.00768128170481029,0.13039236939085194,0.878900052882073,-0.018209408194233688,244.0998875,0.2660016625103907,-3.5999999999999996,-3.22366595849824,-0.0014818188330960578,0.24113511587804826,-0.2,-3.8,-2.2803030303030303,-3.933885124987485,-0.09417802704453573,0.39494465542212315,Agricultural Inputs,Basic Materials,ICL
2020Q1,2020,Q1,2020-04-23,2020-03-31,60000000.0,1319000000.0,132000000.0,0.05,400000000.0,0.3032600454890068,9548000000.0,3903000000.0,3131000000.0,2043000000.0,5514000000.0,1256000000.0,3930000000.0,3928516290.0,6453516290.0,3.0500598993316124,1.5325501713166911,0.3099078341013825,0.7581347681270817,0.01448665220160411,3.0500598993316124,0.015372790161414296,2.9784050720242607,16.368817875,1.0065376095311298,0.38333333333333336,0.731687898089172,0.0058546276258409,0.13814411395056556,0.9177679882525698,0.006284038542103058,145.50060333333334,0.3032600454890068,0.25000000000000006,-0.7258015741826594,-0.06863471629689166,0.33883658983546877,0.19047619047619047,0.25,0.5,-0.1200941950948881,0.01570799811517768,0.4952652083815875,Agricultural Inputs,Basic Materials,ICL
2019Q4,2019,Q4,2020-01-16,2019-12-31,48000000.0,1106000000.0,88000000.0,0.04,336000000.0,0.3037974683544304,9173000000.0,3925000000.0,2684000000.0,1761000000.0,5112000000.0,1312000000.0,3880000000.0,6131966400.0,8637966400.0,3.0660229971253594,1.5241340147643385,0.2835495475853047,0.6626751592356688,0.009822387788986088,3.0660229971253594,0.012229299363057325,5.544273417721519,31.937324999999998,1.562284433121019,1.3333333333333333,0.586890243902439,0.01043710872257878,0.12057124168756132,0.7501419647927314,0.005232748283004469,111.49029818181818,0.3037974683544304,-0.6,-0.44036846154274784,-0.215809532182832,0.31302385001029603,-0.288135593220339,-0.6307692307692307,-0.5621890547263682,0.49301063929508826,-0.17724475981047966,0.5177588084002126,Agricultural Inputs,Basic Materials,ICL
2019Q3,2019,Q3,2019-10-10,2019-09-30,130000000.0,1325000000.0,201000000.0,0.1,472000000.0,0.3562264150943396,9113000000.0,3901000000.0,2695000000.0,1779000000.0,5079000000.0,1205000000.0,3904000000.0,6415735860.0,8896735860.0,3.046261633345984,1.5148960089938168,0.28278283770437834,0.6605998461932838,0.024602158237895768,3.046261633345984,0.03332478851576519,4.8420648,12.337953576923075,1.6446387746731606,0.5615384615384615,0.7078838174273859,0.011378273917904096,0.14539668605289147,0.8375491849353569,0.014265335235378032,29.03047900452489,0.3562264150943396,-0.1666666666666666,-0.2800281935767653,-0.15427341049834017,0.2562915092764918,-0.07086614173228346,-0.17721518987341772,-0.1625,1.3804071178443031,-0.04681346799678213,0.48475421305871635,Agricultural Inputs,Basic Materials,ICL
2019Q2,2019,Q2,2019-07-05,2019-06-30,158000000.0,1425000000.0,240000000.0,0.12,508000000.0,0.3564912280701754,9242000000.0,3939000000.0,2838000000.0,1876000000.0,5166000000.0,1245000000.0,3871000000.0,6730785420.0,9336785420.0,3.0782648245529716,1.5127931769722816,0.2967972300367886,0.6963696369636964,0.02781837068859271,3.0782648245529716,0.04011170347804011,4.723358189473684,10.649976930379747,1.708754866717441,0.47468354430379744,0.7365461847389558,0.011142830341484873,0.15418740532352304,0.8491471215351812,0.01709586669552045,68.68148387755102,0.3564912280701754,0.09090909090909087,1.3297065255942657,-0.07989508527261346,0.24791046202084077,0.013972055888223553,0.1366906474820144,0.05726872246696035,0.30980560329119305,0.029465808824880927,0.27347225549232385,Agricultural Inputs,Basic Materials,ICL
2019Q1,2019,Q1,2019-04-18,2019-03-31,139000000.0,1415000000.0,227000000.0,0.11,501000000.0,0.35406360424028266,9117000000.0,3897000000.0,2779000000.0,1939000000.0,5081000000.0,1254000000.0,3804000000.0,6826031220.0,9433031220.0,3.0486206888458973,1.4332129963898916,0.2972469013930021,0.695406723120349,0.02523128878462237,3.0486206888458973,0.03566846292019502,4.824050332155477,12.277034568345325,1.7516118090839106,0.43884892086330934,0.7288676236044657,0.008936378700008348,0.1552045629044642,0.7864878803506963,0.015246243281781287,162.52455285714285,0.35406360424028266,0.8333333333333334,0.0557244077138405,-0.1252614087041701,0.221055052225566,-0.011834319526627219,0.6951219512195121,0.3674698795180723,1.0972411643374176,0.11389286738972015,0.2677820102752721,Agricultural Inputs,Basic Materials,ICL
2018Q4,2018,Q4,2019-01-22,2018-12-31,82000000.0,1410000000.0,166000000.0,0.06,507000000.0,0.3595744680851064,8776000000.0,3781000000.0,2788000000.0,2009000000.0,4861000000.0,1290000000.0,3743000000.0,7233842240.0,9537842240.0,2.958380800961454,1.3877551020408163,0.2763217866909754,0.6413647183284845,0.021814154169626013,2.958380800961454,0.021687384289870406,5.130384567375886,22.05439707317073,1.913208738428987,0.7926829268292683,0.7,0.008985542930502173,0.16066545123062898,0.719761075161772,0.009343664539653601,160.75204977777778,0.3595744680851064,-0.4000000000000001,-0.31438714353894853,-0.00761201035861258,0.03132675708956407,0.10698689956331878,-0.3643410852713178,-0.15306122448979592,-0.19800573367217914,-0.07226533671070277,0.17240982865051016,Agricultural Inputs,Basic Materials,ICL
2018Q3,2018,Q3,2018-10-12,2018-09-30,129000000.0,1371000000.0,196000000.0,0.1,458000000.0,0.33406272793581326,8643000000.0,3775000000.0,2681000000.0,1994000000.0,4734000000.0,1225000000.0,-260000000.0,7743626470.0,10033626470.0,2.9591109654854,1.3445336008024071,0.2767557561032049,0.6336423841059603,0.02346699047065966,2.9591109654854,0.034172185430463575,5.648159350838804,15.007028042635659,2.0512917801324506,0.43410852713178294,0.7453061224489796,0.007231753780603004,0.1586254772648386,0.7301905717151455,0.014925373134328358,151.8358131372549,0.33406272793581326,0.25000000000000006,0.6309562677178228,-0.06611617691972069,0.045557754583266226,0.0,0.27722772277227725,0.13953488372093023,0.06355930657938555,-0.008185254297514547,0.2532273143283129,Agricultural Inputs,Basic Materials,ICL
2018Q2,2018,Q2,2018-07-02,2018-06-30,101000000.0,1371000000.0,172000000.0,0.08,458000000.0,0.33406272793581326,8731000000.0,3710000000.0,2793000000.0,2073000000.0,4956000000.0,1208000000.0,-260000000.0,5870782200.0,8217782200.0,2.9069380226709822,1.3473227206946454,0.28656511281640135,0.6743935309973046,0.022995405284468553,2.9069380226709822,0.027223719676549865,4.282116849015317,14.53163910891089,1.582421078167116,0.504950495049505,0.7557947019867549,0.008687087727424124,0.15702668651929905,0.7612156295224313,0.011567976176841141,136.52981860465115,0.33406272793581326,-0.8904109589041096,-0.6821780488944824,-0.2293888466799179,0.015270775623503065,0.06264501160092807,-0.8911637931034483,-0.8253807106598985,0.3413163706160541,0.1417667456587615,0.24126980156086764,Agricultural Inputs,Basic Materials,ICL
2018Q1,2018,Q1,2018-04-12,2018-03-31,928000000.0,1404000000.0,985000000.0,0.73,431000000.0,0.306980056980057,9570000000.0,3804000000.0,3441000000.0,2126000000.0,5695000000.0,1255000000.0,-260000000.0,5411719760.0,7758719760.0,2.9803760570188875,1.618532455315146,0.3286311389759666,0.8267613038906414,0.1351778938474651,2.9803760570188875,0.24395373291272346,3.8545012535612537,1.4578986422413795,1.4226392639327026,0.07435344827586207,0.7752988047808765,0.012750105892401198,0.14670846394984327,1.0282220131702728,0.09696969696969697,-59.469447912087915,0.306980056980057,5.083333333333333,2.0294744350123786,-0.14685885379891717,0.08369789713165234,0.004662004662004662,4.987096774193549,4.211640211640212,3.251893945226408,-0.00605329488900307,0.3082485748823704,Agricultural Inputs,Basic Materials,ICL
2017Q4,2017,Q4,2018-01-09,2017-12-31,155000000.0,1361000000.0,189000000.0,0.12,429000000.0,0.3152094048493755,8714000000.0,2859000000.0,2725000000.0,2328000000.0,5784000000.0,1226000000.0,2691000000.0,5159479960.0,8286479960.0,2.2386674799682718,1.17053264604811,0.368372733532247,1.1227701993704093,0.028642829680891966,2.2386674799682718,0.05421476040573627,3.7909478030859662,8.321741870967742,1.8046449667715985,0.36129032258064514,0.7601957585644372,0.010853807056942227,0.15618544870323617,0.5528350515463918,0.01778746844158825,37.66043766423358,0.3152094048493755,0.7142857142857141,-0.2582925964072313,-0.09680006579134455,-0.1547270344452535,-0.08723404255319149,0.8452380952380952,0.05,0.8114749406674907,-0.03269318970680484,-0.04129101569142462,Agricultural Inputs,Basic Materials,ICL
2017Q3,2017,Q3,2017-10-19,2017-09-30,84000000.0,1440000000.0,180000000.0,0.07,470000000.0,0.3263888888888889,8856000000.0,2789000000.0,2778000000.0,2245000000.0,5989000000.0,1208000000.0,2602000000.0,5672490720.000001,9022490720.0,2.1830198780827623,1.2374164810690422,0.39058265582655827,1.2402294729293655,0.016405249679897566,2.1830198780827623,0.030118321979204016,3.9392296666666673,16.882412857142857,2.0338797848691286,0.38095238095238093,0.8029801324503312,0.005641260881604404,0.16260162601626016,0.644988864142539,0.009485094850948509,72.72424000000001,0.3263888888888889,0.5625000000000001,-0.788588760226343,-0.18761383642863022,-0.191346303176735,0.13253012048192772,0.47368421052631576,0.25,-0.5336957760138301,-0.07871388798340906,-0.09971313448712837,Agricultural Inputs,Basic Materials,ICL
2017Q2,2017,Q2,2017-07-03,2017-06-30,57000000.0,1322000000.0,144000000.0,0.0448,415000000.0,0.31391830559757944,8712000000.0,2656000000.0,2700000000.0,2185000000.0,5978000000.0,1276000000.0,2547000000.0,6029170180.000001,9395170180.0,2.0836830981606163,1.2356979405034325,0.39543158861340677,1.2970632530120483,0.013522373381412886,2.0836830981606163,0.021460843373493976,4.560643101361574,26.443728859649127,2.2700188930722893,1.5614035087719298,0.7108150470219435,0.014761567071905075,0.1517447199265381,0.5958810068649886,0.0065426997245179065,70.10663000000001,0.31391830559757944,-0.15471698113207547,-0.8606928454429817,-0.3092158204827438,-0.1912811012572383,0.15921787709497207,-0.16176470588235295,0.2413793103448276,-0.1562717621704437,-0.14308540325208813,-0.15528712247548673,Agricultural Inputs,Basic Materials,ICL
2017Q1,2017,Q1,2017-04-03,2017-03-31,68000000.0,1295000000.0,116000000.0,0.053,358000000.0,0.27644787644787644,8633000000.0,2603000000.0,2704000000.0,2078000000.0,5952000000.0,1248000000.0,2526000000.0,5436177480.0,8736177480.0,2.0398119893613185,1.3012512030798844,0.3916367427313796,1.2988859008835958,0.011480452728311092,2.0398119893613185,0.026123703419131773,4.197820447876448,19.98594661764706,2.088427767960046,0.8823529411764706,0.750801282051282,0.01103716724127263,0.1500057917294104,0.641963426371511,0.007876751998146646,61.080645842696626,0.27644787644787644,0.7666666666666667,-0.7662831427353558,-0.14130661034741637,-0.17434501341127248,-0.13942307692307693,1.125,0.6111111111111112,-0.48264618020154965,-0.19807343432087923,-0.1830001205749141,Agricultural Inputs,Basic Materials,ICL
2016Q4,2016,Q4,2017-01-04,2016-12-31,32000000.0,1338000000.0,72000000.0,0.03,416000000.0,0.3109118086696562,8552000000.0,2574000000.0,2571000000.0,2023000000.0,5893000000.0,1267000000.0,2518000000.0,5236941450.0,8533941450.0,2.0200989644442178,1.2708848245180424,0.39569691300280635,1.3146853146853146,0.0010985992859104646,2.0200989644442178,0.012432012432012432,3.914007062780269,40.913605078125,2.034553787878788,0.0625,0.7277032359905288,0.00038190230291766956,0.15645463049579045,0.6248146317350469,0.0037418147801683817,44.00791134453782,0.3109118086696562,1.1111111111111112,-0.913820471898317,-0.22225542552522945,-0.16728694858144783,-0.09761388286334056,1.0941176470588236,1.2175226586102719,-0.7316313483725001,-0.05542769947034318,-0.2957694583053147,Agricultural Inputs,Basic Materials,ICL
2016Q3,2016,Q3,2016-10-06,2016-09-30,-340000000.0,1383000000.0,-331000000.0,-0.27,461000000.0,0.3333333333333333,8961000000.0,2614000000.0,2907000000.0,2064000000.0,6228000000.0,1351000000.0,2503000000.0,4968869100.0,8441869100.0,2.0516942175031336,1.4084302325581395,0.4050887177770338,1.3886763580719204,-0.04985034956051034,2.0516942175031336,-0.13006885998469778,3.592819305856833,-3.653580220588235,1.9008680566182097,-0.18235294117647058,0.6824574389341229,0.012477688333548575,0.1543354536324071,0.7538759689922481,-0.03794219395156791,51.759053125,0.3333333333333333,-4.0,-1.7802779077515873,-0.2705207564303038,-0.14822106441397181,0.10551558752997602,-3.8333333333333335,-3.221476510067114,-5.304218191066566,-0.05672063570378099,-0.2750644284162003,Agricultural Inputs,Basic Materials,ICL
2016Q2,2016,Q2,2016-07-20,2016-06-30,120000000.0,1377000000.0,149000000.0,0.09,417000000.0,0.3028322440087146,9323000000.0,3077000000.0,2907000000.0,1911000000.0,6118000000.0,1361000000.0,2949000000.0,4964501100.0,8488501100.0,2.41722174258356,1.5211930926216641,0.3949372519575244,1.1966200844978876,0.021094479391462723,2.41722174258356,0.03899902502437439,3.6053021786492376,10.342710624999999,1.6134225219369513,0.85,0.7053637031594416,0.02054587116518113,0.14769923844256141,0.8090005232862376,0.012871393328327792,59.10120357142857,0.3028322440087146,0.7999999999999998,-0.7177672088044624,-0.2843735021274889,0.018752458560121154,0.13934426229508196,0.8181818181818182,0.3925233644859813,-0.6214084690625185,-0.22400502536355674,-0.15576645449362767,Agricultural Inputs,Basic Materials,ICL
2016Q1,2016,Q1,2016-04-04,2016-03-31,66000000.0,1265000000.0,107000000.0,0.05,366000000.0,0.2893280632411067,9303000000.0,3061000000.0,2931000000.0,2105000000.0,6089000000.0,1444000000.0,2888000000.0,5460869700.0,8980869700.0,2.4046883960626273,1.392399049881235,0.3915941094270665,1.1901339431558313,0.011625637172574324,2.4046883960626273,0.021561581182620058,4.316893043478261,20.6851125,1.7840149297615158,0.0,0.6225761772853186,0.0,0.13597764162098247,0.7064133016627079,0.00709448564979039,156.02484857142858,0.2893280632411067,-0.375,-0.7632228115002196,-0.16944135567954763,0.10160981575596945,-0.3133208255159475,-0.3125,-0.2671232876712329,-0.7839629830957311,-0.2292576437947944,-0.12562854209862537,Agricultural Inputs,Basic Materials,ICL
2015Q4,2015,Q4,2016-01-04,2015-12-31,96000000.0,1427000000.0,146000000.0,0.08,533000000.0,0.373510861948143,9077000000.0,3028000000.0,2985000000.0,2046000000.0,5889000000.0,1364000000.0,2902000000.0,4860000000.0,8177000000.0,2.5233333333333334,1.4589442815249267,0.38316624435386143,1.1486129458388374,0.01795265908392253,2.5233333333333334,0.031704095112285335,3.4057463209530483,12.65625,1.605019815059445,0.875,0.655425219941349,0.017283950617283952,0.15721053211413463,0.7453567937438905,0.010576181557783408,-52.82608695652174,0.373510861948143,-0.20000000000000004,-0.5854604726976366,0.06444061194800314,0.2246367187003041,0.09221311475409837,-0.2066115702479339,-0.25888324873096447,-0.5111051440408148,0.007843418242787151,-0.04724329591814156,Agricultural Inputs,Basic Materials,ICL
2015Q3,2015,Q3,2015-10-13,2015-09-30,121000000.0,1379000000.0,197000000.0,0.1,488000000.0,0.3538796229151559,8194000000.0,3005000000.0,2684000000.0,1660000000.0,5163000000.0,1184000000.0,2865000000.0,6516029440.0,9265029440.0,2.3611925240165887,1.616867469879518,0.361361972174762,0.9853577371048253,0.025823684640312195,2.3611925240165887,0.04026622296173045,4.7251845105148655,13.462870743801652,2.168395820299501,0.4380165289256198,0.7525337837837838,0.008133787682825447,0.16829387356602393,0.8746987951807229,0.014766902611667073,-162.900736,0.3538796229151559,0.6949152542372883,-0.5023074461341182,-0.011450880084243775,0.19507057331704977,0.4523809523809524,0.6133333333333333,0.8411214953271028,-0.6942884095830183,-0.21901617522197028,-0.12534600228450965,Agricultural Inputs,Basic Materials,ICL
2015Q2,2015,Q2,2015-08-12,2015-06-30,75000000.0,1196000000.0,107000000.0,0.059,336000000.0,0.2809364548494983,8192000000.0,2977000000.0,2701000000.0,1811000000.0,5188000000.0,1201000000.0,2805000000.0,8872881358.18,11539881358.18,2.341906666073384,1.4914411927112092,0.353759765625,0.9734632180047027,0.013797549967762734,2.341906666073384,0.02519314746388982,7.41879712222408,29.576271193933334,2.9804774464830364,2.8,0.7160699417152373,0.023667621770508497,0.14599609375,0.800662617338487,0.0091552734375,52.193419754000004,0.2809364548494983,-0.6549707602339182,-0.7467725583608728,-0.20058624939410616,0.2466348670941392,-0.2469710756211368,-0.6539696600597941,-0.6597893237438436,-0.8161993769805277,-0.3733439208432889,-0.09105939304441729,Agricultural Inputs,Basic Materials,ICL
2015Q1,2015,Q1,2015-04-13,2015-03-31,216744000.0,1402767000.0,314511000.0,0.171,446198000.0,0.318084186468601,8140119000.0,2887565000.0,2960081000.0,2195518000.0,5225859000.0,1235690000.0,2816209000.0,8986637193.48,11573831193.48,2.278142024566596,1.3482380923317414,0.3381395284270414,0.9532239101111144,0.04057060346749004,2.278142024566596,0.07506116745423913,6.406364844254249,10.365497076597276,3.1121852472515767,0.0,0.7741172947907646,0.0,0.17232757899485254,0.7754197414915296,0.026626637767826245,-107.50337576237528,0.318084186468601,1.5522388059701493,-0.0995659044157567,0.013772085981457105,0.024989895872077884,-0.13076561930792113,1.5402465894707233,0.8034611480965406,-0.2499999998237242,-0.06354492801045003,-0.07787613145185356,Agricultural Inputs,Basic Materials,ICL
2014Q4,2014,Q4,2014-12-31,2014-12-31,85324000.0,1403026000.0,174393000.0,0.067,513323000.0,0.36586848711285463,8347588000.0,2973714000.0,3140039000.0,2002852000.0,5347362000.0,1335098000.0,2692364000.0,9232820893.25,12008454893.25,2.335085533367362,1.5677838402438122,0.34818021684826805,0.9773855185804687,0.020908296741114833,2.335085533367362,0.028692739113445342,6.580648464996372,27.052238799312033,3.104811321213136,1.4650039848108387,0.6663952758524093,0.013538657518135756,0.16807561657331435,0.767311813354157,0.010221395689389557,69.6648424022123,0.36586848711285463,-0.524822695035461,-0.5733169823161659,0.159606330264246,0.08695728594464142,-0.11107359073466051,-0.5252630349025478,-0.3350833848054355,-0.770086309467223,-0.18400764809184642,-0.03744507866295329,Agricultural Inputs,Basic Materials,ICL
2014Q3,2014,Q3,2014-10-07,2014-09-30,179729000.0,1559467000.0,262278000.0,0.141,577464000.0,0.3702957484832959,8421964000.0,3090835000.0,3326708000.0,2161335000.0,5303590000.0,1276887000.0,2736862000.0,9215891277.57,11941530277.57,2.42480476135698,1.539191286866682,0.34466497363322857,0.9391494531413033,0.03190408455474191,2.42480476135698,0.058149011513070094,5.9096417414219085,12.819148937525387,2.9816833566236958,0.26150482114739415,0.7690602222436285,0.005099886552957765,0.18516666658750858,0.8322920787383723,0.02134050917339471,104.66537890052356,0.3702957484832959,1.660377358490566,-0.2905379344727372,0.17310033915888937,0.13373171118699292,0.06524109153896812,1.672868147883763,2.3734806487710136,-0.587729314735309,-0.1778314658922466,0.006679066018972684,Agricultural Inputs,Basic Materials,ICL
2014Q2,2014,Q2,2014-06-30,2014-06-30,67242000.0,1535544000.0,77747000.0,0.053,542097000.0,0.35303254091058284,8436149000.0,3129589000.0,3186977000.0,2200210000.0,5280317000.0,1350528000.0,2632915000.0,11037837734.699999,13775813734.699999,2.4667353293665735,1.44848764436122,0.3456260670597449,0.9316728171015427,0.024309739206498163,2.4667353293665735,0.021485888402598553,7.188226279872149,41.03773584478451,3.5269288506254335,2.590568394753279,0.7355989657378448,0.015781623555887008,0.18201954469983875,0.8346698724212689,0.007970698478654182,-124.35318869223315,0.35303254091058284,-0.4854368932038835,-0.5507284589201148,0.443484308694523,0.2691022497446839,-0.03756038583016868,-0.4877190309309767,-0.6803849505862234,-0.8413233223673388,-0.1993162957214301,0.0396202537560272,Agricultural Inputs,Basic Materials,ICL
2014Q1,2014,Q1,2014-03-31,2014-03-31,131260000.0,1612673000.0,243252000.0,0.103,563253000.0,0.3492667143308036,8344326000.0,3181730000.0,3231544000.0,2293130000.0,5137178000.0,1333851000.0,2680945000.0,11087009708.4,13544352708.4,2.4967102697698222,1.409228434497826,0.3241917921231745,0.8502173345947016,0.02398342532405722,2.4967102697698222,0.041254286190217274,6.874927346337416,21.11650485372543,3.4845853382908034,3.802605515770227,0.7867595406083588,0.045019352659341275,0.19326581919258667,0.8275557861961599,0.015730449649258668,-153.86016609167487,0.3492667143308036,0.10066253472964307,-0.16228971138779938,0.8185233187099268,0.34621286083766917,0.06942034213674078,0.10115602087213302,0.9776424581913968,-0.5296321058133386,0.05763408527216518,0.1437658803446647,Agricultural Inputs,Basic Materials,ICL
2013Q4,2013,Q4,2013-12-31,2013-12-31,119202000.0,1416075000.0,123001000.0,0.09358,526690000.0,0.3719365146620059,7973485000.0,3653920000.0,3041640000.0,1960041000.0,4294811000.0,1408297000.0,3152832000.0,10674444000.000002,12515026000.000002,2.8685193907991837,1.5518246812184031,0.25445862129294783,0.5552726934360905,0.020785305672344427,2.8685193907991837,0.03262304593422954,7.538049891425244,22.387300548648515,2.9213677365678503,0.4564101273468566,0.6315322691165287,0.005096752580274907,0.17759800137580994,0.7842116567969751,0.014949799240858921,-81.39793654061722,0.3719365146620059,0.5093548387096773,-0.3157173826721476,0.27801986433010517,0.5094071538568771,0.04002606532127483,0.5311753371868979,-0.4470920876374392,-0.5150932177981598,-0.0049068882082227835,0.3921641377581932,Agricultural Inputs,Basic Materials,ICL
2013Q3,2013,Q3,2013-09-30,2013-09-30,77850000.0,1444960000.0,222462000.0,0.062,506420000.0,0.3504733695050382,7798878000.0,3553695000.0,3077090000.0,2148998000.0,4220704000.0,1370203000.0,3082165000.0,10359072578.25,12028719578.25,2.8301745671283642,1.4318719700995535,0.2537376530316284,0.5568482945216177,0.013673749822918883,2.8301745671283642,0.02190677590507908,7.169106811434227,33.266129024566474,2.9150145350824985,2.8337829158638406,0.6849641987355158,0.021296307978688624,0.18527793356941857,0.7942710975068381,0.009982205132584457,57.65482250214277,0.3504733695050382,-0.751004016064257,-0.8978584638859648,-0.32223980746527237,0.2912658879047993,-0.2945715917480394,-0.7537740414266872,-0.4337876531897835,-0.6754508027244657,0.04987105435638178,0.43243649474712004,Agricultural Inputs,Basic Materials,ICL
2013Q2,2013,Q2,2013-06-30,2013-06-30,316173000.0,1770066000.0,392895000.0,0.249,717890000.0,0.40557244758105065,7755565000.0,3635627000.0,3230967000.0,2094564000.0,4095629000.0,1369415000.0,3221738000.0,12316779514.8,13936936514.8,2.863214516231652,1.5425487118082808,0.23971883415328218,0.5113712160240861,0.05880856319823353,2.863214516231652,0.08696519197376408,6.958373029480256,9.738955820705751,3.3878006502867315,1.1366340579366359,0.7683397655203135,0.029177513453754113,0.2282317277980392,0.8887539363800772,0.040767242618687353,55.52550925877505,0.40557244758105065,0.03750000000000003,-0.5436770476603353,-0.13623762618319257,0.433164199125196,0.08941226459474634,0.035451353865098185,0.08233151886459802,0.06870564408251145,0.18444176746172475,0.5241354831143422,Agricultural Inputs,Basic Materials,ICL
2013Q1,2013,Q1,2013-03-31,2013-03-31,305348000.0,1640441000.0,363008000.0,0.24,658970000.0,0.40170295670493483,7665488000.0,3499022000.0,3287035000.0,1988048000.0,4142635000.0,1407820000.0,3105052000.0,16488791995.68,18005071995.68,2.7501908649148357,1.6533982076891505,0.22787838165032676,0.49922492627940035,0.05868327078530067,2.7501908649148357,0.08726667051536115,10.051438604424055,13.499999996463053,4.712400206594872,0.0,0.697156596724013,0.0,0.2140034659241525,0.9452563519593088,0.03983412406359517,2094.878922078516,0.40170295670493483,0.46986771190592835,-0.10790885468407188,0.08736870605469628,0.7103421328133136,0.20454200643060955,0.464133645325866,0.7016824252424727,0.26376715209825397,0.1810887671771898,0.23737581672226102,Agricultural Inputs,Basic Materials,ICL
2012Q4,2012,Q4,2012-12-31,2012-12-31,208552000.0,1503798000.0,213323000.0,0.16328,547071000.0,0.36379287643686187,7746782000.0,3375456000.0,3310064000.0,1926135000.0,4346778000.0,1480044000.0,2945661000.0,15370470000.0,17109907000.0,2.6484550804236955,1.718500520472345,0.26177914907118854,0.6007917152526947,0.041176219057613386,2.6484550804236955,0.06178483736715869,10.221100174358524,18.425224883961793,4.553598091635619,1.3211045686447505,0.6464179443313848,0.017925216340163964,0.1941190548540026,0.9052350951516898,0.026921113825069558,212.4019899122504,0.36379287643686187,-0.47498392282958196,0.21385747130181545,0.25080020030025635,0.8920898472363229,-0.2909804196021711,-0.47210979403493586,-0.5584298107435092,0.042089630491299206,0.2419122921067147,0.23282745108366998,Agricultural Inputs,Basic Materials,ICL
2012Q3,2012,Q3,2012-09-30,2012-09-30,395067000.0,1762461000.0,483101000.0,0.311,771588000.0,0.4377901128024961,7263100000.0,3429300000.0,3176200000.0,1599800000.0,3833800000.0,1270300000.0,3045100000.0,15434289548.550001,16780989548.550001,2.699573237170115,1.9853731716464558,0.17558618220869876,0.37188347476161315,0.08554722671343279,2.699573237170115,0.11520339427871577,8.757237492659412,9.766881028123077,4.5007113838246875,0.7201386094004308,0.780030701409116,0.01843317757549314,0.2426596081562969,1.1913364170521314,0.05439371618179565,30.626567957102974,0.4377901128024961,-0.03115264797507791,1.507619612951498,0.716034708017957,1.0916386122459045,-0.08171178440599539,-0.03086003331313612,-0.10069546569768091,0.5648418611399593,0.3303538377830709,0.2622013262373761,Agricultural Inputs,Basic Materials,ICL
2012Q2,2012,Q2,2012-06-30,2012-06-30,407647000.0,1906654000.0,537194000.0,0.321,840246000.0,0.4406913892085297,7194600000.0,3272000000.0,3247300000.0,1556900000.0,3922600000.0,1285800000.0,2887900000.0,13651729751.75,15278929751.75,2.576523315332336,2.0857473183891067,0.1971895588357935,0.4335880195599022,0.09069108788575185,2.576523315332336,0.12458649144254279,7.160045688284293,8.372274143897785,4.172289043933374,1.1264648090136808,0.8293731529009177,0.033636763131876066,0.26501181441636784,1.2598753934099813,0.056660133989380926,84.42158291591686,0.4406913892085297,0.41409691629955947,2.195329976534884,1.0033563706841784,1.106827508611342,0.4044501348880279,0.4092900085391192,0.5666337121642943,1.721059710591896,0.7906356442055807,0.32558669634312215,Agricultural Inputs,Basic Materials,ICL
2012Q1,2012,Q1,2012-03-31,2012-03-31,289257000.0,1499328000.0,342897000.0,0.227,598274000.0,0.39902809792120203,7135600000.0,3134300000.0,3247000000.0,1766500000.0,4001300000.0,1396800000.0,2750200000.0,14437476583.140001,15813476583.140001,2.4705379637916276,1.8380979337673364,0.18309602556197097,0.4168394856905848,0.06716539251997347,2.4705379637916276,0.09228759212583353,9.629298314404855,12.47807017906222,4.606284204811282,0.0,0.6450844788087056,0.0,0.21011940131173273,1.0474384375884518,0.04053716576041258,82.29295818023256,0.39902809792120203,-0.22102879105041007,2.223353134377472,0.7201765682161824,1.1029928709469567,-0.22853127014829142,-0.21737824675324674,-0.26495819935691317,0.8543489877892781,0.6983036985651739,0.3321008930486023,Agricultural Inputs,Basic Materials,ICL
2011Q4,2011,Q4,2011-12-31,2011-12-31,369600000.0,1712400000.0,466500000.0,0.29141,775500000.0,0.45287316047652415,7283100000.0,3076800000.0,3442900000.0,1753500000.0,4206300000.0,1410900000.0,2699700000.0,13190320000.0,14785020000.0,2.4259244658203896,1.9634445394924436,0.21387870549628593,0.5062727509100364,0.08157341770065692,2.4259244658203896,0.12012480499219969,7.702826442419996,8.922023809523811,4.287025481019241,0.8103354978354979,0.664044227089092,0.02270604503908927,0.23511966058409195,1.1587681779298546,0.050747621205256006,64.69014222658163,0.45287316047652415,-0.14794889038332207,3.151837585552391,1.0665585790675298,0.8053946786111782,-0.10995064845632962,-0.15287646115058445,-0.16127292340884575,1.13090054435824,0.5521576144560395,0.27651490004589063,Agricultural Inputs,Basic Materials,ICL
2011Q3,2011,Q3,2011-09-30,2011-09-30,436300000.0,1898300000.0,556200000.0,0.34201,871300000.0,0.45898962229363116,7249400000.0,3072800000.0,3460500000.0,2470200000.0,4176600000.0,1269000000.0,2696900000.0,14670550000.0,16265650000.0,2.4087167829426983,1.4008987126548458,0.11602339503958949,0.2737242905493361,0.11484472907042483,2.4087167829426983,0.14198776360322832,7.728256861402308,8.406228512491404,4.774326347305389,0.681641072656429,0.8092986603624901,0.020271905279624827,0.26185615361271275,0.810703586754109,0.060184291113747346,43.39115646258504,0.45898962229363116,0.023951378701236512,3.635872123156345,1.238252166385028,0.9009956185243626,0.0006891007235557597,0.023697794462693572,0.02468680913780398,-0.43656041848941024,-0.1235978142010575,0.09897596125794944,Agricultural Inputs,Basic Materials,ICL
2011Q2,2011,Q2,2011-06-30,2011-06-30,426200000.0,1928800000.0,542800000.0,0.33401,870700000.0,0.4514205723766072,7141800000.0,3027600000.0,3347100000.0,1701900000.0,4114200000.0,1233400000.0,2652800000.0,19790760000.0,21434560000.0,2.3727272727272726,1.9666842940243257,0.2202665994567196,0.51958647113225,0.0964634493454421,2.3727272727272726,0.14077156823886908,10.260659477395272,11.60884561238855,6.536781609195403,0.8549976536837167,0.8578725474298686,0.01841263296609125,0.27007197065165645,1.1088195546154298,0.059676832171161334,125.09962073324905,0.4514205723766072,0.5252991140743445,3.6320265455768124,1.2835434851697463,0.867714721782737,0.3645196677636734,0.5237754737218449,0.5056865464632455,-0.3878811728560168,-0.06337277426904739,0.18765386326560868,Agricultural Inputs,Basic Materials,ICL
2011Q1,2011,Q1,2011-03-31,2011-03-31,279700000.0,1528300000.0,360500000.0,0.21898,638100000.0,0.4175227376823922,6712900000.0,2788200000.0,3205500000.0,1586700000.0,3924800000.0,1171500000.0,2414200000.0,20883855000.0,22156355000.0,2.1828857746809676,2.020230667422953,0.2274277882882212,0.5475575640197977,0.06858831633540674,2.1828857746809676,0.10031561580948282,13.664761499705556,18.666298712906688,7.490085001075964,0.6067214873078298,0.7598804950917627,0.008125894381090081,0.22766613535133848,1.1598285750299364,0.0416660459711898,379.01733212341196,0.4175227376823922,0.1346701901652936,1.901565624564886,1.1360259027907214,0.8451388704956999,0.01770334928229665,0.1397718011409943,0.0631082276614568,-0.1860503494366621,0.009057125946963807,0.35753542024484253,Agricultural Inputs,Basic Materials,ICL
2010Q4,2010,Q4,2010-12-31,2010-12-31,245400000.0,1420600000.0,339100000.0,0.19299,627000000.0,0.4413628044488244,6381200000.0,2620100000.0,3123200000.0,1458900000.0,3761100000.0,1114100000.0,2247700000.0,21362878728.399998,22524878728.399998,2.060474992135892,2.140791006923024,0.23661693725318123,0.5762757146673791,0.06085078127619379,2.060474992135892,0.09366054730735468,15.03792674109531,21.763323887938057,8.153459306286019,0.05419722901385475,0.7123238488466026,0.0006225752703599266,0.2226227041935686,1.282473096168346,0.038456716605027266,66.07757107454377,0.4413628044488244,0.010260168559912,1.96820675315907,0.818040487473237,0.7409198499911482,0.07344632768361582,0.01029230135858378,0.06267627702914447,0.4315852518310583,0.18429411209927865,0.47202942648397533,Agricultural Inputs,Basic Materials,ICL
2010Q3,2010,Q3,2010-09-30,2010-09-30,242900000.0,1393700000.0,319100000.0,0.19103,584100000.0,0.4191002367797948,5934700000.0,2512200000.0,2727500000.0,1139100000.0,3422500000.0,1053700000.0,2144100000.0,17483125000.0,18657625000.0,1.9757766417616989,2.3944342024405234,0.24537044837986755,0.579651301647958,0.06743727806048935,1.9757766417616989,0.09668816177055967,12.544396211523283,17.994159118979002,6.959288671284133,0.880609304240428,0.7683401347632154,0.012234654845744108,0.23483916625945708,1.3361425686945834,0.04092877483276324,60.349068001380736,0.4191002367797948,-0.1800935662474784,0.6822177544152888,0.9078593501269228,0.7706428912785082,-0.11740707162284678,-0.1791145657316661,-0.1698751300728408,0.5403251949049735,0.35571953150281943,0.5308385252086771,Agricultural Inputs,Basic Materials,ICL
2010Q2,2010,Q2,2010-06-30,2010-06-30,295900000.0,1494700000.0,384400000.0,0.23299,661800000.0,0.44276443433464907,5736900000.0,2385800000.0,2654400000.0,1131700000.0,3351100000.0,1058300000.0,2018700000.0,13081000000.0,14271700000.0,1.8785826771653544,2.3454979234779536,0.25332496644529273,0.6091457791935619,0.0802859268953256,1.8785826771653544,0.12402548411434319,8.751588947614906,11.051875633660021,5.48285690334479,2.6059479553903344,0.7870169139185487,0.05894809265346685,0.26054140738029247,1.2804630202350447,0.051578378566821806,29.494926719278467,0.44276443433464907,0.22684429466589442,1.9130922629236562,0.9242388332741519,0.7870616204926869,0.1834763948497854,0.23035343035343037,0.26655683690280063,1.319273285068646,0.5704201328224066,0.5361202586060047,Agricultural Inputs,Basic Materials,ICL
2010Q1,2010,Q1,2010-03-31,2010-03-31,240500000.0,1382500000.0,303500000.0,0.18991,559200000.0,0.40448462929475587,6127700000.0,2814700000.0,2997900000.0,1253700000.0,3313000000.0,1133600000.0,2448200000.0,17476320000.0,18416420000.0,2.2225994946304484,2.3912419239052407,0.2134895637841278,0.4647742210537535,0.05884672580929106,2.2225994946304484,0.08544427470067859,12.64109945750452,18.16665280665281,6.208945891213984,0.0,0.7262702893436839,0.0,0.22561483101326762,1.3878120762542874,0.03924800496107838,132.59726858877087,0.40448462929475587,0.209425250756249,1.5206205393215824,0.9448767383200022,1.237636183347703,0.09513066365858244,0.18622499309474017,0.19847732172896643,1.6848326415079915,0.5889844416697486,0.8919405249715765,Agricultural Inputs,Basic Materials,ICL
2009Q4,2009,Q4,2009-12-31,2009-12-31,202744000.0,1226697000.0,253238000.0,0.157025,510624000.0,0.41625927184952766,5907589000.0,2773760000.0,2771495000.0,1202350000.0,3112740000.0,1233250000.0,2374883000.0,16785022124.0,17820874124.0,2.1482771803107337,2.3050650808832702,0.21901015795106937,0.4664505941393632,0.04956800682932343,2.1482771803107337,0.07309356252884172,13.683103589557975,20.697310554196424,6.0513606526880475,0.8616777808467821,0.5806389620920333,0.010408088753735147,0.20764765456770942,1.2406645319582483,0.03431924597327268,75.43830168089886,0.41625927184952766,-0.20990530436445243,1.3688158532014032,0.5705222194438213,1.2523143929511005,-0.11157507933856689,-0.20990464016959787,-0.11456483126110124,1.2371743477598698,0.4541969557073907,0.5987670861809843,Agricultural Inputs,Basic Materials,ICL
2009Q3,2009,Q3,2009-09-30,2009-09-30,256607000.0,1346544000.0,286004000.0,0.198742,574752000.0,0.4268349196164403,6115700000.0,2761500000.0,3082000000.0,1201200000.0,3354200000.0,1231200000.0,2398200000.0,14202711028.0,15233511028.0,2.1387818100441605,2.565767565767566,0.2307830665336756,0.5110990403766069,0.06692262705286313,2.1387818100441605,0.09292304906753576,10.54752836000903,13.837026102171805,5.143114621763535,0.38892158047130443,0.6268615984405458,0.0070268274699984284,0.22017822980198506,1.4262404262404262,0.04195872917245777,92.88888834532372,0.4268349196164403,0.6846968271325518,3.130491715548421,0.9759531643137411,1.5927808936486265,0.5042949795065877,0.6847015415320781,0.5008054909821742,1.693920182459284,0.5686812467548311,0.6879588661753754,Agricultural Inputs,Basic Materials,ICL
2009Q2,2009,Q2,2009-06-30,2009-06-30,152316000.0,1082590000.0,190567000.0,0.117969,382074000.0,0.3529258537396429,5672800000.0,2509600000.0,2757600000.0,1272500000.0,3163200000.0,1277500000.0,2146500000.0,13169786589.599998,14221986589.599998,1.9436852545670198,2.167072691552063,0.20347976307996052,0.4599537774944214,0.04274481188635223,1.9436852545670198,0.060693337583678675,12.16507319446882,21.615894898763095,5.2477632250557855,1.8021744268494446,0.548349119373777,0.020843162349856826,0.19083873924693273,1.0620039292730845,0.026850232689324495,41.7690662530923,0.3529258537396429,-0.04341444823755502,1.0345655190111538,0.6065083067585975,1.4182820312599627,0.03520645930421589,-0.04054726524853074,-0.06922438214320602,0.6359695991243102,0.2666546117432316,0.5299902378979061,Agricultural Inputs,Basic Materials,ICL
2009Q1,2009,Q1,2009-03-31,2009-03-31,158753000.0,898485000.0,204740000.0,0.123323,369080000.0,0.4107803691770035,5621200000.0,2394600000.0,2874100000.0,1605300000.0,3226500000.0,1318200000.0,2032400000.0,10845706603.2,11915106603.2,1.8546177520665388,1.790381860088457,0.1703728741194051,0.3999415351206882,0.04090632200003571,1.8546177520665388,0.06629624989559843,12.07110480775973,17.079530155650602,4.529235197193686,0.0,0.4016120467303899,0.0,0.15983864655233757,0.8975269420046097,0.028241834483740128,75.84410212027973,0.4107803691770035,-0.09825241298625323,3.885050382810087,0.4424463052137806,1.481266640144901,-0.021527041357370096,-0.09696814562002275,0.6262112787926926,0.6292068167528448,0.24229025747019883,0.5676621030477247,Agricultural Inputs,Basic Materials,ICL
2008Q4,2008,Q4,2008-12-31,2008-12-31,175800000.0,1118200000.0,125900000.0,0.13676,377200000.0,0.3373278483276695,5759400000.0,2443000000.0,2962700000.0,1563600000.0,3316400000.0,1278000000.0,2074200000.0,8677125000.0,9895725000.0,1.9004278490859587,1.8947940649782553,0.17750112858978365,0.4184609087187884,0.055123853535097224,1.9004278490859587,0.0719607040523946,7.759904310499016,12.339483788395903,3.5518317642243145,2.1587030716723548,0.57981220657277,0.04373568434245213,0.1941521686286766,0.9858659503709388,0.030524012918012294,21.86775453629033,0.3373278483276695,-0.7746952224052719,13.22957401112746,1.2161574796020138,1.878203088811864,-0.6857714095301566,-0.7742101207295146,-0.8572076670069184,1.1033759285084102,0.41556451236496406,0.6056941135306567,Agricultural Inputs,Basic Materials,ICL
2008Q3,2008,Q3,2008-09-30,2008-09-30,778600000.0,2177900000.0,881700000.0,0.607,1200400000.0,0.5511731484457505,6102300000.0,2811400000.0,3305900000.0,1582600000.0,3290800000.0,1203300000.0,2360600000.0,17957800000.0,19161900000.0,2.1917829578233414,2.088904334639201,0.16074267079625715,0.3489009034644661,0.20622139317639618,2.1917829578233414,0.2769438713808067,8.245465815694017,5.7660544567171845,6.387493775343245,0.3864628820960699,0.8123493725587967,0.01675595006069786,0.3568982187044229,1.2320864400353848,0.12759123609130985,28.40974529346622,0.5511731484457505,0.1123939377279308,24.301470228478184,2.4970607915502607,1.8876591165306322,0.04637377963737797,0.10722411831626849,0.021905424200278165,4.345155777064071,1.9553318851472705,0.9642224892561303,Agricultural Inputs,Basic Materials,ICL
2008Q2,2008,Q2,2008-06-30,2008-06-30,703200000.0,2079800000.0,862800000.0,0.54567,1147200000.0,0.5515914991826137,5874500000.0,2574600000.0,3050600000.0,1737700000.0,3300000000.0,1051900000.0,1954400000.0,30284450000.0,31608550000.0,1.997827267789245,1.755538930770559,0.13036003064090562,0.2974442631865144,0.21913655307883292,1.997827267789245,0.2731298065718947,14.56123184921627,10.766656001137658,11.762778684067428,0.4068543799772469,0.8865861773932884,0.009447092484757029,0.354038641586518,1.0601945099844623,0.11970380457911312,83.35934489402698,0.5515914991826137,1.0282868081626584,18.14618158650292,2.4472220301543253,1.6235420456851546,0.5704312114989734,1.0282665128353043,0.8554838709677419,5.8224447776676005,1.6386294585055645,0.9004968362782735,Agricultural Inputs,Basic Materials,ICL
2008Q1,2008,Q1,2008-03-31,2008-03-31,346700000.0,1528100000.0,465000000.0,0.26903,730500000.0,0.47804463058700347,5266400000.0,2072200000.0,2551700000.0,1842300000.0,3194300000.0,1009400000.0,1452200000.0,17719625000.0,19030825000.0,1.6079770311166293,1.3850621505726537,0.12748746771988456,0.32400347456809186,0.1441309031317666,1.6079770311166293,0.16731010520220055,11.595854328905176,12.777347130083646,8.55111717015732,0.0,0.7901723796314643,0.0,0.2901602612790521,0.7567714270205721,0.06583244721251709,130.8687223042836,0.47804463058700347,0.9956234700689858,11.369232470751511,1.5473009753373888,1.2062342068830954,0.47814649939295834,0.9994232987312572,1.0593445527015057,2.570798182702156,1.112505221442725,0.6188555767744542,Agricultural Inputs,Basic Materials,ICL
2007Q4,2007,Q4,2007-12-31,2007-12-31,173400000.0,1213400000.0,225800000.0,0.13481,494200000.0,0.40728531399373663,4689900000.0,1800500000.0,2198800000.0,1540800000.0,2889400000.0,970600000.0,1180500000.0,17686625000.0,19005725000.0,1.3997512244421986,1.4270508826583592,0.16089895306936183,0.41910580394334906,0.07564806188373534,1.3997512244421986,0.09630658150513746,14.576087852315807,25.499747693194923,9.823174118300471,0.624567474048443,0.7409849577580878,0.0061232711158855915,0.25872619885285403,0.7168354101765316,0.036973069788268406,288.05578175895766,0.40728531399373663,0.08700209643605876,9.642520161867782,1.3509677713105497,0.9205367817638215,0.22024691358024692,0.08307307932542161,0.10415647921760392,1.0336147328048249,0.5593624376505476,0.4675386669173092,Agricultural Inputs,Basic Materials,ICL
2007Q3,2007,Q3,2007-09-30,2007-09-30,160100000.0,1043700000.0,204500000.0,0.12402,405000000.0,0.388042540960046,4487100000.0,1666100000.0,2044400000.0,1480500000.0,2821000000.0,858900000.0,1046100000.0,11618100000.0,12971100000.0,1.290649934154466,1.3808848362039852,0.15889995765639278,0.4279455014705,0.07705143250097224,1.290649934154466,0.09609267150831283,11.131647025007187,18.141942535915053,6.973230898505491,0.5327920049968771,0.7436255675864478,0.0073419922362520556,0.23260012034498898,0.7249577845322526,0.035680060618216665,100.06976744186045,0.388042540960046,0.23452120246864436,4.167583339788778,0.8267874834164602,0.7563845781190283,0.13096900307176768,0.24012393493415957,0.14373601789709173,1.5775705016018275,0.5318553075541179,0.5646161164964569,Agricultural Inputs,Basic Materials,ICL
2007Q2,2007,Q2,2007-06-30,2007-06-30,129100000.0,963100000.0,178800000.0,0.10046,358100000.0,0.371820164053577,3953700000.0,1571600000.0,1853900000.0,1294000000.0,2382100000.0,774000000.0,951700000.0,10537820000.0,11642420000.0,1.2229398490389853,1.4326893353941268,0.13959076308268203,0.3511707813693052,0.06256190638540107,1.2229398490389853,0.08214558411809621,10.941563700550306,20.40631293570875,6.705153983201832,2.7226955848179704,0.7816537467700259,0.03335604517822472,0.24359460758277057,0.75741885625966,0.03265295798871943,73.2301598332175,0.371820164053577,0.420330835571893,3.3066074246466637,0.7361381764201012,0.7334625830752389,0.1908879281676089,0.42024202420242024,0.3383233532934132,0.7325829579404947,0.4359257688195877,0.5215495694551382,Agricultural Inputs,Basic Materials,ICL
2007Q1,2007,Q1,2007-03-31,2007-03-31,90900000.0,882900000.0,133600000.0,0.07073,300700000.0,0.3405821723864537,4028400000.0,1509700000.0,1899800000.0,1458200000.0,2518700000.0,800800000.0,889700000.0,8545915000.0,9384415000.0,1.174772391253599,1.3028391167192428,0.12138814417634793,0.32390541167119297,0.05038880042044364,1.174772391253599,0.06021063787507452,9.679369124476159,23.50361661166117,5.6606709942372655,0.0,0.727022977022977,0.0,0.21916890080428955,0.6865999177067618,0.02256478999106345,276.5668284789644,0.3405821723864537,0.0076934036187490925,3.2229131364421373,0.8543272519002443,0.7240147603085714,-0.07334360554699537,0.007760532150776054,-0.0954637779282329,1.8102996646729497,0.4241049089899979,0.5717112277895575,Agricultural Inputs,Basic Materials,ICL
