Quarters,Year,Quarter,FillingDate,Date,NetIncome,Revenue,OperatingIncome,EPSDiluted,GrossProfit,GrossProfitRatio,TotalAssets,CommonStockEquity,CurrentAssets,CurrentLiability,TotalLiability,Inventory,RetainedEarnings,MarketCap,EnterpriseValue,bookValuePerShare,currentRatio,debtToAssets,debtToEquity,roic,shareholdersEquityPerShare,roe,priceToSalesRatio,peRatio,pbRatio,payoutRatio,inventoryTurnover,dividendYield,assetTurnover,quickRatio,returnOnAssets,priceToFreeCashFlowsRatio,grossProfitMargin,epsdilutedGrowth,fiveYNetIncomeGrowthPerShare,fiveYRevenueGrowthPerShare,fiveYShareholdersEquityGrowthPerShare,grossProfitGrowth,netIncomeGrowth,operatingIncomeGrowth,threeYNetIncomeGrowthPerShare,threeYRevenueGrowthPerShare,threeYShareholdersEquityGrowthPerShare,Industry,Sector,Symbol
2023Q1,2023,Q1,2023-04-13,2023-03-31,-363000000.0,12759000000.0,-379000000.0,-0.57,858000000.0,0.0672466494,73134000000.0,6260000000.0,13401000000.0,28417000000.0,66874000000.0,1379000000.0,807000000.0,22313880000.0,48658880000.0,9.796557120500783,0.4715839110391667,0.4041895698307217,4.722044728434505,-0.006261746720430808,9.796557120500783,-0.05798722044728435,1.7488737361862214,-15.367685950413223,3.564517571884984,0.0,8.630166787527193,0.0,0.1744605792107638,0.34609564697188305,-0.004963491672819755,18.067919028340082,0.06724664942393604,-1.441860465116279,-1.7311240998703983,0.41019902184643436,-0.4507624263094249,-0.6725190839694657,-1.4384057971014492,-1.2578231292517006,0.32235234126356144,0.48033818990916316,-0.5638823897016564,Airlines,Industrials,DAL
2022Q4,2022,Q4,2023-02-10,2022-12-31,828000000.0,13435000000.0,1470000000.0,1.29,2620000000.0,0.1950130257,72275000000.0,6456000000.0,13011000000.0,25941000000.0,65819000000.0,1424000000.0,1170000000.0,20964680000.0,48308680000.0,10.119122257053291,0.5015612351104429,0.42352127291594605,4.741325898389095,0.0243414863593603,10.119122257053291,0.12825278810408922,1.5604525493114998,6.329915458937197,3.2473172242874844,0.0,7.594803370786517,0.0,0.18588723625043238,0.3743109363555761,0.011456243514354895,-20.736577645895153,0.19501302567919612,0.1944444444444444,0.6045551181905868,0.45360376846645906,-0.48553394612207,-0.03853211009174312,0.19136690647482013,0.009615384615384616,-0.24117374993576235,0.18185435570606096,-0.5769972334269948,Airlines,Industrials,DAL
2022Q3,2022,Q3,2022-10-13,2022-09-30,695000000.0,13975000000.0,1456000000.0,1.08,2725000000.0,0.1949910555,72596000000.0,4590000000.0,14799000000.0,25870000000.0,68006000000.0,1473000000.0,342000000.0,17902280000.0,41715280000.0,7.19435736677116,0.5720525705450329,0.4247616948592209,6.718082788671024,0.02444611522210351,7.19435736677116,0.1514161220043573,1.281021824686941,6.439669064748202,3.9002788671023962,0.0,7.637474541751527,0.0,0.1925037192131798,0.4431774255894859,0.009573530222050802,-31.24307155322862,0.19499105545617174,-0.06086956521739117,-0.3378873921582194,0.4180418010623161,-0.6320862885073815,0.07495069033530571,-0.05442176870748299,-0.041474654377880185,-0.5292878036506222,0.12661107561447993,-0.6915612650030416,Airlines,Industrials,DAL
2022Q2,2022,Q2,2022-07-13,2022-06-30,735000000.0,13824000000.0,1519000000.0,1.15,2535000000.0,0.1833767361,74805000000.0,3811000000.0,17313000000.0,26324000000.0,70994000000.0,1734000000.0,-353000000.0,18482860000.0,41832860000.0,5.9733542319749215,0.6576888010940587,0.43541207138560256,8.546575701915508,0.024500127957657537,5.9733542319749215,0.19286276567829966,1.3370124421296297,6.286687074829931,4.849871424822881,0.0,6.510380622837371,0.0,0.18480048125125326,0.5266296915362407,0.009825546420693804,11.720266328471782,0.1833767361111111,1.777027027027027,-0.3148011555719466,0.4617824153356638,-0.6773794880274692,38.279411764705884,1.7819148936170213,2.9399744572158366,-0.48106413623655003,0.1234853652827819,-0.7218311899424202,Airlines,Industrials,DAL
2022Q1,2022,Q1,2022-04-13,2022-03-31,-940000000.0,9348000000.0,-783000000.0,-1.48,-68000000.0,-0.0072742833,73748000000.0,2991000000.0,15720000000.0,24060000000.0,70757000000.0,1292000000.0,-1088000000.0,25206090000.0,51001090000.0,4.695447409733124,0.6533665835411472,0.4542496067689971,11.200267469073887,-0.013803618850429852,4.695447409733124,-0.3142761618187897,2.696415275994865,-6.703747340425532,8.427311935807424,0.0,7.287925696594427,0.0,0.12675597982318165,0.5400665004156276,-0.012746108369040516,5041.218,-0.007274283269148481,-1.3125,-2.781568348732528,0.1678430882628522,-0.7359377586492303,-1.063730084348641,-1.303921568627451,-3.688622754491018,-2.3442721661899744,-0.06809576977644195,-0.7581540912808824,Airlines,Industrials,DAL
2021Q4,2021,Q4,2022-02-11,2021-12-31,-408000000.0,9470000000.0,-167000000.0,-0.64,1067000000.0,0.1126715945,72459000000.0,3887000000.0,15940000000.0,20966000000.0,68572000000.0,1098000000.0,-148000000.0,24893960000.0,51639960000.0,6.1020408163265305,0.7602785462176858,0.478601691991333,8.921790583997941,-0.0037236093368946694,6.1020408163265305,-0.10496526884486751,2.628718057022175,-15.253651960784314,6.404414715719064,0.0,7.6530054644808745,0.0,0.13069459970466057,0.6545359152914242,-0.005630770504699209,-37.60416918429003,0.11267159450897571,-1.3386243386243386,-1.7537744754097533,0.15059456448454414,-0.6364699375314543,-0.012950971322849213,-1.3366336633663367,-1.075736961451247,-1.4144068518134034,-0.05890316827359679,-0.696837308752682,Airlines,Industrials,DAL
2021Q3,2021,Q3,2021-10-13,2021-09-30,1212000000.0,9154000000.0,2205000000.0,1.89,1081000000.0,0.1180904523,72783000000.0,2606000000.0,17471000000.0,20924000000.0,70177000000.0,1012000000.0,259000000.0,27142570000.0,52554570000.0,4.0910518053375196,0.8349741923150449,0.46984872841185443,13.122409823484267,0.04039798956641493,4.0910518053375196,0.46508058326937834,2.965104872187022,5.598714933993399,10.415414428242517,0.0,7.9772727272727275,0.0,0.1257711278732671,0.7352800611737718,0.016652240220930713,-39.974329896907214,0.11809045226130653,0.8529411764705881,0.11832794460730463,0.014419548372478937,-0.7580033304596512,9.4453125,0.8588957055214724,4.378048780487805,-0.005159474671669745,-0.17525693581913782,-0.7952085859266245,Airlines,Industrials,DAL
2021Q2,2021,Q2,2021-07-14,2021-06-30,652000000.0,7126000000.0,410000000.0,1.02,-128000000.0,-0.0179623912,75309000000.0,1281000000.0,19666000000.0,23573000000.0,74028000000.0,1005000000.0,-953000000.0,27556620000.0,52521620000.0,2.010989010989011,0.8342595342128707,0.46902760626219975,27.57377049180328,0.008034812149145735,2.010989010989011,0.5089773614363778,3.8670530451866405,10.566188650306747,21.511803278688525,0.0,7.217910447761194,0.0,0.0946234845768766,0.7418656938022313,0.008657663758647705,24.938117647058824,-0.01796239124333427,1.5513513513513513,-0.49815698993300167,-0.18832158556481338,-0.8709289017502396,0.941712204007286,1.5539507221750213,1.2932761087267526,-0.30598460772676794,-0.33971675882503916,-0.8912852082578281,Airlines,Industrials,DAL
2021Q1,2021,Q1,2021-04-15,2021-03-31,-1177000000.0,4150000000.0,-1398000000.0,-1.85,-2196000000.0,-0.5291566265,73083000000.0,482000000.0,17853000000.0,20688000000.0,72601000000.0,828000000.0,-1605000000.0,30706080000.0,57511080000.0,0.7578616352201258,0.8629640371229699,0.48253355773572515,73.16390041493776,-0.025879312102006998,0.7578616352201258,-2.4419087136929463,7.399055421686747,-6.522107051826678,63.7055601659751,0.0,7.664251207729468,0.0,0.056784751583815664,0.7672080433101315,-0.01610497653353037,121.36790513833992,-0.5291566265060241,-0.5546218487394959,-2.5141509433962264,-0.45406207997911496,-0.9478683873391062,-0.47878787878787876,-0.5589403973509933,-0.6293706293706294,-3.381796649534913,-0.5391542243354835,-0.9575109826236387,Airlines,Industrials,DAL
2020Q4,2020,Q4,2021-02-12,2020-12-31,-755000000.0,3973000000.0,-858000000.0,-1.19,-1485000000.0,-0.3737729675,71996000000.0,1534000000.0,17404000000.0,15927000000.0,70462000000.0,732000000.0,-428000000.0,25533350000.0,52774350000.0,2.415748031496063,1.0927356062033027,0.4937496527584866,23.17340286831812,-0.013448531604454105,2.415748031496063,-0.4921773142112125,6.4267178454568334,-8.454751655629138,16.644947848761408,0.0,7.456284153005464,0.0,0.05518362131229513,0.9726878884912413,-0.010486693705205845,-13.92221919302072,-0.3737729675308331,0.859504132231405,-1.9439016551502493,-0.48771762927655515,-0.8267786204143837,0.266304347826087,0.8596393381669455,0.8656435953648607,-2.470002957284841,-0.5681092646588503,-0.8771810118154391,Airlines,Industrials,DAL
2020Q3,2020,Q3,2020-10-14,2020-09-30,-5379000000.0,3062000000.0,-6386000000.0,-8.47,-2024000000.0,-0.6610058785,79076000000.0,3357000000.0,25030000000.0,19725000000.0,75719000000.0,746000000.0,327000000.0,19418300000.0,44381300000.0,5.2866141732283465,1.2689480354879594,0.52405280995498,12.344355078939529,-0.09749569811364582,5.2866141732283465,-1.6023235031277927,6.341704768125409,-0.9025051124744375,5.7844206136431335,0.0,6.81769436997319,0.0,0.03872224189387425,1.1674524714828898,-0.06802316758561384,-7.1707163958641065,-0.6610058785107773,0.05888888888888882,-6.076077961737672,-0.6578938301659804,-0.5973076879164875,0.4047058823529412,0.059121917089382546,-0.3262720664589823,-6.148675855246448,-0.6878312995685666,-0.7296467575150706,Airlines,Industrials,DAL
2020Q2,2020,Q2,2020-07-15,2020-06-30,-5717000000.0,1468000000.0,-4815000000.0,-9.0,-3400000000.0,-2.3160762943,72261000000.0,8690000000.0,18915000000.0,20150000000.0,63571000000.0,847000000.0,5706000000.0,17811750000.0,37190750000.0,13.68503937007874,0.9387096774193548,0.4254715545038126,3.537974683544304,-0.0861836274246335,13.68503937007874,-0.6578826237054085,12.1333446866485,-0.7788940878082911,2.0496835443037975,0.0,5.747343565525384,0.0,0.020315246121697734,0.8458064516129032,-0.0791159823417888,-31.193957968476358,-2.316076294277929,-9.714285714285715,-5.868369787109945,-0.8266195711246377,0.14912544328905464,-8.407407407407407,-9.705992509363297,-10.74390243902439,-6.354814471720446,-0.8440368431844268,-0.26087182569795064,Airlines,Industrials,DAL
2020Q1,2020,Q1,2020-04-22,2020-03-31,-534000000.0,8592000000.0,-410000000.0,-0.84,459000000.0,0.0534217877,68738000000.0,14309000000.0,10275000000.0,19392000000.0,54429000000.0,974000000.0,11423000000.0,18173610000.0,35177610000.0,22.463108320251177,0.5298576732673267,0.33418196630684627,1.605353274163114,-0.008339312113020343,22.463108320251177,-0.037319169753302114,2.115178072625698,-8.508244382022472,1.270082465581103,-0.4868913857677903,8.350102669404517,0.014306458650757884,0.12499636300154209,0.42527846534653463,-0.007768628706101429,-31.387927461139896,0.05342178770949721,-1.4912280701754386,-1.9192133029743141,0.1752629864505206,1.031264935437261,-0.8317448680351907,-1.4863387978142077,-1.5750350631136045,-2.0120824449182657,0.07339621462927101,0.2632787066159025,Airlines,Industrials,DAL
2019Q4,2019,Q4,2020-02-13,2019-12-31,1098000000.0,11439000000.0,713000000.0,1.71,2728000000.0,0.2384823848,64532000000.0,15358000000.0,8249000000.0,20204000000.0,49174000000.0,1251000000.0,12454000000.0,37544160000.0,51917160000.0,23.922118380062305,0.40828548802217385,0.26738672286617493,1.1235186873290792,0.014467182705241976,23.922118380062305,0.07149368407344707,3.282119066351954,8.548306010928961,2.4445995572340147,0.23588342440801457,6.9632294164668265,0.006898542942497581,0.17726089382012025,0.28390417739061574,0.017014814355668505,-364.50640776699026,0.23848238482384823,-0.25974025974025977,2.981715320802268,0.5237534500580782,1.2393904077557474,-0.24285317790729946,-0.2655518394648829,-0.6557218734910671,1.012741533191093,0.3790017055234849,0.42516404770941707,Airlines,Industrials,DAL
2019Q3,2019,Q3,2019-10-10,2019-09-30,1495000000.0,12560000000.0,2071000000.0,2.31,3603000000.0,0.2868630573,63219000000.0,15068000000.0,6944000000.0,20211000000.0,48151000000.0,1072000000.0,11772000000.0,37209600000.0,51714600000.0,23.325077399380806,0.3435752807876899,0.25947895411189675,1.0886647199362889,0.04211704183154083,23.325077399380806,0.09921688346164056,2.962547770700637,6.222341137123745,2.469445181842315,0.17391304347826086,8.355410447761194,0.006987444100447196,0.1986744491371265,0.23427836326752757,0.023647953937898418,28.600768639508072,0.28686305732484074,0.04524886877828058,4.406379269974244,0.4506380567312951,0.582068522371795,0.0016680567139282735,0.036036036036036036,-0.026785714285714284,0.36023725154122516,0.37247124859975267,0.3797407894118141,Airlines,Industrials,DAL
2019Q2,2019,Q2,2019-07-11,2019-06-30,1443000000.0,12536000000.0,2128000000.0,2.21,3597000000.0,0.2869336311,62518000000.0,13958000000.0,7134000000.0,21164000000.0,48560000000.0,1083000000.0,10686000000.0,37563500000.0,51925500000.0,21.473846153846154,0.3370818370818371,0.2618605841517643,1.1728757701676458,0.043864653970155994,21.473846153846154,0.10338157329130247,2.9964502233567325,6.507882882882882,2.6911806849118785,0.158004158004158,8.253924284395199,0.0060697219375191345,0.2005182507437858,0.2293044793044793,0.023081352570459707,21.941296728971963,0.28693363114231013,1.0275229357798163,1.3308614232209737,0.5271307207057135,0.47992334797874425,0.7161259541984732,0.9767123287671233,1.0862745098039215,0.08846054333764575,0.3993399650985559,0.37825363121214095,Airlines,Industrials,DAL
2019Q1,2019,Q1,2019-04-10,2019-03-31,730000000.0,10472000000.0,1020000000.0,1.09,2096000000.0,0.2001527884,61841000000.0,12911000000.0,7196000000.0,21323000000.0,48930000000.0,1071000000.0,9656000000.0,34699700000.0,50300700000.0,19.415037593984962,0.33747596492050835,0.2831616565062014,1.3562853380838045,0.021176915467077548,19.415037593984962,0.056540934087212454,3.3135695187165775,11.883458904109588,2.687607466501433,0.31917808219178084,7.820728291316526,0.006714755458980913,0.16933749454245564,0.23749003423533274,0.011804466292589058,58.71353637901861,0.2001527883880825,-0.2684563758389261,3.3497476084577635,0.4906660999740266,0.40763609048391963,-0.09342560553633218,-0.3054234062797336,0.5246636771300448,-0.1018455228981545,0.3175292571500093,0.3355171611930644,Airlines,Industrials,DAL
2018Q4,2018,Q4,2019-02-15,2018-12-31,1051000000.0,10742000000.0,669000000.0,1.49,2312000000.0,0.2152299386,60266000000.0,13687000000.0,6340000000.0,18578000000.0,46579000000.0,1055000000.0,10039000000.0,33932000000.0,48894000000.0,20.12794117647059,0.3412638604801378,0.2742342282547373,1.2074961642434427,0.013712066858317086,20.12794117647059,0.07678819317600644,3.15881586296779,8.071360608943863,2.4791407905311607,0.2274024738344434,7.990521327014218,0.007043498762230343,0.17824312215843097,0.21972225212617075,0.01743935220522351,-287.5593220338983,0.21522993855892758,-0.21989528795811517,-0.8457875165634128,0.47248917636688875,0.46253012413416805,-0.23620746613809052,-0.1989329268292683,-0.5925700365408039,0.22700780312124855,0.2934236755110379,0.44327541339116294,Airlines,Industrials,DAL
2018Q3,2018,Q3,2018-10-11,2018-09-30,1312000000.0,11953000000.0,1642000000.0,1.91,3027000000.0,0.253241864,55003000000.0,13704000000.0,6726000000.0,18158000000.0,41299000000.0,1170000000.0,9696000000.0,38827600000.0,46738600000.0,19.97667638483965,0.3704152439696002,0.16891805901496282,0.6779772329246935,0.0559652077499576,19.97667638483965,0.09573847051955633,3.248356061239856,7.3985518292682935,2.8333041447752483,0.18292682926829268,7.6290598290598295,0.006181170095499077,0.21731541915895497,0.24094063222821896,0.023853244368488992,72.84727954971858,0.2532418639672049,0.2993197278911564,0.18887400520053574,0.41353600680364766,123.08869783575578,-0.00033025099075297226,0.28,-0.02261904761904762,0.1460674655522176,0.23618152710672055,0.5216646680767175,Airlines,Industrials,DAL
2018Q2,2018,Q2,2018-07-12,2018-06-30,1025000000.0,11775000000.0,1680000000.0,1.47,3028000000.0,0.2571549894,55796000000.0,12856000000.0,7641000000.0,19269000000.0,42940000000.0,1589000000.0,8851000000.0,34430300000.0,42448300000.0,18.497841726618706,0.3965436711816908,0.17750376371066026,0.7703795892968264,0.05514508087945196,18.497841726618706,0.07972930927193528,2.9240169851380045,8.397634146341463,2.678150280024891,0.20780487804878048,5.504719949653871,0.006186411387644023,0.21103663345042656,0.2508173750583839,0.01837049250842354,28.083442088091353,0.25715498938428877,0.9090909090909091,0.8300687916819828,0.4835767113104613,14.279700563873229,0.6279569892473118,0.8738574040219378,7.75,-0.20250466293631766,0.2706438939630028,0.5532538854412655,Airlines,Industrials,DAL
2018Q1,2018,Q1,2018-04-12,2018-03-31,547000000.0,9968000000.0,192000000.0,0.77,1860000000.0,0.1865971108,54078000000.0,12557000000.0,7724000000.0,20012000000.0,41521000000.0,1146000000.0,8465000000.0,38586240000.0,45788240000.0,17.836647727272727,0.3859684189486308,0.15993564850771108,0.6887791669984868,0.0068977167076012804,17.836647727272727,0.043561360197499406,3.871011235955056,17.635393053016454,3.0728868360277137,0.396709323583181,7.075043630017452,0.005623766399628468,0.18432634342986057,0.22676394163501898,0.010115019046562373,494.6953846153846,0.18659711075441412,0.8333333333333335,93.12662337662337,0.4125775401069519,8.78459972862958,-0.2720156555772994,-0.043706293706293704,-0.8391959798994975,-0.14802050329027547,0.23371712437541145,0.6129093346129881,Airlines,Industrials,DAL
2017Q4,2017,Q4,2018-02-23,2017-12-31,572000000.0,10245000000.0,1194000000.0,0.42,2555000000.0,0.2493899463,53292000000.0,13910000000.0,7844000000.0,18573000000.0,39382000000.0,1329000000.0,9636000000.0,39603086824.0,46623086824.0,19.669173856618162,0.4223334948581274,0.1657659686256849,0.6350826743350108,0.02754907434000135,19.669173856618162,0.041121495327102804,3.8656014469497317,17.309041444055943,2.847094667433501,0.3758741258741259,5.786305492851768,0.005428869748347676,0.1922427381220446,0.270069455661444,0.010733318321699317,52.24681639050132,0.24938994631527575,-0.7439024390243902,113.0444435574384,0.4247605341162604,8.808597410933348,-0.20848822800495662,-0.5144312393887945,-0.35073409461663946,1.9371928633246343,0.23888964175785363,0.8412649984919988,Airlines,Industrials,DAL
2017Q3,2017,Q3,2017-10-11,2017-09-30,1178000000.0,11060000000.0,1839000000.0,1.64,3228000000.0,0.2918625678,51928000000.0,14001000000.0,7083000000.0,16496000000.0,37927000000.0,1136000000.0,9502000000.0,34525520000.0,41855520000.0,19.554469273743017,0.4293768186226964,0.169619473116623,0.6290979215770303,0.052619118492008,19.554469273743017,0.08413684736804514,3.1216564195298373,7.327147707979626,2.4659324333976143,0.18590831918505943,6.894366197183099,0.006343134006381367,0.2129872130642428,0.29322259941804074,0.02268525650901248,49.041931818181816,0.2918625678119349,-0.023809523809523832,0.3294008419906837,0.3169505752956986,345.6475209497207,-0.03842716711349419,-0.03758169934640523,-0.09319526627218935,2.8435284728416503,0.15250826893608865,0.32631972790351943,Airlines,Industrials,DAL
2017Q2,2017,Q2,2017-07-13,2017-06-30,1224000000.0,10791000000.0,2028000000.0,1.68,3357000000.0,0.3110925771,51815000000.0,13479000000.0,7177000000.0,16631000000.0,38336000000.0,938000000.0,8905000000.0,39122720000.0,45895720000.0,18.51510989010989,0.43154350309662676,0.1739650680304931,0.6687439721047556,0.05835935137750006,18.51510989010989,0.09080792343645672,3.625495320174219,7.990751633986928,2.9024942503153053,0.12091503267973856,7.925373134328358,0.0037829680553908315,0.2082601563253884,0.3097829354819313,0.023622503136157484,27.9847782546495,0.311092577147623,1.048780487804878,9.456632653061225,0.2870188920204333,14.78437696664569,0.6178313253012048,1.0298507462686568,3.3240938166311302,0.7652796641560686,0.17371025782427718,0.27601470274378587,Airlines,Industrials,DAL
2017Q1,2017,Q1,2017-04-12,2017-03-31,603000000.0,9148000000.0,469000000.0,0.82,2075000000.0,0.2268255356,51459000000.0,12945000000.0,6880000000.0,15953000000.0,38514000000.0,855000000.0,8226000000.0,33458880000.0,40778880000.0,17.781593406593405,0.431266846361186,0.17930779844147768,0.7127848590189262,0.013940045486405836,17.781593406593405,0.046581691772885285,3.6575076519457803,13.8718407960199,2.584695249130939,0.2470978441127695,8.27251461988304,0.004453227364454518,0.17777259565867973,0.3107252554378487,0.011718066810470471,-20.872663755458515,0.22682553563620464,-0.023809523809523832,4.631081619992911,0.2591325826200426,15.826788567515568,-0.017983909133932798,-0.03054662379421222,-0.18150087260034903,2.2820770778517256,0.18950744186275817,0.2892075281474817,Airlines,Industrials,DAL
2016Q4,2016,Q4,2017-02-13,2016-12-31,622000000.0,9458000000.0,573000000.0,0.84,2113000000.0,0.2234087545,51261000000.0,12287000000.0,7451000000.0,15239000000.0,38974000000.0,891000000.0,7903000000.0,36007080000.0,40577080000.0,16.78551912568306,0.4889428440186364,0.14303271492947855,0.5967282493692521,0.019082320730932672,16.78551912568306,0.05062260926182144,3.807050116303658,14.472299035369772,2.9305021567510376,0.2395498392282958,8.24354657687991,0.004138075067458956,0.1845067400167769,0.34864492420762516,0.012133980999200171,108.78271903323262,0.22340875449355044,-0.5029585798816568,0.6794599807135971,0.2922303396774403,11.100169101413874,-0.35736009732360097,-0.505957108816521,-0.6232741617357002,-0.9152177317538606,0.20438157923256445,0.21966410549925863,Airlines,Industrials,DAL
2016Q3,2016,Q3,2016-10-13,2016-09-30,1259000000.0,10483000000.0,1521000000.0,1.69,3288000000.0,0.3136506725,50948000000.0,12510000000.0,7329000000.0,15147000000.0,38438000000.0,775000000.0,11109000000.0,29126400000.0,35053400000.0,16.905405405405407,0.4838581897405427,0.14848472952814634,0.6047162270183853,0.05020486334141706,16.905405405405407,0.10063948840927259,2.7784412858914433,5.783637807783955,2.328249400479616,0.11914217633042097,9.283870967741935,0.005149967040210943,0.20575881290727802,0.33986928104575165,0.02471147051896051,24.80954003407155,0.31365067251740913,-0.16748768472906397,1.5969625363067987,0.20938153924095246,10.593068518600434,-0.10384300899427637,-0.18564036222509703,-0.37226578621543543,0.057596785975164363,0.1492326024785511,104.0109489051095,Airlines,Industrials,DAL
2016Q2,2016,Q2,2016-07-15,2016-06-30,1546000000.0,10447000000.0,2423000000.0,2.03,3669000000.0,0.3512013018,51634000000.0,11810000000.0,7638000000.0,16250000000.0,39824000000.0,795000000.0,10000000000.0,27613940000.0,33755940000.0,15.580474934036939,0.47003076923076925,0.15114072123019714,0.6607959356477562,0.08126974002503638,15.580474934036939,0.1309060118543607,2.6432411218531637,4.465384864165589,2.3381828958509736,0.0666235446313066,8.525786163522012,0.003730000137611656,0.2023279234612852,0.31095384615384614,0.029941511407212303,12.731184877823882,0.3512013018091318,0.677685950413223,7.6321526611764074,0.2618360922078981,15.632405088819052,0.36242109171927217,0.6342494714587738,0.5733766233766234,1.5308630086859385,0.2068583099593825,12.185307173928548,Airlines,Industrials,DAL
2016Q1,2016,Q1,2016-04-14,2016-03-31,946000000.0,9251000000.0,1540000000.0,1.21,2693000000.0,0.2911036645,53342000000.0,11252000000.0,9306000000.0,18108000000.0,42090000000.0,693000000.0,8462000000.0,37678320000.0,44421320000.0,14.537467700258398,0.5139165009940357,0.15843050504293052,0.751066477070743,0.051562070526962774,14.537467700258398,0.08407394241023818,4.072891579288726,9.957272727272727,3.34858869534305,0.113107822410148,9.463203463203463,0.002839829376681338,0.17342806793895993,0.30632869449966865,0.01773461812455476,269.13085714285717,0.29110366446870606,-0.03200000000000003,4.216981132075472,0.29133708172105627,15.052586365588759,-0.06881051175656985,-0.03469387755102041,0.30067567567567566,147.06349206349208,0.1924073567411462,7.34471055574839,Airlines,Industrials,DAL
2015Q4,2015,Q4,2016-02-05,2015-12-31,980000000.0,9502000000.0,1184000000.0,1.25,2892000000.0,0.3043569775,53134000000.0,10850000000.0,9056000000.0,17526000000.0,42284000000.0,697000000.0,7623000000.0,39436820000.0,45793820000.0,13.946015424164525,0.5167180189432843,0.15675462039372154,0.7676497695852534,0.039464777995148324,13.946015424164525,0.09032258064516129,4.150370448326668,10.060413265306122,3.6347299539170503,0.10714285714285714,9.483500717360116,0.002662486478372242,0.17883088041555312,0.318155882688577,0.018443934204087777,65.61866888519135,0.3043569774784256,-0.24242424242424238,54.49046137193884,0.31243916920606185,12.013171583083286,-0.23974763406940064,-0.25475285171102663,-0.464979665612291,176.60925449871468,0.20117519151700833,6.5365223129250065,Airlines,Industrials,DAL
2015Q3,2015,Q3,2015-10-14,2015-09-30,1315000000.0,11107000000.0,2213000000.0,1.65,3804000000.0,0.3424867201,53646000000.0,10345000000.0,11973000000.0,17608000000.0,43301000000.0,695000000.0,6748000000.0,35357560000.0,41789560000.0,13.128172588832488,0.6799750113584734,0.16405696603661038,0.8507491541807637,0.07335662821795695,13.128172588832488,0.12711454809086514,3.1833582425497435,6.7219695817490495,3.4178405026582888,0.08136882129277566,10.507913669064749,0.0030262269228985257,0.20704246355739478,0.35018173557473875,0.024512545203743057,23.493395348837208,0.342486720086432,-0.098360655737705,2.838657689026863,0.31502495533562097,14.331502254091088,-0.019334880123743233,-0.11447811447811448,-0.10549717057396928,0.34841388739400464,0.20170516019031812,232.38404187817258,Airlines,Industrials,DAL
2015Q2,2015,Q2,2015-07-15,2015-06-30,1485000000.0,10707000000.0,2474000000.0,1.83,3879000000.0,0.3622863547,52781000000.0,9563000000.0,11441000000.0,17082000000.0,43218000000.0,881000000.0,5540000000.0,32987240000.0,39951240000.0,11.909090909090908,0.6697693478515396,0.17538508175290352,0.9680016731151312,0.08250718871580474,11.909090909090908,0.1552859981177455,3.080904081442047,5.553407407407407,3.4494656488549618,0.048484848484848485,7.750283768444949,0.0021826621445140606,0.2028570887251094,0.34463177613862545,0.028135124381879845,18.065301204819278,0.3622863547212104,1.0333333333333334,2.302631192983486,0.3614527671086511,48.91046139789858,0.6015689512799339,0.9906166219839142,0.7696709585121603,10.301614481409002,0.1577288773756858,9.866239487384862,Airlines,Industrials,DAL
2015Q1,2015,Q1,2015-04-15,2015-03-31,746000000.0,9388000000.0,1398000000.0,0.9,2422000000.0,0.257988922,53752000000.0,9046000000.0,12266000000.0,17319000000.0,44706000000.0,801000000.0,4127000000.0,36777280000.0,44221280000.0,11.058679706601467,0.7082395057451354,0.17796547105223992,1.0574839708158301,0.04724635033917084,11.058679706601467,0.08246738890117179,3.9174776310183215,12.324825737265416,4.065584788856953,0.10053619302949061,8.696629213483146,0.0020393025259072993,0.17465396636404226,0.346959986142387,0.01387855335615419,35.025980952380955,0.257988922028121,2.046511627906977,3.9639364303178484,0.3943742430820558,126.78918772072807,4.950859950859951,2.047752808988764,2.6884057971014492,5.199996056471331,0.14999635271644168,10.22103560105345,Airlines,Industrials,DAL
2014Q4,2014,Q4,2015-02-11,2014-12-31,-712000000.0,9647000000.0,-828000000.0,-0.86,407000000.0,0.0421892816,54121000000.0,8813000000.0,12465000000.0,16879000000.0,45308000000.0,852000000.0,3456000000.0,40581750000.0,48270750000.0,10.682424242424242,0.7384916168019432,0.18065076402875038,1.1093838647452627,-0.0278180119475666,10.682424242424242,-0.08078974242596165,4.206670467502851,-14.249209971910112,4.604760013616249,-0.10533707865168539,10.845070422535212,0.0018481213846125416,0.17824873893682674,0.3866935244978968,-0.013155706657304927,-520.2788461538462,0.04218928164196123,-3.047619047619048,-27.721648484848487,0.4296625030614744,35.27664069264069,-0.8535971223021582,-2.9943977591036415,-1.9916167664670659,-2.705754010695187,0.16947255625669727,7.427819744725188,Airlines,Industrials,DAL
2014Q3,2014,Q3,2014-10-24,2014-09-30,357000000.0,11178000000.0,835000000.0,0.42,2780000000.0,0.2487028091,51940000000.0,12296000000.0,10995000000.0,14813000000.0,39644000000.0,942000000.0,4244000000.0,30149100000.0,37778100000.0,14.743405275779377,0.7422534260446905,0.19520600693107432,0.8245770982433311,0.022948275443971124,14.743405275779377,0.029033832140533507,2.697181964573269,21.112815126050418,2.4519437215354585,0.21008403361344538,8.915074309978769,0.00248763644685911,0.21520985752791683,0.4386012286505097,0.006873315363881401,33.461820199778025,0.24870280908928252,-0.5531914893617021,3.201438848920863,0.46522085210099684,12.563932853717027,-0.006077940650697175,-0.5543071161048689,-0.47118429385687144,-0.34660795953401213,0.14421470158836247,9.110453045092568,Airlines,Industrials,DAL
2014Q2,2014,Q2,2014-07-24,2014-06-30,801000000.0,10621000000.0,1579000000.0,0.94,2797000000.0,0.2633462009,52191000000.0,12203000000.0,10517000000.0,15209000000.0,39988000000.0,961000000.0,3962000000.0,32563520000.0,39523520000.0,14.510107015457788,0.6914984548622526,0.19777356249161732,0.8458575760059002,0.04325886833496081,14.510107015457788,0.06563959682045399,3.065956124658695,10.163395755305867,2.6684847988199625,0.062421972534332085,8.141519250780437,0.0015354605398924933,0.20350251959150045,0.4066671050036163,0.015347473702362476,21.17263979193758,0.26334620092270034,2.76,4.064847758597556,0.49202768812638015,11.244753573248563,0.8401315789473685,2.76056338028169,1.5467741935483872,3.03102367311642,0.15624527048628842,14.48977029166067,Airlines,Industrials,DAL
2014Q1,2014,Q1,2014-04-24,2014-03-31,213000000.0,8916000000.0,620000000.0,0.25,1520000000.0,0.1704800359,52167000000.0,11641000000.0,9746000000.0,15010000000.0,40526000000.0,948000000.0,3211000000.0,29244600000.0,37589600000.0,13.792654028436019,0.6493004663557628,0.21170471754174094,0.9487157460699253,0.01737751621000135,13.792654028436019,0.018297397130830683,3.2800134589502017,34.32464788732394,2.5122068550811787,0.23943661971830985,7.801687763713081,0.0017439116965183316,0.17091264592558514,0.379746835443038,0.004083041002932888,86.77922848664689,0.17048003589053387,-0.974721941354904,1.2628840116036149,0.3071899223157231,20.9800159804217,-0.121894858463316,-0.9748791131029603,-0.11554921540656206,1.6642560135920594,0.14135176619354858,14.230146994460354,Airlines,Industrials,DAL
2013Q4,2013,Q4,2014-02-24,2013-12-31,8479000000.0,9076000000.0,701000000.0,9.89,1731000000.0,0.1907227854,52252000000.0,11643000000.0,9651000000.0,14152000000.0,40609000000.0,1063000000.0,3049000000.0,23239620000.0,31737620000.0,13.76241134751773,0.6819530808366309,0.2170634616856771,0.9741475564716997,0.5444080464376081,13.76241134751773,0.7282487331443785,2.5605575143234907,0.685211109800684,1.9960164905952074,0.006014860242953179,6.909689557855127,0.0021945281377234224,0.17369670060476153,0.3824194460146976,0.16227130062007195,129.83027932960894,0.19072278536800352,5.220125786163522,4.305173477967431,0.32176727770364744,12.023587159387832,-0.3826676176890157,5.193571950328707,-0.5515035188739603,440.5156774916013,0.15283692495964027,11.841848715576745,Airlines,Industrials,DAL
2013Q3,2013,Q3,2013-10-23,2013-09-30,1369000000.0,10490000000.0,1563000000.0,1.59,2804000000.0,0.2673021926,45997000000.0,137000000.0,8951000000.0,14134000000.0,45860000000.0,1032000000.0,-5379000000.0,20075090000.0,28957090000.0,0.1609870740305523,0.6332955992641857,0.25871252472987366,86.86131386861314,0.13042123542896075,0.1609870740305523,9.992700729927007,1.9137359389895139,3.6660135135135135,146.53350364963504,0.0,7.4476744186046515,0.0,0.22805835163162816,0.4206877034102165,0.02976281061808379,37.87752830188679,0.267302192564347,0.9875,13.731217391304348,-0.14711223992262787,-0.9733573462175285,0.524741707449701,0.9985401459854014,0.7100656455142232,2.700443166846329,0.15003052603246922,-0.8119941163419424,Airlines,Industrials,DAL
2013Q2,2013,Q2,2013-08-01,2013-06-30,685000000.0,9707000000.0,914000000.0,0.8,1839000000.0,0.1894509117,45772000000.0,-1184000000.0,8895000000.0,14775000000.0,46956000000.0,962000000.0,-6748000000.0,16456000000.0,25712000000.0,-1.3929411764705881,0.6020304568527919,0.26699729092021324,-10.32179054054054,0.08269164070707302,-1.3929411764705881,-0.5785472972972973,1.6952714535901927,6.005839416058394,-13.89864864864865,0.0,8.17879417879418,0.0,0.21207288298523114,0.4065651438240271,0.014965481080136327,18.914942528735633,0.18945091171319667,79.0,1.3054479377958081,-0.17823349699945443,-1.148128681410753,0.7398297067171239,96.85714285714286,3.1171171171171173,0.4391988915480541,0.1660479921645446,-6.837753473248596,Airlines,Industrials,DAL
2013Q1,2013,Q1,2013-04-24,2013-03-31,7000000.0,8500000000.0,222000000.0,0.01,1057000000.0,0.1243529412,45068000000.0,-1943000000.0,8641000000.0,14068000000.0,47011000000.0,995000000.0,-7382000000.0,13780000000.0,23458000000.0,-2.2912735849056602,0.6142308785897072,0.2732315611964143,-6.33762223365929,0.0499469675055443,-2.2912735849056602,-0.003602676273803397,1.6211764705882352,492.14285714285717,-7.092125579001545,0.0,7.480402010050251,0.0,0.18860388745895093,0.3972135342621552,0.00015532084849560664,38.59943977591036,0.12435294117647058,0.0,1.0005110431983937,-0.1679961836594114,-1.2294173197136622,1.1982370592648162,0.16666666666666666,-0.3693181818181818,1.0268278301886793,0.21781872685593373,-27.4769392033543,Airlines,Industrials,DAL
2012Q4,2012,Q4,2013-02-13,2012-12-31,6000000.0,8602000000.0,352000000.0,0.01,-5332000000.0,-0.6198558475,44550000000.0,-2131000000.0,8272000000.0,13270000000.0,46681000000.0,1023000000.0,-7389000000.0,10042020000.0,20335020000.0,-2.5189125295508275,0.6233609645817634,0.2852749719416386,-5.963866729235101,0.018150879183210438,-2.5189125295508275,-0.0028155795401220087,1.1674052545919553,418.41749999999996,-4.712351008916001,0.0,13.620723362658847,0.0,0.1930864197530864,0.3818387339864356,0.00013468013468013467,836.835,-0.6198558474773308,-0.991869918699187,1.0400810536980751,-0.1590213368959904,-1.0985347371393561,-2.1263202365863965,-0.994269340974212,-0.75840768702814,1.2360283687943263,0.24315211141856138,-9.554021324841994,Airlines,Industrials,DAL
2012Q3,2012,Q3,2012-10-26,2012-09-30,1047000000.0,9923000000.0,1457000000.0,1.23,4734000000.0,0.4770734657,44352000000.0,-48000000.0,8163000000.0,13224000000.0,44400000000.0,403000000.0,-7395000000.0,8011620000.000001,18394620000.0,-0.05673758865248227,0.6172867513611615,0.28537608225108224,-263.6875,0.11500317987604364,-0.05673758865248227,-21.8125,0.8073788168900535,1.9129942693409745,-166.90875000000003,0.0,12.875930521091812,0.0,0.22373286435786435,0.3794615849969752,0.023606601731601732,216.5302702702703,0.4770734656857805,7.1499999999999995,0.10803391768214053,-0.5580027726260853,-1.00114644908139,0.3666281755196305,7.232142857142857,3.45565749235474,7.364741641337385,0.28226463433133525,-1.0521985815602837,Airlines,Industrials,DAL
2012Q2,2012,Q2,2012-07-25,2012-06-30,-168000000.0,9732000000.0,327000000.0,-0.2,3464000000.0,0.3559391697,44720000000.0,-1135000000.0,8457000000.0,14693000000.0,45855000000.0,393000000.0,-8442000000.0,9252750000.0,19713750000.0,-1.3431952662721893,0.5755802082624379,0.29069767441860467,-11.45374449339207,0.028232246924239153,-1.3431952662721893,0.14801762114537445,0.9507552404438965,-13.768973214285714,-8.152202643171806,0.0,15.94910941475827,0.0,0.21762075134168157,0.3624855373307017,-0.0037567084078711987,264.3642857142857,0.35593916974928075,-2.3333333333333335,-1.0389073518361036,-0.28280533331693297,-1.0441793809446467,0.044947209653092006,-2.3548387096774195,-0.11621621621621622,0.36022839776207033,0.3606701606086221,-2.1334923318439802,Airlines,Industrials,DAL
2012Q1,2012,Q1,2012-04-25,2012-03-31,124000000.0,8413000000.0,370000000.0,0.15,3315000000.0,0.3940330441,44189000000.0,-1011000000.0,8299000000.0,13646000000.0,45200000000.0,364000000.0,-8274000000.0,8358344999.999999,18823345000.0,-1.199288256227758,0.6081635644144804,0.302699766910317,-13.230464886251236,0.029216323697507887,-1.199288256227758,-0.12265084075173097,0.9935035064780695,16.851502016129032,-8.267403560830859,0.0,14.005494505494505,0.0,0.19038674783317114,0.41601934632859444,0.00280612822195569,19.713077830188677,0.3940330440984191,-0.7,1.222869262049457,-0.5256455442558408,0.9827271538136267,-0.11647121535181236,-0.7082352941176471,-0.5454545454545454,1.1532220001135443,0.2349073973505184,-2.9111894623523202,Airlines,Industrials,DAL
2011Q4,2011,Q4,2012-02-10,2011-12-31,425000000.0,8399000000.0,814000000.0,0.5,3752000000.0,0.4467198476,43499000000.0,-1396000000.0,7729000000.0,12701000000.0,44895000000.0,367000000.0,-8398000000.0,6795600000.0,17929600000.0,-1.661904761904762,0.6085347610424376,0.31704177107519715,-9.87893982808023,0.066931529403343,-1.661904761904762,-0.3044412607449857,0.8090963209905941,3.9974117647058827,-4.867908309455587,0.0,12.662125340599456,0.0,0.19308489850341387,0.4076844342965121,0.009770339548035587,8.602025316455697,0.4467198476009049,-0.23076923076923078,1.0503065558670466,-0.5240544992108565,0.9759181286400913,-0.0701363073110285,-0.22586520947176686,-0.056778679026651215,1.1668513138907877,0.23191052896653952,-2.57268671679198,Airlines,Industrials,DAL
2011Q3,2011,Q3,2011-10-25,2011-09-30,549000000.0,9816000000.0,863000000.0,0.65,4035000000.0,0.4110635697,43036000000.0,1222000000.0,7329000000.0,12012000000.0,41814000000.0,380000000.0,-8823000000.0,6285000000.0,18472000000.0,1.458233890214797,0.6101398601398601,0.33678780555813737,11.86088379705401,0.05511296723422095,1.458233890214797,0.4492635024549918,0.6402811735941321,2.862021857923497,5.143207855973814,0.0,15.213157894736842,0.0,0.22808811227809275,0.422993672993673,0.01275676178083465,-18.987915407854985,0.4110635696821516,1.8260869565217392,1.5197356342941069,-0.4971623172948808,1.021025649055076,0.11927877947295423,1.7727272727272727,0.3808,6.184708830548926,-0.18953085661369937,-0.7586686949569238,Airlines,Industrials,DAL
2011Q2,2011,Q2,2011-07-27,2011-06-30,198000000.0,9153000000.0,625000000.0,0.23,3605000000.0,0.3938599366,43878000000.0,785000000.0,8063000000.0,12802000000.0,43093000000.0,403000000.0,-9372000000.0,7684460000.0,19490460000.0,0.9367541766109785,0.6298234650835807,0.33413099958977166,18.67643312101911,0.04108606659428878,0.9367541766109785,0.2522292993630573,0.8395564295859281,9.702601010101011,9.789121019108281,0.0,13.766749379652605,0.0,0.2086011212908519,0.44578972035619435,0.004512511964993846,11.418216939078752,0.393859936632798,1.6052631578947367,1.0211338863279917,-0.537228560860983,1.013324202719638,0.2801846590909091,1.6226415094339623,8.352941176470589,1.0895543576660358,-0.2140375924283911,-0.9003833303722214,Airlines,Industrials,DAL
2011Q1,2011,Q1,2011-05-05,2011-03-31,-318000000.0,7747000000.0,-85000000.0,-0.38,2816000000.0,0.3634955467,43881000000.0,758000000.0,7993000000.0,12260000000.0,43123000000.0,349000000.0,-9570000000.0,8202600000.000001,20490600000.0,0.9056152927120669,0.6519575856443719,0.34568492058066136,20.011873350923484,-0.004362771468733552,0.9056152927120669,-0.41952506596306066,1.058809861882019,-6.448584905660378,10.821372031662271,0.0,14.12893982808023,0.0,0.17654565757389304,0.4638662316476346,-0.007246872222602037,18.309375000000003,0.3634955466632245,-17.740088105726873,0.9643918001909048,-0.5173961674008923,1.0150571341227468,-0.4214094925005137,-17.736842105263158,-1.0414028251339502,0.9764789293306634,-0.23173624804531892,-0.9093238648957495,Airlines,Industrials,DAL
2010Q4,2010,Q4,2011-02-16,2010-12-31,19000000.0,7789000000.0,2053000000.0,0.0227,4867000000.0,0.6248555655,43188000000.0,897000000.0,7307000000.0,11385000000.0,42291000000.0,318000000.0,-9252000000.0,10546200000.0,22906200000.0,1.07168458781362,0.6418093983311375,0.3531536537927202,17.00334448160535,0.12077218403616323,1.07168458781362,0.021181716833890748,1.3539863910643215,138.7657894736842,11.757190635451504,0.0,9.18867924528302,0.0,0.18035102343243495,0.44497145366710583,0.0004399370195424655,-102.39029126213592,0.6248555655411477,-0.9472093023255814,1.00356426538002,-0.5644378233348935,1.0210019699830297,0.1384795321637427,-0.9476584022038568,0.6883223684210527,1.1282881037719747,-0.23031655072687493,-0.9580778776882163,Airlines,Industrials,DAL
2010Q3,2010,Q3,2010-10-25,2010-09-30,363000000.0,8950000000.0,1216000000.0,0.43,4275000000.0,0.4776536313,43153000000.0,715000000.0,7321000000.0,11820000000.0,42438000000.0,278000000.0,-9271000000.0,9719400000.0,21648400000.0,0.8562874251497006,0.6193739424703891,0.3560586749472806,21.48951048951049,0.07500203898540087,0.8562874251497006,0.5076923076923077,1.0859664804469273,6.693801652892563,13.593566433566435,0.0,16.81654676258993,0.0,0.2074015711538016,0.4557529610829103,0.008411929645679326,83.07179487179488,0.4776536312849162,-0.21818181818181825,1.0647994191150443,-0.5717815607210627,1.0170421597542243,0.0056457304163726185,-0.22269807280513917,0.29775880469583776,-0.6107784430538923,-0.5960910500063581,-0.9826977149490514,Airlines,Industrials,DAL
2010Q2,2010,Q2,2010-07-30,2010-06-30,467000000.0,8168000000.0,937000000.0,0.55,4251000000.0,0.5204456415,43809000000.0,199000000.0,7868000000.0,11892000000.0,43610000000.0,285000000.0,-9634000000.0,9799500000.0,21148500000.0,0.23860911270983212,0.6616212579885637,0.3602684379921934,79.31155778894473,0.05850318253334146,0.23860911270983212,2.3467336683417086,1.1997428991185113,5.245985010706638,49.243718592964825,0.0,13.743859649122808,0.0,0.1864457075030245,0.5111839892364615,0.010659910064142072,11.693914081145584,0.5204456415279138,2.774193548387097,1.2152156237052243,-0.6564099765349012,1.005015415806224,0.12788538073759617,2.82421875,5.598591549295775,-0.8904203448326766,-0.39012428754162376,-0.9921518463085951,Airlines,Industrials,DAL
2010Q1,2010,Q1,2010-04-22,2010-03-31,-256000000.0,6848000000.0,142000000.0,-0.31,3769000000.0,0.5503796729,44339000000.0,72000000.0,8361000000.0,11224000000.0,44267000000.0,319000000.0,-10101000000.0,12138880000.0,28133880000.0,0.08653846153846154,0.7449215965787598,0.4715487494079704,290.3888888888889,0.007043487022096151,0.08653846153846154,-3.5555555555555554,1.7726168224299066,-11.854375,168.59555555555556,0.0,9.652037617554859,0.0,0.15444642414127518,0.5743050605844618,-0.005773698098739259,19.026457680250783,0.5503796728971962,-9.333333333333334,0.9595133215542627,-0.6819542164898442,1.0018396962849716,-0.008679642293529721,-9.24,0.7974683544303798,0.5337995337278106,-0.6087808587206712,1.0012463771971394,Airlines,Industrials,DAL
2009Q4,2009,Q4,2010-02-24,2009-12-31,-25000000.0,6805000000.0,79000000.0,-0.03,3802000000.0,0.5587068332,43539000000.0,245000000.0,7741000000.0,9797000000.0,43294000000.0,327000000.0,-9845000000.0,9468160000.0,25272160000.0,0.29447115384615385,0.7901398387261407,0.4687980890695698,83.31020408163265,0.00026933483160777215,0.29447115384615385,-0.10204081632653061,1.391353416605437,-94.6816,38.64555102040816,0.0,9.18348623853211,0.0,0.15629665357495579,0.6163111156476473,-0.0005741978456096832,-17.436758747697976,0.5587068332108743,0.8421052631578947,0.9980804644729845,-0.6834304750286534,1.0071597747845829,-0.0783030303030303,0.84472049689441,-0.7655786350148368,0.9970123368970363,-0.6106737077772963,1.0042670414145751,Airlines,Industrials,DAL
2009Q3,2009,Q3,2009-10-27,2009-09-30,-161000000.0,7574000000.0,337000000.0,-0.19,4125000000.0,0.5446263533,44853000000.0,900000000.0,8862000000.0,9594000000.0,43953000000.0,356000000.0,-9820000000.0,7418880000.000001,23229880000.0,1.0869565217391304,0.9237023139462164,0.4728111831984483,23.563333333333333,0.013711120090630814,1.0869565217391304,-0.17888888888888888,0.9795194085027727,-11.520000000000001,8.243200000000002,0.0,9.688202247191011,0.0,0.16886272936035493,0.725140712945591,-0.003589503489175752,-50.81424657534247,0.5446263533139688,0.3870967741935484,0.9620289969470244,-0.7019007789702196,1.0383338360418617,0.10649141630901288,0.3735408560311284,3.9558823529411766,-1.7478632478632476,-0.607325907054343,1.015672359912611,Airlines,Industrials,DAL
2009Q2,2009,Q2,2009-07-24,2009-06-30,-257000000.0,7000000000.0,68000000.0,-0.31,3728000000.0,0.5325714286,44480000000.0,980000000.0,8299000000.0,11149000000.0,43500000000.0,372000000.0,-9659000000.0,4788330000.0,20537330000.0,1.185006045949214,0.7443716925284779,0.4631294964028777,21.020408163265305,0.0032008850238289736,1.185006045949214,-0.26224489795918365,0.6840471428571429,-4.657908560311284,4.886051020408163,0.0,8.795698924731182,0.0,0.15737410071942445,0.5697371961610906,-0.005777877697841727,7.27709726443769,0.5325714285714286,0.7181818181818181,0.9802602548729489,-0.7335462021334371,1.0500539597116951,0.12867090523766272,0.6763224181360201,1.1818181818181819,0.9722037755858813,-0.6413757652898874,1.0168552873042391,Airlines,Industrials,DAL
2009Q1,2009,Q1,2009-04-23,2009-03-31,-794000000.0,6684000000.0,-374000000.0,-1.1,3303000000.0,0.4941651706,44395000000.0,519000000.0,8057000000.0,11527000000.0,43876000000.0,380000000.0,-9402000000.0,4656460400.0,21098460400.0,0.6275088262320453,0.698967641190249,0.47039080977587566,40.23699421965318,-0.019939990071315635,0.6275088262320453,-1.5298651252408477,0.696657749850389,-1.4661399244332494,8.97198535645472,0.0,8.897368421052631,0.0,0.15055749521342493,0.5492322373557734,-0.017884896947854487,22.386828846153847,0.49416517055655296,0.6369636963696369,0.6894924333882919,-0.6958925399204133,1.075617915700898,0.06755009696186166,0.6834130781499203,-3.10989010989011,0.9100251068442923,-0.5786222588581672,1.0104332210772278,Airlines,Industrials,DAL
2008Q4,2008,Q4,2009-03-02,2008-12-31,-2508000000.0,6713000000.0,-91000000.0,-3.03,3094000000.0,0.4608967675,45014000000.0,874000000.0,8904000000.0,11022000000.0,44140000000.0,388000000.0,-8608000000.0,9478336800.0,26356336800.0,1.0567296996662958,0.8078388677191073,0.46947616297151995,24.179633867276888,-0.007211891677151908,1.0567296996662958,-2.869565217391304,1.411937553999702,-0.9448102870813399,10.844778947368422,0.0,9.327319587628866,0.0,0.14913138134802506,0.6395391036109599,-0.05571599946683254,-4.129994248366013,0.4608967674661105,-7.911764705882352,-0.1487624701114964,-0.7041008402273734,1.198644469069494,0.2602851323828921,-49.16,-1.5170454545454546,0.5238739949628164,-0.6201054687571773,1.0207088967079812,Airlines,Industrials,DAL
2008Q3,2008,Q3,2008-10-16,2008-09-30,-50000000.0,5719000000.0,176000000.0,-0.34,2455000000.0,0.4292708515,25598000000.0,2391000000.0,5488000000.0,6788000000.0,23207000000.0,243000000.0,-7170000000.0,2947965000.0,10926965000.0,6.042456406368461,0.8084855627578079,0.3960856316899758,4.2404851526557925,0.03820590582601755,6.042456406368461,-0.020911752404851526,0.51546861339395,-14.739825000000002,1.2329422835633626,0.0,13.432098765432098,0.0,0.22341589186655209,0.6365645256334709,-0.0019532775998124855,-2.2676653846153845,0.42927085154747335,0.8712121212121213,0.9049308557850553,-0.4820396661893455,0.5001566642310269,-0.012072434607645875,0.9521072796934866,-0.2605042016806723,0.9811654643613535,-0.4225919282320525,1.1202592778555218,Airlines,Industrials,DAL
2008Q2,2008,Q2,2008-07-17,2008-06-30,-1044000000.0,5499000000.0,238000000.0,-2.64,2485000000.0,0.4519003455,27651000000.0,3721000000.0,7167000000.0,8132000000.0,23930000000.0,225000000.0,-7120000000.0,2255490000.0,8150490000.0,9.403588577204953,0.8813330054107231,0.3303316335756392,2.454716474066111,0.016619794901328495,9.403588577204953,-0.2805697393173878,0.41016366612111294,-0.5401077586206897,0.6061515721580221,0.0,13.395555555555555,0.0,0.19887165021156558,0.5853418593212002,-0.037756319843766956,3.3714349775784753,0.4519003455173668,0.9165613147914032,-2.768890225961697,-0.48159673116712254,0.7084729313276783,-0.2512805061765592,0.8366197183098592,3.016949152542373,-0.01404543542029692,-0.5124619274132407,1.1976576093415816,Airlines,Industrials,DAL
2008Q1,2008,Q1,2008-04-25,2008-03-31,-6390000000.0,4766000000.0,-118000000.0,-31.64,3319000000.0,0.6963911037,26755000000.0,3951000000.0,5329000000.0,6671000000.0,22804000000.0,263000000.0,-6076000000.0,3402160000.0,10029160000.0,9.987360970677452,0.7988307600059961,0.340833489067464,2.308023285244242,-0.017682204764761313,9.987360970677452,-1.6173120728929384,0.7138396978598406,-0.13310485133020344,0.8610883320678309,0.0,5.501901140684411,0.0,0.17813492805083161,0.5876180482686254,-0.23883386282937769,-11.228250825082508,0.6963911036508602,-174.7777777777778,-3.27596843725183,-0.5289421735861514,1.4396931169498142,-0.3060840476688271,-90.28571428571429,-2.156862745098039,-1.1253971047063924,-0.5344707517571267,1.2123184367711441,Airlines,Industrials,DAL
2007Q4,2007,Q4,2008-02-15,2007-12-31,-70000000.0,4783000000.0,102000000.0,-0.18,4783000000.0,1.0,32423000000.0,10113000000.0,5240000000.0,6605000000.0,22310000000.0,262000000.0,314000000.0,5890484000.0,12242484000.0,25.563700707785642,0.79333838001514,0.27758072972889614,0.8899436369029962,0.0035577878930570825,25.563700707785642,-0.006921783842578859,1.23154589169977,-21.03744285714286,0.5824665282309899,0.0,0.0,0.0,0.1475187366992567,0.5831945495836488,-0.0021589612312247477,47.123872,1.0,-1.3214285714285714,0.9398672640087797,-0.5491267918582644,2.5314096359902942,1.4553388090349075,-1.3181818181818181,1.033289817232376,0.9886962842170494,-0.5320403588762296,1.621556092464836,Airlines,Industrials,DAL
2007Q3,2007,Q3,2007-10-31,2007-09-30,220000000.0,5227000000.0,-3064000000.0,0.56,1948000000.0,0.3726803138,32773000000.0,9748000000.0,5645000000.0,6704000000.0,23025000000.0,257000000.0,384000000.0,3588787879.3399997,10299787879.34,49.48984614623233,0.8420346062052506,0.2542946938028255,0.8549446040213378,-0.1026971406354218,49.48984614623233,0.02256873204759951,0.686586546650086,4.078168044704546,0.3681563273840788,0.0,12.75875486381323,0.0,0.15949104445732767,0.5374403341288783,0.006712842888963476,-12.417951139584774,0.3726803137555003,-0.8502673796791443,1.4223943031912691,-0.04338020012423034,1.1445996031439025,-0.6106336198281032,-0.8618090452261307,-7.3436853002070395,1.218112117723053,-0.13519346960780024,2.745364796074099,Airlines,Industrials,DAL
2007Q2,2007,Q2,2007-08-02,2007-06-30,1592000000.0,5003000000.0,483000000.0,3.74,5003000000.0,1.0,33734000000.0,9472000000.0,6249000000.0,7731000000.0,24262000000.0,246000000.0,164000000.0,6137455963.599999,12606455963.599998,30.403216105610706,0.8083042297244858,0.246012924645758,0.8761613175675675,0.025587904412803387,30.403216105610706,0.16807432432432431,1.2267551396362182,0.9637964766959799,0.6479577664273648,0.0,0.0,0.0,0.14830734570463033,0.5845298150303971,0.04719274322641845,21.76402823971631,1.0,2.9081632653061225,4.385882596140724,-0.43030492544408866,0.1786719202373849,0.20728764478764478,13.246153846153845,2.8333333333333335,1.3245897695865037,-0.4944807194193912,2.2842139998004845,Airlines,Industrials,DAL
2007Q1,2007,Q1,2007-04-27,2007-03-31,-130000000.0,4144000000.0,126000000.0,-1.96,4144000000.0,1.0,19811000000.0,-13676000000.0,6134000000.0,7999000000.0,33487000000.0,184000000.0,-14574000000.0,4081212121.8399997,9999212121.84,-69.43199998931816,0.7668458557319665,0.40437130886881023,-0.5857706931851419,-0.06604114332269673,-69.43199998931816,0.009505703422053232,0.9848484849999999,-7.848484849692307,-0.2984214771746124,0.0,0.0,0.0,0.20917672000403817,0.48368546068258533,-0.006562011003987684,19.908351813853656,1.0,0.8051689860834991,0.7951104645151487,-0.16438754725069557,-3.508674440282476,0.0014499758337361043,0.9343765774861181,8.692307692307692,0.786526908335714,-0.20830394340322753,-7.366899241343135,Airlines,Industrials,DAL
