Quarters,Year,Quarter,FillingDate,Date,NetIncome,Revenue,OperatingIncome,EPSDiluted,GrossProfit,GrossProfitRatio,TotalAssets,CommonStockEquity,CurrentAssets,CurrentLiability,TotalLiability,Inventory,RetainedEarnings,MarketCap,EnterpriseValue,bookValuePerShare,currentRatio,debtToAssets,debtToEquity,roic,shareholdersEquityPerShare,roe,priceToSalesRatio,peRatio,pbRatio,payoutRatio,inventoryTurnover,dividendYield,assetTurnover,quickRatio,returnOnAssets,priceToFreeCashFlowsRatio,grossProfitMargin,epsdilutedGrowth,fiveYNetIncomeGrowthPerShare,fiveYRevenueGrowthPerShare,fiveYShareholdersEquityGrowthPerShare,grossProfitGrowth,netIncomeGrowth,operatingIncomeGrowth,threeYNetIncomeGrowthPerShare,threeYRevenueGrowthPerShare,threeYShareholdersEquityGrowthPerShare,Industry,Sector,Symbol
2023Q1,2023,Q1,2023-05-22,2023-03-31,1495342.0,0.0,-641451.0,0.05,-641451.0,0.0,231010032.0,215518299.0,334065.0,5545900.0,15491733.0,0.0,-13610911.0,57262500.0,59567650.0,38.314364266666665,0.0602363908472926,0.010816837599503039,0.011594365822272938,-0.002207041578875757,38.314364266666665,0.006938352831004851,0.0,9.573478842967027,0.26569669613066127,0.0,0.0,0.0,0.0,0.03491732631313223,0.006473060875555396,-397.090946915849,0.0,2.1363636363636367,0.0,0.0,45817.991077031045,0.0,2.512111314477556,0.6223257561127257,0.0,0.0,45817.991077031045,Shell Companies,Financial Services,EGGF
2022Q4,2022,Q4,2023-04-13,2022-12-31,-988910.0,0.0,-1698424.0,-0.044,0.0,0.0,228533597.0,214022957.0,279520.0,4351807.0,14510640.0,0.0,-13233239.0,224325000.0,225387147.0,9.512131422222222,0.0642307896466916,0.0050320828757620265,0.005373255355966323,-0.01301615159470584,9.512131422222222,-0.004620579090494484,0.0,-56.71016573803481,1.0481352241105613,0.0,0.0,0.0,0.0,0.02018770593456925,-0.004327197457973761,-312.84821927895337,0.0,-3.5833333333333335,-0.6469558022753706,0.0,19.258201301455134,1.0,-2.66952017306572,-0.27627738652383144,-0.6469558022753706,0.0,19.258201301455134,Shell Companies,Financial Services,EGGF
2022Q3,2022,Q3,2022-11-14,2022-09-30,-269493.0,0.0,-1330764.0,-0.0096,-1330764.0,0.0,226733440.0,215279617.0,382755.0,2099656.0,11453823.0,0.0,-10516393.0,55011937.5,55357043.5,38.27193191111111,0.182294147231737,0.0017641861738612531,0.0018580486419204284,-0.0249351091494771,38.27193191111111,-0.001251827756642655,0.0,-51.03280743841213,0.2555371394032162,0.0,0.0,0.0,0.0,0.02614428268249656,-0.0011885895613809767,-1756.2793314816588,0.0,-1.424778761061947,-1.3910696809949419,0.0,4.098150005762189,-0.9680559376025981,-1.424336946458151,-0.9680559376025981,-1.3910696809949419,0.0,4.098150005762189,Shell Companies,Financial Services,EGGF
2022Q2,2022,Q2,2022-08-15,2022-06-30,635092.0,0.0,-676182.0,0.0226,-676182.0,0.0,225886087.0,215459860.0,550998.0,823577.0,10426227.0,0.0,-9573362.0,54759375.0,55073158.0,38.303975111111114,0.6690303396039472,0.0017708040601898602,0.0018564942908623444,-0.003090264112446443,38.303975111111114,0.0029476116804308702,0.0,21.555686026591424,0.25415116764672546,0.0,0.0,0.0,0.0,0.10468602207201026,0.0028115587304852465,-126.04472613271216,0.0,-0.929375,5.964148867225503,0.0,4.344521510164659,0.0,-0.9292402540341418,-0.8163410578682003,5.964148867225503,0.0,4.344521510164659,Shell Companies,Financial Services,EGGF
2022Q1,2022,Q1,2022-05-16,2022-03-31,8975329.0,0.0,-372277.0,0.32,0.0,0.0,225676215.0,214735518.0,575925.0,321930.0,10940697.0,0.0,-10296296.0,54787500.0,54666839.0,38.1752032,1.78897586431833,0.0,0.0,-0.0036268990146632813,38.1752032,0.04179713297359592,0.0,1.5260582648279524,0.2551394408818759,0.0,0.0,0.0,0.0,0.37480508185009165,0.03977082387703108,-275.92554354121444,0.0,12.98501872659176,0.0,0.0,45651.572560270804,0.0,12.958192493861242,0.2979998453731692,0.0,0.0,45651.572560270804,Shell Companies,Financial Services,EGGF
2021Q4,2021,Q4,2022-04-15,2021-12-31,-750559.0,0.0,-530309.0,-0.0267,0.0,0.0,225971770.0,-14652522.0,783179.0,357116.0,15615699.0,0.0,-14653085.0,273375000.0,273055780.0,-0.52097856,2.1930661185721165,0.0,0.0,0.04241574236049516,-0.52097856,0.051223878046386825,0.0,-91.0571320842199,-18.65719771654327,0.0,0.0,0.0,0.0,0.8938832200181454,-0.003321472412239812,-475.5646324300722,0.0,-1.2179413925393847,0.0,0.0,0.0,0.0,-1.2178319056137878,-0.5264819836157119,0.0,0.0,0.0,Shell Companies,Financial Services,EGGF
2021Q3,2021,Q3,2021-11-22,2021-09-30,3445588.0,0.0,-347406.0,0.12251,0.0,0.0,226219926.0,211135036.0,922664.0,169743.0,15084890.0,0.0,-13869366.0,273093750.0,272637906.0,7.507023502222222,5.435652722056285,0.0,0.0,-0.0016454208954690022,7.507023502222222,0.016319356868842932,0.0,19.814742070148842,1.293455388427338,,0.0,,0.0,2.6854951308743216,0.015231142812768845,0.0,0.0,3.7199662529695168,0.0,0.0,0.0,0.0,6.229549424847732,-1.8080473334518825,0.0,0.0,0.0,Shell Companies,Financial Services,EGGF
2021Q2,2021,Q2,2021-08-20,2021-06-30,-658869.0,0.0,-123718.0,-0.045041,0.0,0.0,226796250.0,207617890.0,1388457.0,472565.0,19178360.0,0.0,-659645.0,286790625.0,285878321.0,7.166960604099245,2.9381291462550125,0.0,0.0,-0.0005958927720535065,7.166960604099245,-0.0031734692997795132,0.0,-108.81928919102279,1.381338693886158,0.0,0.0,0.0,0.0,1.9305365399468857,-0.002905114171861307,-693.0406703478608,0.0,0.0,0.0,0.0,0.0,0.0,0.0,0.0,0.0,0.0,0.0,Shell Companies,Financial Services,EGGF
2021Q1,2021,Q1,2021-07-09,2021-03-31,0.0,0.0,0.0,0.0,0.0,0.0,212928.0,24224.0,0.0,188704.0,188704.0,0.0,-776.0,286790625.0,286825625.0,0.0008362114347357065,0.0,0.16437481214307184,1.4448480845442537,,0.0008362114347357065,0.0,0.0,0.0,11839.111005614268,0.0,0.0,,0.0,0.0,0.0,0.0,0.0,0.0,0.0,0.0,0.0,0.0,0.0,0.0,0.0,0.0,0.0,Shell Companies,Financial Services,EGGF
