Quarters,Year,Quarter,FillingDate,Date,NetIncome,Revenue,OperatingIncome,EPSDiluted,GrossProfit,GrossProfitRatio,TotalAssets,CommonStockEquity,CurrentAssets,CurrentLiability,TotalLiability,Inventory,RetainedEarnings,MarketCap,EnterpriseValue,bookValuePerShare,currentRatio,debtToAssets,debtToEquity,roic,shareholdersEquityPerShare,roe,priceToSalesRatio,peRatio,pbRatio,payoutRatio,inventoryTurnover,dividendYield,assetTurnover,quickRatio,returnOnAssets,priceToFreeCashFlowsRatio,grossProfitMargin,epsdilutedGrowth,fiveYNetIncomeGrowthPerShare,fiveYRevenueGrowthPerShare,fiveYShareholdersEquityGrowthPerShare,grossProfitGrowth,netIncomeGrowth,operatingIncomeGrowth,threeYNetIncomeGrowthPerShare,threeYRevenueGrowthPerShare,threeYShareholdersEquityGrowthPerShare,Industry,Sector,Symbol
2023Q1,2023,Q1,2023-04-26,2023-03-31,-133208000.0,-30613000.0,-137604000.0,-0.72,-31850000.0,1.0404076699,13249330000.0,1215133000.0,185175000.0,55785000.0,12034197000.0,0.0,-789896000.0,969081750.0,833636750.0,6.5829825502337656,3.3194407098682444,0.0,0.0,-0.4810335259353431,6.5829825502337656,-0.10962421397493113,-31.65588965472185,-1.818737894871179,0.7975108486066956,-0.41288060777130503,0.0,0.05675372588535487,-0.0023105319287843235,3.3194407098682444,-0.01005394235029243,17.87347147678858,1.0404076699441414,-1.6666666666666663,-1.6755298265370828,-1.1505980719205338,-0.7785149232335327,-2.0732940185341198,-5.163612807699426,-2.5557263990955343,0.8955048552331244,-1.1051677926177481,-0.5069858893634785,REIT—Mortgage,Real Estate,ARR
2022Q4,2022,Q4,2023-02-15,2022-12-31,-21612000.0,36049000.0,88450000.0,-0.27,29675000.0,0.8231851092,9437047000.0,1112372000.0,116093000.0,6404000.0,8324675000.0,0.0,-758537000.0,447528700.0,360244700.0,13.993860863001636,18.128201124297313,0.0,0.0,-0.04360500219955571,13.993860863001636,-0.019428752251944494,12.41445532469694,-5.17685429391079,0.40231927808323115,-2.1751804553026095,0.0,0.10504354245884119,0.003819944946761418,18.128201124297313,-0.002290123170945318,4.166235640209276,0.8231851091569807,0.7692307692307692,-1.160370269300384,-0.6532201854789524,-0.5579650782899379,1.2109502178811855,0.8502442573537055,1.8846592386629593,-1.1473079345230848,-0.7533085282991907,-0.42645612288588536,REIT—Mortgage,Real Estate,ARR
2022Q3,2022,Q3,2022-10-26,2022-09-30,-144315000.0,-139089000.0,-99982000.0,-1.17,-140673000.0,1.0113883916,10915258000.0,944147000.0,1414385000.0,30928000.0,9971111000.0,0.0,-2743298000.0,600232370.0,309435370.0,7.660359753673398,45.73153776513192,0.0,0.0,-0.10589664533171211,7.660359753673398,-0.15285225711674136,-4.315455355923186,-1.0397955340747669,0.6357403772929427,-0.2781415653258497,0.0,0.06687410077533806,-0.01274262138375474,45.73153776513192,-0.013221400721815279,6.637829495941433,1.011388391605375,-1.127272727272727,-2.7437691014984362,-2.259116080943927,-0.7590537903057548,-1.379005935972671,-1.4630916010991448,-1.1946090697572325,-0.13482820103840867,-1.5752294036449093,-0.6727615998034887,REIT—Mortgage,Real Estate,ARR
2022Q2,2022,Q2,2022-07-27,2022-06-30,-58591000.0,-57484000.0,-45558000.0,-0.55,-59131000.0,1.0286514508,8856969000.0,972658000.0,657926000.0,10393000.0,7884311000.0,0.0,-2558843000.0,749858560.0,540723560.0,9.131738550800833,63.30472433368613,0.0,0.0,-0.046838662715980334,9.131738550800833,-0.060238028166118,-13.044648249947812,-3.1995466880578927,0.7709375340561637,-0.5999726920516802,0.0,0.04687950751672422,-0.0064902564297108865,63.30472433368613,-0.00661524275403922,75.40055907491201,1.0286514508384943,0.20289855072463756,-1.6812675915561492,-9.52326787304282,-0.738635776061202,-2.7735220899193185,0.11805701899629707,0.2884675454488661,0.8209312497680108,-1.250813060604021,-0.6041237431328901,REIT—Mortgage,Real Estate,ARR
2022Q1,2022,Q1,2022-04-27,2022-03-31,-66434000.0,33341000.0,-64028000.0,-0.69,33341000.0,1.0,8706889000.0,1021935000.0,334264000.0,7511000.0,7684954000.0,0.0,-2465099000.0,808298400.0,491446400.0,10.620154635961175,44.503261882572225,0.0,0.0,-0.06265369128173515,10.620154635961175,-0.06500804845709365,24.243376023514593,-3.0417346539422585,0.7909489351083974,-0.48323147785772347,0.0,0.039716767965889826,0.0038292666875619982,44.503261882572225,-0.00763005018210293,-9.656628118130556,1.0,-2.1363636363636362,-1.4809379214074945,-0.584429065971075,-0.6570984056980748,-0.20739331986211815,-2.1982476410552665,-2.3108226899012356,0.6762931594972723,-0.8039659726755327,-0.6168851150022246,REIT—Mortgage,Real Estate,ARR
2021Q4,2021,Q4,2022-02-16,2021-12-31,-20772000.0,42065000.0,-19339000.0,-0.22,42065000.0,1.0,5277307000.0,1143639000.0,348234000.0,3671000.0,4133668000.0,0.0,-2366562000.0,943977060.0,606313060.0,11.88492715066614,94.86080087169708,0.0,0.0,-0.01691005640766011,11.88492715066614,-0.018163074186871905,22.440914299298704,-11.361172010398615,0.8254152402987307,-1.488108992875024,0.0,0.032745499133209864,0.00797092153251649,94.86080087169708,-0.003936098468404434,-74.64629606199588,1.0,-1.6111111111111112,-1.0842489889108724,-0.8233844699374655,-0.6003332542650269,0.0,-1.6112647872403036,0.0,0.9453863957735559,1.1255307334952862,-0.43358990512841755,REIT—Mortgage,Real Estate,ARR
2021Q3,2021,Q3,2021-10-27,2021-09-30,33982000.0,34998000.0,0.0,0.36,0.0,0.0,4987888000.0,1143692000.0,0.0,0.0,3844196000.0,0.0,-2314879000.0,905800280.0,779706280.0,13.611167971818247,0.0,0.0,0.0,0.0,13.611167971818247,0.02971254498588781,25.88148694211098,6.663824083338238,0.7919966914169199,0.8373844976752398,0.0,0.03141531375989418,0.007016597004583904,0.0,0.006812903577626443,-72.261689668927,0.0,1.3789473684210527,-0.8749366672281469,-0.8130221257463733,-0.5906221923732562,0.0,1.491253939341371,0.0,-0.6435361738432231,-0.665562359664104,-0.5263414975663266,REIT—Mortgage,Real Estate,ARR
2021Q2,2021,Q2,2021-07-22,2021-06-30,-69174000.0,18220000.0,0.0,-0.95,0.0,0.0,5137399000.0,1108542000.0,0.0,0.0,4028857000.0,0.0,-2320405000.0,868650880.0,368329880.0,14.573806268405553,0.0,0.0,0.0,0.0,14.573806268405553,-0.062400883322418096,47.67567947310648,-3.13936912712869,0.7835976264318357,-0.3786538294735016,0.0,0.030153656207658478,0.003546541742231818,0.0,-0.01346479025670383,55.25066022134588,0.0,-1.9223300970873787,-2.5758814065232585,0.19516759086060553,-0.5307151352185187,0.0,-1.9698150770395502,0.0,-3.8104662536448166,-0.481034050253066,-0.4937311909068041,REIT—Mortgage,Real Estate,ARR
2021Q1,2021,Q1,2021-03-31,2021-03-31,71327000.0,71984000.0,0.0,1.03,0.0,0.0,5349500000.0,1027186000.0,0.0,0.0,4322314000.0,0.0,-2225038000.0,804760800.0,527206800.0,15.571918015887453,0.0,0.0,0.0,0.0,15.571918015887453,0.06943922522308521,11.179717715047788,2.820673798140956,0.7834616125998601,0.31605142512652995,0.0,0.02801205028873176,0.013456210860828115,0.0,0.013333395644452753,37.96578761145445,0.0,-0.14876033057851235,1.1419282526676326,-0.4897940314364845,-0.47863597952164777,0.0,-0.12388684853770282,0.0,0.012190618761724442,-0.009068521866676482,-0.476081330790176,REIT—Mortgage,Real Estate,ARR
2020Q4,2020,Q4,2020-12-31,2020-12-31,81413000.0,81110000.0,0.0,1.21,0.0,0.0,5524486000.0,938304000.0,0.0,0.0,4586182000.0,0.0,-2273822000.0,711751560.0,544080560.0,14.224486083318174,0.0,0.0,0.0,0.0,14.224486083318174,0.08676612270650023,8.775139440266305,2.1856201098104724,0.7585511305504399,0.26977264073305246,0.0,0.030857677361465847,0.014681908868987993,0.0,0.01473675560043052,19.178991673627767,0.0,0.4069767441860465,-0.6156616651234259,-0.6250963159060624,-0.5741011234442022,0.0,0.39439249135066623,0.0,-0.2720053763182895,-0.05975614563168886,-0.5506801408302182,REIT—Mortgage,Real Estate,ARR
2020Q3,2020,Q3,2020-09-30,2020-09-30,58386000.0,64732000.0,0.0,0.86,0.0,0.0,5944501000.0,892269000.0,0.0,0.0,5052232000.0,0.0,-2333272000.0,615525240.0,364583240.0,13.78575180767567,0.0,0.0,0.0,0.0,13.78575180767567,0.06543542362224845,9.508824692578631,2.635585756859521,0.6898426819714681,0.37526119275168707,0.0,0.035595615867839964,0.01088939172522639,0.0,0.009821850479964592,11.61543704710145,0.0,0.11688311688311684,1.177363226089191,1.1988933009626188,-0.5769345250884427,0.0,0.12827548890778387,0.0,0.34341851549833774,0.11587902362562964,-0.5663879043993709,REIT—Mortgage,Real Estate,ARR
2020Q2,2020,Q2,2020-06-30,2020-06-30,51748000.0,52010000.0,0.0,0.77,0.0,0.0,5563987000.0,851231000.0,0.0,0.0,4712756000.0,0.0,-2369748000.0,598527990.0,445269990.0,13.354528482452425,0.0,0.0,0.0,0.0,13.354528482452425,0.06079195893946532,11.507940588348395,2.891551315992889,0.7031322754927863,0.15838293267372652,0.0,0.013693595181739118,0.009347613500894233,0.0,0.009300524965281191,-3.6611471057798766,0.0,1.1107913669064748,-0.8199480836514689,-0.8211847779172823,-0.6303967937239352,0.0,1.127251579333053,0.0,0.005467901022999905,11.886466013110741,-0.6177731158785037,REIT—Mortgage,Real Estate,ARR
2020Q1,2020,Q1,2020-03-31,2020-03-31,-406659000.0,92858000.0,0.0,-6.95,0.0,0.0,5065179000.0,786250000.0,0.0,0.0,4278929000.0,0.0,-2413300000.0,518768040.0,184884040.0,13.352523605733307,0.0,0.0,0.0,0.0,13.352523605733307,-0.5172133545310016,5.5866811690969005,-0.31892079112966887,0.6598003688394277,-0.08165071964471461,0.0,0.06400548499479651,0.01833261963693682,0.0,-0.08028521795577215,-2.81257408672457,0.0,-4.756756756756757,-1.428363489023502,1.564649582847772,-0.6447234532388688,0.0,-4.741767190217241,0.0,-5.810875713669758,0.8913896030867073,-0.5688761803094352,REIT—Mortgage,Real Estate,ARR
2019Q4,2019,Q4,2019-12-31,2019-12-31,108681000.0,108249000.0,0.0,1.85,0.0,0.0,13272420000.0,1436707000.0,0.0,0.0,11835713000.0,0.0,-1973437000.0,1052257080.0,870862080.0,24.398936892874126,0.0,0.0,0.0,0.0,24.398936892874126,0.07564590414051021,9.720709475376216,2.420517569768405,0.7324089602124859,0.3116276074014777,0.0,0.03218605096009427,0.00815593539083302,0.0,0.008188484089563169,14.697149002737584,0.0,2.6972477064220186,1.568737996173129,1.5758036999279648,-0.3846447802527239,0.0,2.782971044212944,0.0,-0.27966396926377646,-0.2572767521467354,-0.17951169714814655,REIT—Mortgage,Real Estate,ARR
2019Q3,2019,Q3,2019-09-30,2019-09-30,-60955000.0,115899000.0,0.0,-1.09,0.0,0.0,13223333000.0,1382940000.0,0.0,0.0,11840393000.0,0.0,-2048250000.0,989539750.0,829055750.0,23.40911014438783,0.0,0.0,0.0,0.0,23.40911014438783,-0.04407638798501742,8.537948990068939,-4.058484742843081,0.7155333926273013,-0.5528340579115741,0.0,0.034054215608822186,0.008764734276902804,0.0,-0.004609654767069695,-14.389747262495092,0.0,0.6528662420382165,-1.8516761054862765,0.5613751131653825,-0.43071619640967074,0.0,0.6673669849931787,0.0,-1.3190697664610458,-0.11931228857114959,-0.2959332946853427,REIT—Mortgage,Real Estate,ARR
2019Q2,2019,Q2,2019-06-30,2019-06-30,-183250000.0,128360000.0,0.0,-3.14,0.0,0.0,14923675000.0,1376048000.0,0.0,0.0,13547627000.0,0.0,-1953597000.0,1105388620.0,893732620.0,23.06715392094411,0.0,0.0,0.0,0.0,23.06715392094411,-0.13317122658511912,8.611628388906201,-1.508033587994543,0.8033067305791659,-0.20994270122783082,0.0,0.034804049276353145,0.008601098589992076,0.0,-0.012279147059956747,-34.31605054017137,0.0,-0.4208144796380091,-0.9536304327529864,2.418799823463675,-0.4721919251524648,0.0,-0.6021017476678819,0.0,-6.323094979553284,9.736178757751421,-0.2572245020059409,REIT—Mortgage,Real Estate,ARR
2019Q1,2019,Q1,2019-03-31,2019-03-31,-114381000.0,94790000.0,0.0,-2.21,0.0,0.0,13972819000.0,1486653000.0,0.0,0.0,12486166000.0,0.0,-1731875000.0,1053829499.9999999,886457499.9999999,27.720548200633974,0.0,0.0,0.0,0.0,27.720548200633974,-0.07693859965977266,11.117517670640362,-2.303331628504734,0.7088604401968717,-0.29789038389242967,0.0,0.03233255474438702,0.00678388519882781,0.0,-0.008185964478606643,-92.97948650079407,0.0,0.4408771903193325,-3.8188667724703373,5.686052709731516,-0.33677835892258356,0.0,0.46041353152906656,0.0,0.7200580566332844,-0.17363622994556455,-0.0718871981601025,REIT—Mortgage,Real Estate,ARR
2018Q4,2018,Q4,2018-12-31,2018-12-31,-211979000.0,-186761000.0,0.0,-3.95262,0.0,0.0,8464610000.0,1125313000.0,0.0,0.0,7339297000.0,0.0,-1583245000.0,1099415000.0,877747000.0,20.982901361178445,0.0,0.0,0.0,0.0,20.982901361178445,-0.18837336812069175,-5.8867483039820945,-1.2966083904537713,0.9769859585733036,-0.1358766670283377,0.0,0.026198478281631594,-0.022063745405872214,0.0,-0.02504297303715115,39.479136742315426,0.0,-4.875117647058824,0.6733754436077247,0.7109628037904601,-0.5068119588355625,0.0,-5.443631561294651,0.0,-2.2308693883562047,-2.0617705700284503,-0.37174573026666685,REIT—Mortgage,Real Estate,ARR
2018Q3,2018,Q3,2018-09-30,2018-09-30,47704000.0,52366000.0,0.0,1.02,0.0,0.0,8680866000.0,1208273000.0,0.0,0.0,7472593000.0,0.0,-1342463000.0,937648100.0,670956100.0,28.73624753252313,0.0,0.0,0.0,0.0,28.73624753252313,0.03948114374814301,17.90566589008135,4.913886152104645,0.7760233821330114,0.5967214489350998,0.0,0.030358937430790933,0.006032347463951177,0.0,0.0054953042703343195,31.153169645823642,0.0,3.6363636363636367,1.2287022348534948,1.2545857437338226,-0.3814621429672143,0.0,2.5174752986285207,0.0,1.2230693939522157,1.2476742553463231,-0.11812468560807976,REIT—Mortgage,Real Estate,ARR
2018Q2,2018,Q2,2018-06-30,2018-06-30,13562000.0,19345000.0,0.0,0.22,0.0,0.0,8096978000.0,1206508000.0,0.0,0.0,6890470000.0,0.0,-1361701000.0,956012720.0,620464720.0,28.786695934338614,0.0,0.0,0.0,0.0,28.786695934338614,0.011240704578834124,49.419111915223574,17.62300398171361,0.7923799262002407,2.093791476183454,0.0,0.029702533665033247,0.002389162969196656,0.0,0.0016749458872186635,53.456314023708345,0.0,-0.7708333333333334,-0.9686934526243898,-0.9554765028531208,-0.394878419846852,0.0,-0.6969182291550271,0.0,-0.9282357078045994,-0.8988497748341941,-0.20329234166477703,REIT—Mortgage,Real Estate,ARR
2018Q1,2018,Q1,2018-03-31,2018-03-31,44747000.0,46128000.0,0.0,0.96,0.0,0.0,8471257000.0,1244966000.0,0.0,0.0,7226291000.0,0.0,-1346867000.0,975129360.0,758632360.0,29.72201399002077,0.0,0.0,0.0,0.0,29.72201399002077,0.035942347019918615,21.13964099895942,5.448015285940957,0.7832578239084441,0.6344782890473104,0.0,0.029115111455571392,0.0054452367576618204,0.0,0.0052822149062411875,-1606.473410214168,0.0,-0.42857142857142855,-0.5588414753233625,-0.4576774007483556,-0.5365052692320695,0.0,-0.369875938208497,0.0,1.375634330808007,1.3943141467439712,-0.20917312674687524,REIT—Mortgage,Real Estate,ARR
2017Q4,2017,Q4,2017-12-31,2017-12-31,71013000.0,54778000.0,0.0,1.68,0.0,0.0,8928917000.0,1326051000.0,0.0,0.0,7602866000.0,0.0,-1363223000.0,1077333640.0,812101640.0,31.65781746126483,0.0,0.0,0.0,0.0,31.65781746126483,0.0535522389410362,19.667268611486364,3.7927338656302365,0.8124375608479614,0.3955332122287468,0.0,0.02607177475679679,0.006134898554886332,0.0,0.007953148181352789,81.05128197411977,0.0,1.8965517241379313,-0.38127231181983984,-0.1718324220817511,-0.420530351541391,0.0,1.5614269225220025,0.0,1.5224136610018228,1.4096139861606027,-0.20157163789028554,REIT—Mortgage,Real Estate,ARR
2017Q3,2017,Q3,2017-09-30,2017-09-30,27724000.0,37005000.0,0.0,0.58,0.0,0.0,8578199000.0,1312662000.0,0.0,0.0,7265537000.0,0.0,-1406148000.0,1110647200.0,810707200.0,31.792821158690177,0.0,0.0,0.0,0.0,31.792821158690177,0.021120440753217506,30.01343602215917,10.015214254797288,0.8461029571969021,0.9914875198384071,0.0,0.02474953342519569,0.004313842567653187,0.0,0.0032319138317961613,29.812030599919474,0.0,-0.17142857142857143,-0.588552658005115,-0.629115234479268,-0.5618714787132068,0.0,-0.06650055557426177,0.0,-0.44573736177234585,-0.2866830240633519,-0.22683356845046995,REIT—Mortgage,Real Estate,ARR
2017Q2,2017,Q2,2017-06-30,2017-06-30,29699000.0,2329000.0,0.0,0.7,0.0,0.0,8453722000.0,1285117000.0,0.0,0.0,7168605000.0,0.0,-1406384000.0,919550000.0,507417000.0,34.93874721331086,0.0,0.0,0.0,0.0,34.93874721331086,0.023109958081637703,394.82610562473167,7.740580490925621,0.7155379626913346,0.8369642075490757,0.0,0.027031700288184437,0.0002754999513823615,0.0,0.0035131271172626683,14.240913103405553,0.0,-0.4736842105263159,2.3408731051176184,-0.9834022083505771,-0.4186705087667382,0.0,-0.43664403050191586,0.0,1.5135047730792057,1.0417508321230704,-0.20055361110246905,REIT—Mortgage,Real Estate,ARR
2017Q1,2017,Q1,2017-03-31,2017-03-31,52718000.0,30619000.0,0.0,1.33,0.0,0.0,8142399000.0,1137395000.0,0.0,0.0,7005004000.0,0.0,-1411226000.0,834002040.0,639543040.0,30.97143557346694,0.0,0.0,0.0,0.0,30.97143557346694,0.04634977294607414,27.23805610895196,3.9550155544595778,0.7332562917895719,0.47148981372586213,0.0,0.02980328441402853,0.0037604396443849043,0.0,0.006474504626953309,-165.5094344115896,0.0,-0.48046875,-0.6288639523923006,-0.8172940322351604,-0.5672678618601712,0.0,-0.4397423907498725,0.0,4.2434542344983015,3.2105150041110986,-0.25899999599977447,REIT—Mortgage,Real Estate,ARR
2016Q4,2016,Q4,2016-12-31,2016-12-31,94096000.0,90897000.0,0.0,2.56,0.0,0.0,7978161000.0,1092065000.0,0.0,0.0,6886096000.0,0.0,-1439088000.0,796543560.0,524770560.0,29.737092909269144,0.0,0.0,0.0,0.0,29.737092909269144,0.08616336939651029,8.763144658239545,2.116305581533753,0.729392078310357,0.29931134160857,0.0,0.035357764991534174,0.011393227085790823,0.0,0.011794196682669102,-25.106173290887888,0.0,-0.1794871794871795,0.8225665859912565,0.3143892908331598,-0.19973128394457923,0.0,-0.2071987058506336,0.0,1.2117312561734916,1.2054352255136211,-0.3010509676711524,REIT—Mortgage,Real Estate,ARR
2016Q3,2016,Q3,2016-09-30,2016-09-30,118688000.0,81760000.0,0.0,3.12,0.0,0.0,8855002000.0,1220317000.0,0.0,0.0,7634685000.0,0.0,-1505020000.0,827285620.0,425460620.0,33.24842655913685,0.0,0.0,0.0,0.0,33.24842655913685,0.09725997425259174,10.11846404109589,1.7425637385413857,0.6779268173761408,0.23731126988406578,0.0,0.03404628258859377,0.009233199495607115,0.0,0.013403497819650407,11.246558816732147,0.0,5.638297872340426,1.9188497068188681,1.7759376218656902,-0.43329260928282975,0.0,4.605100354191263,0.0,1.651862315513396,1.4553643351512608,-0.28433903938484206,REIT—Mortgage,Real Estate,ARR
2016Q2,2016,Q2,2016-06-30,2016-06-30,21175000.0,7354000.0,0.0,0.47,0.0,0.0,9538425000.0,1139514000.0,0.0,0.0,8398911000.0,0.0,-1595541000.0,733860000.0,344502000.0,31.05535115689641,0.0,0.0,0.0,0.0,31.05535115689641,0.018582483409593915,99.79059015501768,8.6642266824085,0.6440113943312675,1.4170011806375442,0.0,0.04088654511759736,0.00077098682434469,0.0,0.002219968181329727,-20.07715036112935,0.0,1.0608020698576974,1.528276709676235,-0.5978797718446275,-0.6128556291621663,0.0,1.0757670632435816,0.0,-0.9441671216164663,-0.9806669966960474,-0.347189298586524,REIT—Mortgage,Real Estate,ARR
2016Q1,2016,Q1,2016-03-31,2016-03-31,-279475000.0,78460000.0,0.0,-7.73,0.0,0.0,11344034000.0,1095635000.0,0.0,0.0,10248399000.0,0.0,-1586711000.0,789784990.0,546490990.0,29.86764986506011,0.0,0.0,0.0,0.0,29.86764986506011,-0.25508038717273546,10.066084501656896,-0.7064898380892746,0.7208468057336613,-0.1441917881742553,0.0,0.05102401351030994,0.006916410864071811,0.0,-0.024636297810814035,-3.784198777227296,0.0,-3.408099688473521,-3.9246200901940007,-0.47141597926920736,-0.5532520005436167,0.0,-3.3724935907231024,0.0,-4.146213045475549,0.053308992865371746,-0.534234176138776,REIT—Mortgage,Real Estate,ARR
2015Q4,2015,Q4,2015-12-31,2015-12-31,117798000.0,120313000.0,0.0,3.21,0.0,0.0,13055277000.0,1225166000.0,0.0,0.0,11830111000.0,0.0,-1266938000.0,798222080.0,508297080.0,33.39874056102282,0.0,0.0,0.0,0.0,33.39874056102282,0.09614860353617387,6.634545560330139,1.6940484558311688,0.6515215734031143,0.36824903648618823,0.0,0.05434452527296663,0.00921566045668736,0.0,0.00902301804856381,13.817959734796684,0.0,1.61969111969112,0.43390319564691016,0.2887256790535802,0.013812669691549524,0.0,1.5316921910332968,0.0,0.17196331888886668,1.0770120661967502,-0.38866422249302646,REIT—Mortgage,Real Estate,ARR
2015Q3,2015,Q3,2015-09-30,2015-09-30,-221553000.0,-219044000.0,0.0,-5.18,0.0,0.0,14396404000.0,1419452000.0,0.0,0.0,12976952000.0,0.0,-1341357000.0,872962440.0,596473440.0,32.58538601042217,0.0,0.0,0.0,0.0,32.58538601042217,-0.15608347446761145,-3.985329157612169,-0.9850492207282231,0.6149996195714965,-0.2113309230748399,0.0,0.053634609983907205,-0.01521518845956254,0.0,-0.015389468092170795,12.551219806763285,0.0,-2.1772727272727272,-9.28941294183697,-15.942618866917574,-0.441132698797832,0.0,-2.1188528315607673,0.0,-4.116463257781205,-3.0808268957468754,-0.5509493505767954,REIT—Mortgage,Real Estate,ARR
2015Q2,2015,Q2,2015-06-30,2015-06-30,198018000.0,200397000.0,0.0,4.4,0.0,0.0,15123693000.0,1586794000.0,0.0,0.0,13536899000.0,0.0,-1072984000.0,987242920.0,624030920.0,36.13206881240536,0.0,0.0,0.0,0.0,36.13206881240536,0.1247912457445642,4.926435625283812,1.246405528790312,0.6221619945626213,0.2331757718995243,0.0,0.04676964409124352,0.013250533451055903,0.0,0.013093230601811343,26.091308208679106,0.0,2.4864864864864864,3.532121739142806,53.43247961143169,-0.738388652643743,0.0,2.5782225091456854,0.0,8.487867354497077,0.19613350301933682,-0.39881538820835205,REIT—Mortgage,Real Estate,ARR
2015Q1,2015,Q1,2015-03-31,2015-03-31,-125469000.0,-123214000.0,0.0,-2.96,0.0,0.0,15879802000.0,1658112000.0,0.0,0.0,14221690000.0,0.0,-1224829000.0,1118835650.0,645009650.0,37.5834648457975,0.0,0.0,0.0,0.0,37.5834648457975,-0.07566979793886058,-9.080426331423377,-2.22930694035977,0.6747648228828934,-0.36974073277064456,0.0,0.041463641241678346,-0.007759164755328813,0.0,-0.00790116904480295,15.305968015540781,0.0,0.0878892648264217,-3.678160376831765,-2.1285022901500708,-0.49461189849161125,0.0,0.12365459968010728,0.0,-1.7352644717209318,-1.6120046456236856,-0.47488475105241956,REIT—Mortgage,Real Estate,ARR
2014Q4,2014,Q4,2014-12-31,2014-12-31,-143173000.0,-140854000.0,0.0,-3.24522,0.0,0.0,16285798000.0,1749291000.0,0.0,0.0,14536507000.0,0.0,-1052969000.0,1298837600.0,804276600.0,39.65016645653005,0.0,0.0,0.0,0.0,39.65016645653005,-0.08184630230190403,-9.221162338307751,-2.2679513595440484,0.7424937303170257,-0.40279941050337703,0.0,0.044401240001059404,-0.008648885366255925,0.0,-0.008791279371142881,11.816100654106132,0.0,-3.8975178571428573,-5.292628966951065,-2.848394360260421,-0.46864106695724617,0.0,-3.6468424166235303,0.0,-3.3083746630948947,-2.695417176293385,0.06704404153979798,REIT—Mortgage,Real Estate,ARR
2014Q3,2014,Q3,2014-09-30,2014-09-30,54092000.0,56101000.0,0.0,1.12,0.0,0.0,17517812000.0,1836000000.0,0.0,0.0,15681812000.0,0.0,-852126000.0,1375204600.0,832415600.0,41.12028130214224,0.0,0.0,0.0,0.0,41.12028130214224,0.029461873638344228,24.51301402827044,6.355859461657916,0.7490221132897604,1.0662390002218443,0.0,0.04193921399041277,0.0032025118205401453,0.0,0.003087828548451142,34.87446047726524,0.0,1.6666666666666665,5.027686223396351,0.0,-0.2638876400731149,0.0,1.770651089898846,0.0,1.3442355133353223,1.4376646730503235,-0.29911969575928005,REIT—Mortgage,Real Estate,ARR
2014Q2,2014,Q2,2014-06-30,2014-06-30,-70190000.0,-67699000.0,0.0,-1.68,0.0,0.0,17624750000.0,1950883000.0,0.0,0.0,15673867000.0,0.0,-848544000.0,1546290630.0,1113141630.0,43.70367756803907,0.0,0.0,0.0,0.0,43.70367756803907,-0.035978579955845635,-22.840671649507378,-5.507517559481408,0.7926106434881026,-0.8217694828323123,0.0,0.037302172619386564,-0.0038411324983333097,0.0,-0.003982467836423212,17.363126908911248,0.0,-1.9999999999999996,-8.492617050293243,0.0,-0.2177619753057157,0.0,-2.5488927090706848,0.0,-0.4394058640506688,-4.042877917086518,-0.4551781858818003,REIT—Mortgage,Real Estate,ARR
2014Q1,2014,Q1,2014-03-31,2014-03-31,-19778000.0,-16855000.0,0.0,-0.56,0.0,0.0,17745508000.0,1867774000.0,0.0,0.0,15877734000.0,0.0,-720676000.0,1472883520.0,884051520.0,41.796808915344506,0.0,0.0,0.0,0.0,41.796808915344506,-0.010589075551967208,-87.38555443488579,-18.61770047527556,0.7885769477463548,-2.9203155020730103,0.0,0.039214234673492714,-0.0009498178355897166,0.0,-0.001114535577116192,19.20567896727083,0.0,0.9537244389501397,-75.8170924908776,0.0,-0.25418462675151027,0.0,0.9634266313593799,0.0,-1.1698996611268708,-1.0932133527338526,-0.374820554983317,REIT—Mortgage,Real Estate,ARR
2013Q4,2013,Q4,2013-12-31,2013-12-31,-540776000.0,-538401000.0,0.0,-12.10142,0.0,0.0,15732517000.0,1901228000.0,0.0,0.0,13831289000.0,0.0,-643138000.0,1433558960.0,937080960.0,42.545438270637995,0.0,0.0,0.0,0.0,42.545438270637995,-0.28443511246415476,-2.6626231377727754,-0.6627323327958341,0.7540173824496588,-0.11044683935677618,0.0,0.041663441592942926,-0.034222178180389064,0.0,-0.03437313940293216,20.415832977299267,0.0,-1.4010753968253966,-22.768966828192063,0.0,-0.24087022510226988,0.0,-1.351782833136908,0.0,-6.403597233724896,-5.73410002865873,0.29145900808876485,REIT—Mortgage,Real Estate,ARR
2013Q3,2013,Q3,2013-09-30,2013-09-30,-229943000.0,-226752000.0,0.0,-5.04,0.0,0.0,17630469000.0,2153449000.0,0.0,0.0,15477020000.0,0.0,-42635000.0,1557435600.0,1060955600.0,46.45834883959247,0.0,0.0,0.0,0.0,46.45834883959247,-0.10677893927369536,-6.868453640982218,-1.6932844226612684,0.7232284581617675,-0.35718417172951555,0.0,0.05273540684443067,-0.012861370846118728,0.0,-0.013042364329615962,18.05241037172696,0.0,-1.4921875,-24.303235782020383,0.0,-0.17936873202603892,0.0,-1.4776696407241605,0.0,-9.035988981611752,-15.5369569658902,-0.20319949482913824,REIT—Mortgage,Real Estate,ARR
2013Q2,2013,Q2,2013-06-30,2013-06-30,481385000.0,482818000.0,0.0,10.24,0.0,0.0,24172580000.0,2215601000.0,0.0,0.0,21956979000.0,0.0,269440000.0,1747451790.0000002,944599790.0000002,47.57175562480038,0.0,0.0,0.0,0.0,47.57175562480038,0.21727061867186376,3.619276394003538,0.9075125886764233,0.7887032863769244,0.1716297765821536,0.0,0.04728027432447793,0.01997378848265266,0.0,0.01991450643663192,14.686813776989606,0.0,3.4137931034482762,52.52864614013257,0.0,0.10840053535777573,0.0,3.7060807508065303,0.0,6.804406413200932,120.11816138794904,-0.6555605174527473,REIT—Mortgage,Real Estate,ARR
2013Q1,2013,Q1,2013-03-31,2013-03-31,102290000.0,85777000.0,0.0,2.32,0.0,0.0,27752816000.0,2708798000.0,0.0,0.0,25044018000.0,0.0,-129334000.0,2176301400.0,1339800400.0,64.12589403287615,0.0,0.0,0.0,0.0,64.12589403287615,0.03776213656389291,25.371619431782413,5.318949555186236,0.8034195979176004,0.8048294065891094,0.0,0.0378284000552497,0.0030907494216082434,0.0,0.003685752105299873,22.91663753343302,0.0,-0.15018315018315023,6.884854030140419,0.0,0.49908513045983366,0.0,-0.11624692211326623,0.0,1.2803797834012371,-0.17948391187610388,-0.1376935581705093,REIT—Mortgage,Real Estate,ARR
2012Q4,2012,Q4,2012-12-31,2012-12-31,115745000.0,66704000.0,0.0,2.73,0.0,0.0,20878878000.0,2307775000.0,0.0,0.0,18571103000.0,0.0,-149298000.0,2186439450.0,1415157450.0,54.632399721839995,0.0,0.0,0.0,0.0,54.632399721839995,0.050154369468427384,32.77823593787479,4.722535422696445,0.9474231456706135,0.7318501879130848,0.0,0.038742440363486855,0.003194807690336617,0.0,0.00554364080292054,14.584332997592002,0.0,0.7062499999999999,11.265786961608605,0.0,0.2863891502016087,-1.0,1.1066761311928943,-1.0,2.6244183940486634,-0.08577901128871915,-0.26786149416073285,REIT—Mortgage,Real Estate,ARR
2012Q3,2012,Q3,2012-09-30,2012-09-30,54942000.0,81355000.0,54945000.0,1.6,62133000.0,0.7637268760371213,23517346000.0,2442948000.0,1402471000.0,21074398000.0,21074398000.0,0.0,-180430000.0,2057643000.0,1330337000.0,72.56505708716234,0.0665485676032122,0.0,0.0,0.02249004072129247,72.56505708716234,0.02249004072129247,25.292151680904677,9.362796221469914,0.8422786731440866,1.5542572167012485,0.0,0.04150088232020812,0.003459361443251292,0.054847165741104445,0.002336233008605648,19.4317080771737,0.7637268760371213,3.5000000000000004,830.7912721437625,0.0,3308.7335868727223,-0.17264108231910305,5.037774674799736,-0.20845638550745516,6.425714944005135,0.0,0.2990192121540132,REIT—Mortgage,Real Estate,ARR
2012Q2,2012,Q2,2012-06-30,2012-06-30,-13607000.0,86204000.0,69415000.0,-0.64,75098000.0,0.8711660711799917,13906493000.0,1358090000.0,577979000.0,12548403000.0,12548403000.0,0.0,-150152000.0,1285296030.0,13071146030.0,60.10145320374171,0.0460599647620498,0.8710022001952613,8.918838957653763,0.005154181395952868,60.10145320374171,-0.010019218166689983,14.909934921813372,-23.614610678327335,0.9463997452304339,-4.013375468508856,0.0,0.04248826630235526,0.006198831006494592,0.029842044441830567,-0.0009784638010460294,24.588613980716254,0.8711660711799917,-1.1666666666666665,-4.118565609936685,0.0,0.40033686022045256,0.07247618639589849,-1.2086195265546424,0.0647778868572831,-2.6353210051976164,0.0,0.07573652039141947,REIT—Mortgage,Real Estate,ARR
2012Q1,2012,Q1,2012-03-31,2012-03-31,65224000.0,76952000.0,65192000.0,3.84,70023000.0,0.9099568562220605,12812634000.0,1206907000.0,675080000.0,11605727000.0,11605727000.0,0.0,-81857000.0,910595250.0,645845250.0,71.571840507624,0.058167833863402095,0.0,0.0,0.05404227500544781,71.571840507624,0.05404227500544781,11.833288933361056,3.490261445173556,0.7544866754439239,0.7168373604808046,0.0,0.05134553469282868,0.006005946942681731,0.04537406402890573,0.005090600418305869,25.577799780905032,0.9099568562220605,1.7234042553191489,11.594457779525237,0.0,0.6731506590709705,1.588029902476626,1.751300512975138,1.7456596092168952,652.8459872507245,0.0,0.2771161322480352,REIT—Mortgage,Real Estate,ARR
2011Q4,2011,Q4,2011-12-31,2011-12-31,23706607.0,31754639.0,23743657.0,1.41,27056488.0,0.8520483574069287,6207746751.0,626605627.0,814072070.0,5581141124.0,5581141124.0,0.0,-100878380.0,951066150.0,698693705.0,37.15888465045255,0.14586122298526563,0.0,0.0,0.037833377133078314,37.15888465045255,0.037833377133078314,29.950463300810945,10.029547353613276,1.5178065900132747,1.2249827653531355,0.0,0.030534348215421187,0.0051153244927210784,0.11940814471331042,0.0038188746981634076,21.20875590865839,0.8520483574069287,1.4005681818181817,5.293237830254452,0.0,-0.1250469265250619,1.857004248961579,1.6877077633041617,1.688823514565039,3.7612890761639948,0.0,-0.3369814276982941,REIT—Mortgage,Real Estate,ARR
2011Q3,2011,Q3,2011-09-30,2011-09-30,-34471920.0,-28120123.0,-34469870.0,-3.52,-31571008.0,-1.122719413425041,6384111010.0,574667885.0,408287592.0,5809443125.0,5809443125.0,0.0,-94910261.0,532848326.4,282362437.4,58.6694775888856,0.07027998780864216,0.0,0.0,-0.059985812501076166,58.6694775888856,-0.059985812501076166,-18.949004113531082,-3.864365013611078,0.9272283005687711,-0.8201951907523573,0.0,0.05306144656777137,-0.004404704579220655,0.04784160771003331,-0.005399642948877858,13.136742028436691,1.122719413425041,-2.142857142857143,-1788.4181841288237,0.0,2674.948291020693,-5.141335294140532,-3.740065804454506,-3.7418788999074595,-17.53208476107934,0.0,0.03632627908003407,REIT—Mortgage,Real Estate,ARR
2011Q2,2011,Q2,2011-06-30,2011-06-30,-7272456.0,3318080.0,-7269243.0,-1.12,-5140740.0,-1.5493116501109074,5530026383.0,534030257.0,271626109.0,4995996126.0,4995996126.0,0.0,-32164751.0,391453062.0,203219196.0,80.21646056660556,0.05436875893206007,0.0,0.0,-0.013618059847122109,80.21646056660556,-0.013618059847122109,117.97577574983123,-13.456700941195106,0.7330166350480773,-2.7794952626732976,0.0,0.05163775420921347,0.0006000116039591054,0.043220848166045996,-0.001315085226782362,18.27542505145511,-1.5493116501109074,-1.4242424242424243,-6.657372992666832,0.0,0.869007495493385,-1.5153258811631096,-1.846020735282262,-1.8447625023053262,-6.657372992666832,0.0,0.869007495493385,REIT—Mortgage,Real Estate,ARR
2011Q1,2011,Q1,2011-03-31,2011-03-31,8596073.0,13352447.0,8605073.0,2.64,9975707.0,0.7471070283971171,2345673563.0,220612375.0,71758831.0,2125061188.0,2125061188.0,0.0,-4677964.0,199837644.24,152663483.24,66.85569918926102,0.03376788932253559,0.0,0.0,0.03896460024058034,66.85569918926102,0.03896460024058034,14.966368654374739,5.811887714308615,0.9058315257247016,1.1363279488203508,0.0,0.04887946931694674,0.005692372208400082,0.027179311977533514,0.0036646501608715108,17.767776253545886,0.7471070283971171,0.17857142857142852,7.482274567720924,0.0,0.5629003860707907,0.2856864840816229,0.16320275334086423,0.18917753972931758,7.482274567720924,0.0,0.5629003860707907,REIT—Mortgage,Real Estate,ARR
2010Q4,2010,Q4,2010-12-31,2010-12-31,7390004.0,8398054.0,7236155.0,2.24,7759051.0,0.9239105869050139,1209223950.0,108708577.0,47373270.0,1100515373.0,1100515373.0,0.0,-3826510.0,206173315.92,170829408.92,32.943700112945244,0.043046440933269904,0.0,0.0,0.06797995341250765,32.943700112945244,0.06797995341250765,24.55012981816978,6.974736276191461,1.8965689884800903,0.9464295283196058,0.0,0.03392348795861575,0.00694499476296347,0.038551450566606485,0.006111360926981309,52.98891969828902,0.9239105869050139,5.666666666666667,9.025120552036471,0.0,-0.22429879323336838,104.82362543989937,17.132068964011754,16.79905111656463,9.025120552036471,0.0,-0.22429879323336838,REIT—Mortgage,Real Estate,ARR
2010Q3,2010,Q3,2010-09-30,2010-09-30,-458094.0,311869.0,-458012.0,-0.48,-74733.0,-0.23962945980523873,564384713.0,54035550.0,24314516.0,510349163.0,510349163.0,0.0,-6562624.0,52046616.95999999,40082096.95999999,58.30612372620193,0.047642903648692767,0.0,0.0,-0.008477641108492464,58.30612372620193,-0.008477641108492464,166.88615078767043,-28.403895794312955,0.963192138508815,-2.0118643771802294,0.0,0.01770764468146519,0.000552582295048803,0.03384748766600799,-0.0008116697519409956,15.41874827175851,-0.23962945980523873,0.7272727272727273,-250.32765356794775,0.0,2658.3755143769768,0.6395108774299358,0.34590050875071215,0.34601759423596723,-250.32765356794775,0.0,2658.3755143769768,REIT—Mortgage,Real Estate,ARR
2010Q2,2010,Q2,2010-06-30,2010-06-30,-700343.0,-34228.0,-700343.0,-1.76,-207310.0,-6.05673717424331,507162530.0,54319364.0,29583030.0,452843166.0,452843166.0,0.0,-3435350.0,20010849.6,-1876418.3999999985,138.11353818380604,0.06532731908335788,0.0,0.0,-0.012893063328208335,138.11353818380604,-0.012893063328208335,-584.6339137548207,-7.143231816409959,0.36839256070818505,-1.3159566098326105,0.0,0.046056065505584526,-6.748921297478344e-05,0.05654949422379049,-0.0013809044607455522,17.840213039295836,6.05673717424331,-2.692307692307692,-10.222070670033137,0.0,2.217983394820939,-1.35011957197287,-3.2899523596211004,-3.272122063503908,-10.222070670033137,0.0,2.217983394820939,REIT—Mortgage,Real Estate,ARR
2010Q1,2010,Q1,2010-03-31,2010-03-31,305833.0,712758.0,308233.0,1.04,592112.0,0.8307335729658594,191640680.0,21417725.0,27056869.0,170222955.0,170222955.0,0.0,-1812963.0,18870152.255982,16088396.255982,74.36555141212335,0.158949590553166,0.0,0.0,0.014279434440399249,74.36555141212335,0.014279434440399249,26.47483754090729,15.425209392039118,0.8810530649722136,0.23034466522579317,0.0,0.003733250216763232,0.0037192416557904093,0.15785301694474754,0.001595866806567374,24.299608087933738,0.8307335729658594,0.368421052631579,2.457693357717803,0.0,0.7384598534128279,0.22512352371572578,0.40463046313816986,-0.8552401947707949,2.457693357717803,0.0,0.7384598534128279,REIT—Mortgage,Real Estate,ARR
2009Q4,2009,Q4,2009-12-31,2009-12-31,217732.0,497461.0,2129272.0,0.76,483308.0,0.9715495285057522,126693608.0,21491096.0,126643245.0,105202512.0,105202512.0,0.0,-1197174.0,19008396.0,12355065.0,74.62030652139191,1.2038043825417402,0.0,0.0,0.09907693865403606,74.62030652139191,0.010131265525034181,38.21082657735983,21.82545055389194,0.8844777390599344,0.0,0.0,0.0,0.003926488540763635,1.199416217361806,0.0017185713110325187,-9.122021775685864,0.9715495285057522,3.375,2.384208341329789,0.0,0.7570297695611452,0.0,1.243830385289457,2.9360591090901322,2.384208341329789,0.0,0.7570297695611452,REIT—Mortgage,Real Estate,ARR
2009Q3,2009,Q3,2009-09-30,2009-09-30,-892965.0,0.0,-1099797.0,-0.32,0.0,0.0,250039255.0,165838589.0,569484.0,9306773.0,84200666.0,0.0,-69312.0,235837505.93750003,235723806.93750003,55.86141945263158,0.061190275082458764,0.0,0.0,-0.005691648507667145,55.86141945263158,-0.005384542918415689,0.0,-66.0265256582005,1.4220906446418211,0.0,0.0,0.0,0.0,0.05686439327573586,-0.003571299234594184,-899.5766251692637,0.0,-1.0,-151.93676146045928,0.0,2546.871159953496,0.0,-0.8158700656423105,-0.5257560476179246,-151.93676146045928,0.0,2546.871159953496,REIT—Mortgage,Real Estate,ARR
2009Q2,2009,Q2,2009-06-30,2009-06-30,-491756.0,0.0,-720821.0,-0.16,0.0,0.0,250193557.0,165864211.0,728793.0,9446551.0,84329346.0,0.0,834751.0,231800005.93749997,231740798.93749997,55.870050021052634,0.07714910976503488,0.0,0.0,-0.003422335389237237,55.870050021052634,-0.0029648107752431293,0.0,-117.84299832513481,1.397528764885271,0.0,0.0,0.0,0.0,0.0062675785056366074,-0.00196550225312157,-826.5966042410323,0.0,-28.047033367498006,-1.8578515089803354,0.0,0.30174706694063286,0.0,-29.00113882245758,-1.9806437473638943,-1.8578515089803354,0.0,0.30174706694063286,REIT—Mortgage,Real Estate,ARR
2009Q1,2009,Q1,2009-03-31,2009-03-31,17562.0,0.0,-241834.0,0.005915621052631579,0.0,0.0,250322642.0,166373986.0,888243.0,9083880.0,83948656.0,0.0,1344526.0,227050008.90625,226990010.90625,56.04176370526316,0.09778233530165524,0.0,0.0,0.000264702300309277,56.04176370526316,0.00010555736760433209,0.0,3232.1206141989805,1.3646965752581657,0.0,0.0,0.0,0.0,0.02212182459477668,7.015745703099443e-05,11609.060686483792,0.0,1.011619077745628,-0.9807378831940498,0.0,0.31010063754015704,0.0,1.0116191522160545,0.8675596281237952,-0.9807378831940498,0.0,0.31010063754015704,REIT—Mortgage,Real Estate,ARR
2008Q4,2008,Q4,2008-12-31,2008-12-31,-1511470.0,0.0,-1825984.0,-0.50913,0.0,0.0,250189469.0,166383633.0,897075.0,8968269.0,83805836.0,0.0,1354173.0,217787502.96875,216953308.96875,56.045013221052635,0.10002766420141947,0.0,0.0,-0.012547704914867253,56.045013221052635,-0.00908424688623069,0.0,-36.022465376214875,1.3089478757129314,0.0,0.0,0.0,0.0,0.0930161662189214,-0.006041301442627867,1310.2679824370098,0.0,-4.1820625,-3.279094168219819,0.0,0.3196509268774927,0.0,-3.391623218905512,-10.364739125293301,-3.279094168219819,0.0,0.3196509268774927,REIT—Mortgage,Real Estate,ARR
2008Q3,2008,Q3,2008-09-30,2008-09-30,631985.0,0.0,-160671.0,0.16,0.0,0.0,251623977.0,168069666.0,1723240.0,8891307.0,83554311.0,0.0,3040206.0,218025005.93750003,218000370.93750003,56.61294012631579,0.19381177592900573,0.0,0.0,-0.0005440542830030293,56.61294012631579,0.0037602561785301577,0.0,86.24611578498698,1.297229959018899,0.0,0.0,0.0,0.0,0.0027706837701138875,0.0025116247169084368,2277.142471538984,0.0,0.0,109.23911260977572,0.0,2581.1484459471408,1.0,-0.16211808847023262,-0.17520004681168536,109.23911260977572,0.0,2581.1484459471408,REIT—Mortgage,Real Estate,ARR
2008Q2,2008,Q2,2008-06-30,2008-06-30,754265.0,0.0,-136718.0,0.16,-136718.0,0.0,250922960.0,167653447.0,1133474.0,8822275.0,83269513.0,0.0,2623987.0,291249992.1875,291209851.1875,42.919282432,0.1284786520483662,0.0,0.0,-0.00047708413236726696,42.919282432,0.004498953129189166,0.0,96.5343719341014,1.737214458748945,0.0,0.0,0.0,0.0,0.004549960186006444,0.0030059624675238964,-560.1607727574335,0.0,-0.3333333333333333,0.0,0.0,0.0,0.26496489285061453,-0.3712650720415453,0.26496489285061453,0.0,0.0,0.0,REIT—Mortgage,Real Estate,ARR
2008Q1,2008,Q1,2008-03-31,2008-03-31,1199655.0,0.0,-186002.0,0.24,-186002.0,0.0,250966698.0,167096430.0,720710.0,9620278.0,83870268.0,0.0,2066970.0,287499992.1875,287396413.1875,42.77668608,0.07491571449390548,0.0,0.0,-0.000655113177356443,42.77668608,0.007179417298143353,0.0,59.91305670953316,1.7205633429002642,0.0,0.0,0.0,0.0,0.01076673667850347,0.004780136207553721,217.5054373996638,0.0,0.3333333333333333,0.0,0.0,0.0,0.0,0.3747783964786384,-0.18642640727156753,0.0,0.0,0.0,REIT—Mortgage,Real Estate,ARR
2007Q4,2007,Q4,2007-12-31,2007-12-31,872617.0,0.0,-156775.0,0.18,0.0,0.0,249200417.0,165896775.0,171037.0,9053652.0,83303642.0,0.0,867315.0,282812507.8125,282779126.8125,42.4695744,0.018891492626400927,0.0,0.0,-0.0009450153566879163,42.4695744,0.0052599997799836675,0.0,81.02423738378349,1.7047498832481824,0.0,0.0,0.0,0.0,0.0036870204421376035,0.0035016674952032686,205.14278322669233,0.0,92.5215959252971,0.0,0.0,0.0,0.0,494.84097340124504,-71.34656206737425,0.0,0.0,0.0,REIT—Mortgage,Real Estate,ARR
2007Q3,2007,Q3,2007-09-30,2007-09-30,-1767.0,0.0,-2167.0,-0.0019667489206254864,0.0,0.0,454700.0,19698.0,182655.0,435002.0,435002.0,0.0,-5302.0,65406216.295311004,65573561.295311004,0.02192474263637851,0.41989462117415555,0.7697382889817462,17.768301350390903,-0.005861541041606933,0.02192474263637851,-0.08970453853183065,0.0,-9253.850636008914,3320.449603782669,,0.0,,0.0,0.41989462117415555,-0.0038860787332307017,0.0,0.0,0.0,0.0,0.0,0.0,0.0,0.0,0.0,0.0,0.0,0.0,REIT—Mortgage,Real Estate,ARR
