Quarters,Year,Quarter,FillingDate,Date,NetIncome,Revenue,OperatingIncome,EPSDiluted,GrossProfit,GrossProfitRatio,TotalAssets,CommonStockEquity,CurrentAssets,CurrentLiability,TotalLiability,Inventory,RetainedEarnings,MarketCap,EnterpriseValue,bookValuePerShare,currentRatio,debtToAssets,debtToEquity,roic,shareholdersEquityPerShare,roe,priceToSalesRatio,peRatio,pbRatio,payoutRatio,inventoryTurnover,dividendYield,assetTurnover,quickRatio,returnOnAssets,priceToFreeCashFlowsRatio,grossProfitMargin,epsdilutedGrowth,fiveYNetIncomeGrowthPerShare,fiveYRevenueGrowthPerShare,fiveYShareholdersEquityGrowthPerShare,grossProfitGrowth,netIncomeGrowth,operatingIncomeGrowth,threeYNetIncomeGrowthPerShare,threeYRevenueGrowthPerShare,threeYShareholdersEquityGrowthPerShare,Industry,Sector,Symbol
2023Q1,2023,Q1,2023-05-11,2023-03-31,-1316000.0,4254000.0,-1310000.0,-0.0689,3922000.0,0.9219558063,23595000.0,17830000.0,14516000.0,5764000.0,5765000.0,0.0,-132064000.0,47721880.0,42366880.0,0.9340579206016192,2.5183900069396254,0.0,0.0,-0.07386457361713869,0.9340579206016192,-0.07380818844643859,11.218119417019276,-9.065706686930092,2.6764935501962985,0.0,0.0,0.0,0.18029243483788937,2.3877515614156835,-0.05577452850180123,220.93462962962963,0.921955806299953,-1.3120805369127517,0.014178872226684042,2.204377062057701,-0.0908342162684237,-0.09086694483078349,-1.3458110516934045,-2.0324074074074074,-42.86316099833114,0.1555584870964004,0.24723457197043974,Software—Application,Technology,IDN
2022Q4,2022,Q4,2023-03-28,2022-12-31,-561000.0,4551000.0,-432000.0,-0.0298,4314000.0,0.9479235333,22453000.0,18504000.0,13321000.0,3948000.0,3949000.0,0.0,-130748000.0,37677942.0,32481942.0,0.9822192517839748,3.374113475177305,0.0,0.0,-0.029970883900666906,0.9822192517839748,-0.030317769130998703,8.279046802900462,-16.790526737967912,2.036205252918288,0.0,0.0,0.0,0.20269006368859396,3.220111448834853,-0.024985525319556407,-22.17654031783402,0.9479235332893869,0.22193211488250653,0.8437449731849656,2.812606174505292,-0.06305017500449848,0.180623973727422,0.22513812154696133,0.40331491712707185,-5.530042597082528,0.3472502621222459,0.35038165517462505,Software—Application,Technology,IDN
2022Q3,2022,Q3,2022-11-14,2022-09-30,-724000.0,4012000.0,-724000.0,-0.0383,3654000.0,0.9107676969,24058000.0,18332000.0,14877000.0,5724000.0,5726000.0,0.0,-130187000.0,47674861.92,35899861.92,0.9689936821950212,2.599056603773585,0.0,0.0,-0.039493781365917524,0.9689936821950212,-0.039493781365917524,11.88306628115653,-16.462314198895026,2.6006361509927993,0.0,0.0,0.0,0.1667636545016211,2.5174703004891685,-0.030093939645855848,-261.9497907692308,0.9107676969092722,0.3441780821917808,0.5311626999176526,1.8887045730317293,-0.32256592626232133,0.0027442371020856204,0.3406193078324226,0.3406193078324226,-0.06841091213122544,0.7429394329677276,0.36826722217449237,Software—Application,Technology,IDN
2022Q2,2022,Q2,2022-08-15,2022-06-30,-1098000.0,4008000.0,-1098000.0,-0.0584,3644000.0,0.9091816367,24194000.0,18360000.0,14951000.0,5830000.0,5834000.0,0.0,-129463000.0,38001084.36,26044084.36,0.9759510978333567,2.5644939965694684,0.0,0.0,-0.059803921568627454,0.9759510978333567,-0.059803921568627454,9.481308473053891,-8.652341612021859,2.0697758366013073,0.0,0.0,0.0,0.16566090766305697,2.4725557461406518,-0.04538315284781351,45.56484935251798,0.909181636726547,0.25699745547073793,0.42782390977394325,1.4118099057818756,-0.06484547929741895,0.18350113673270543,0.25204359673024523,0.25204359673024523,-0.051685330242179306,1.1527675929648609,0.33099110823645583,Software—Application,Technology,IDN
2022Q1,2022,Q1,2022-06-17,2022-03-31,-1468000.0,3395000.0,-1468000.0,-0.0786,3079000.0,0.906921944,23450000.0,18938000.0,14163000.0,4506000.0,4512000.0,0.0,-128365000.0,47619957.15,36496957.15,1.014110530336754,3.1431424766977365,0.0,0.0,-0.07751610518534165,1.014110530336754,-0.07751610518534165,14.026496951399116,-8.109665727179836,2.5145188061041295,0.0,0.0,0.0,0.14477611940298507,2.9895694629383045,-0.06260127931769723,-18.837008366297468,0.9069219440353461,-0.05503355704697995,0.09941413696750624,1.7376845934271172,-0.10203107554755228,-0.14256028324751047,-0.051142222120385855,-0.05213666882636592,-0.013496167677710912,1.2229254870821127,0.31325284567926237,Software—Application,Technology,IDN
2021Q4,2021,Q4,2022-03-24,2021-12-31,-1396576.0,3902089.0,-1395256.0,-0.0745,3590923.0,0.92025656,25711000.0,21199000.0,16486000.0,4504000.0,4512000.0,0.0,-120523000.0,86556148.14,72905148.14,1.1315126897928525,3.6603019538188275,0.0,0.0,-0.06584818566662763,1.1315126897928525,-0.0658793339308458,22.182002547866027,-15.494349777598929,4.083029772159064,0.0,0.0,0.0,0.15176729804363892,3.5175399644760215,-0.05431822955155381,224.45329379640123,0.9202565600118295,-0.4899999999999999,0.2654946357769163,2.0467526884367575,-0.06124407652817336,0.08139517725353464,-0.4666326413808385,-0.46588066453671434,-0.7556043636694871,1.4482948962442412,0.3696490012882119,Software—Application,Technology,IDN
2021Q3,2021,Q3,2021-11-12,2021-09-30,-952233.0,4831229.0,-951821.0,-0.05,3320639.0,0.6873280070143643,25857194.0,21797832.0,16912836.0,4049625.0,4059362.0,0.0,-119126799.0,153440444.42999998,140174413.42999998,1.1634758015931277,4.176395592184462,0.0,0.0,-0.043665856310847795,1.1634758015931277,-0.04368475727310863,31.760126549579823,-40.28437484050647,7.0392525472257965,0.0,0.0,0.0,0.18684274094087702,3.961663857764608,-0.03682661776834718,115.70953283467172,0.6873280070143643,-0.25000000000000006,0.2835589177722292,1.175974658824519,-0.12063132522691113,-0.0023991888542566377,-0.29066462451798286,-0.2890404187460641,0.2976556694396065,2.8775091740106595,0.34072957054157565,Software—Application,Technology,IDN
2021Q2,2021,Q2,2021-08-12,2021-06-30,-737785.0,4797141.0,-738395.0,-0.04,3328625.0,0.6938768320547593,25386010.0,22111476.0,16556299.0,3267936.0,3274534.0,374898.0,-118174566.0,156589383.32999998,144649435.32999998,1.1819003956990677,5.06628618185913,0.0,0.0,-0.03339419765555226,1.1819003956990677,-0.03336661017111657,32.64223072242404,-53.06064210101859,7.081815041655292,0.0,3.9171081200753273,0.0,0.18896790003627983,4.696904100937105,-0.02906266089078197,-212.19856319907632,0.6938768320547593,0.3333333333333333,0.7976374872637483,1.483808380260832,-0.2175870438685122,0.25997752301165905,0.30401974971369705,0.31325380763535987,0.44007940694006703,3.000409264436201,0.26017310850423875,Software—Application,Technology,IDN
2021Q1,2021,Q1,2021-05-12,2021-03-31,-1060066.0,2862541.0,-1075208.0,-0.06,2641813.0,0.9228908861043388,24168208.0,22132008.0,15435259.0,2029437.0,2036200.0,0.0,-117436781.0,155160309.0,142548693.0,1.195320041802701,7.6056852220591225,0.0,0.0,-0.04858158374061676,1.195320041802701,-0.04789741626697406,54.20369839244224,-36.5921341218377,7.010674720522422,0.0,0.0,0.0,0.1184424182380423,7.331745700901284,-0.04386200251172946,-298.5138001754602,0.9228908861043388,-1.8733864007316283,0.7414916882241267,0.5739325269160611,-0.13565518484248099,-0.07265533157375773,-1.841551979270531,-3.3384559172151005,0.18131646496188492,1.2229964181300919,0.16346541113387283,Software—Application,Technology,IDN
2020Q4,2020,Q4,2021-03-29,2020-12-31,1259656.0,3078067.0,459794.0,0.06869811569053344,2848793.0,0.9255136421656839,24340474.0,22211441.0,15581971.0,2120371.0,2129033.0,0.0,-116376715.0,209123300.33499998,196034528.33499998,1.2113498792300896,7.348700298202531,0.0013401546740626333,0.0014686125046997176,0.02064014832371124,1.2113498792300896,0.05671203412691685,67.9398142844194,41.504049584767586,9.415116305826352,0.0,0.0,0.0,0.12645879451649134,7.188012380852219,0.05175149834797794,737.5962906849604,0.9255136421656839,38.77887416938821,1.4289374463918822,0.05740088730448413,-0.28191023597527726,0.18439339186022727,37.86387757620634,17.088595145363705,1.3604733304959122,1.649373714497933,0.15552006875403393,Software—Application,Technology,IDN
2020Q3,2020,Q3,2020-11-12,2020-09-30,32412.0,2698975.0,25419.0,0.001727,2405276.0,0.891181281782899,23905523.0,20793668.0,15076659.0,2339700.0,3111855.0,0.0,-117636371.0,122301833.69,110360446.69,1.1340285045238883,6.44384280035902,0.036432375899075706,0.04188462564661511,0.0011697955556880947,1.1340285045238883,0.0015587437483372342,45.314178045369076,943.3376040509688,5.881686371543491,0.0,0.0,0.0,0.11290173404698153,6.219363166217891,0.0013558373100642893,-346.44939645624123,0.891181281782899,1.03454,1.0137360851889616,-0.34069390318335513,-0.36824152122609144,0.4735953438505131,1.042632054538304,1.0330375176436644,1.0216556482590111,1.0050390479633402,-0.20718827824137448,Software—Application,Technology,IDN
2020Q2,2020,Q2,2020-08-13,2020-06-30,-760273.0,1842195.0,-769398.0,-0.05,1632250.0,0.8860354088465119,25427844.0,22064442.0,16526671.0,2903591.0,3363402.0,0.0,-117668783.0,123650419.45,110263555.45,1.34723794582324,5.691804045404466,0.04730054974381627,0.054510827874097154,-0.03293113924232673,1.34723794582324,-0.03445693301466676,67.1212436522735,-40.659874627272046,5.604058305666647,0.0,0.0,0.0,0.07244794328610794,5.522204745778589,-0.029899231724089544,642.6102383340523,0.8860354088465119,-33.23726627981947,0.6238793358814212,-0.5171979274907814,-0.28500920536221785,-0.32618143749060846,-29.579542891511917,-32.36047933480069,0.5449145916273912,0.27334749586115337,0.2909208855808728,Software—Application,Technology,IDN
2020Q1,2020,Q1,2020-05-06,2020-03-31,26602.0,3115272.0,24534.0,0.001551,2422388.0,0.7775847502240575,14334528.0,12097444.0,5354607.0,2225927.0,2237084.0,0.0,-116908510.0,54760531.11,52178515.11,0.7489031667282527,2.4055627161178244,0.029863069087450945,0.03538540868633076,0.0019388963922491562,0.7489031667282527,0.0021989769078492945,17.578089845766275,514.6279519397038,4.52661992979674,0.0,0.0,0.0,0.21732644423311323,2.233766875553421,0.00185579880969921,-93.31329021583176,0.7775847502240575,-0.7640562922109109,1.0114550677061886,0.7695180087914889,-0.6533100585043602,-0.057810152317038496,-0.7494796914876586,-0.6568959248174978,1.0188666253466439,1.9041595453268274,-0.336865409609061,Software—Application,Technology,IDN
2019Q4,2019,Q4,2020-03-19,2019-12-31,106187.0,2896472.0,71506.0,0.006573601875352593,2571019.0,0.8876381335638667,13997171.0,11749513.0,5380096.0,2201716.0,2247658.0,6113.0,-116935112.0,120990082.01,117797700.01,0.7273641847992661,2.4435921799178457,0.008991174002232307,0.010711167347957315,0.005942079146007902,0.7273641847992661,0.009037566067631909,41.77153516761081,284.851446057427,10.297455052817934,0.0,53.239489612301654,0.0,0.20693267232357168,2.2826499875551614,0.0075863186925415145,493.25724050911583,0.8876381335638667,1.1643400468838148,1.0099877600900085,0.4689083814754188,-0.4989385455447685,0.5384747490946343,1.186873273146437,1.123174924723181,1.0647723630196833,1.622994376299101,-0.396544605145726,Software—Application,Technology,IDN
2019Q3,2019,Q3,2019-11-13,2019-09-30,-568230.0,1930201.0,-580524.0,-0.04,1671148.0,0.8657896250183271,13412483.0,11234735.0,4710537.0,2095736.0,2177748.0,73989.0,-117041299.0,79161379.96000001,76592228.96000001,0.7081903786711098,2.247676711188814,0.009195985560615436,0.010978541104885874,-0.050278133544980654,0.7081903786711098,-0.050577962008004636,41.01198784997003,-34.82805376344086,7.046127920240219,0.0,3.501236670315858,0.0,0.14391078818142772,1.9934734145903874,-0.04236575733218077,-157.4201129921033,0.8657896250183271,0.3333333333333333,-1.539021403462006,-0.8135401416748914,-0.8154954026471822,0.24805396253779866,0.3496108973911411,0.36881864696838895,0.49510095729299414,0.026696026799838752,-0.4647413947704538,Software—Application,Technology,IDN
2019Q2,2019,Q2,2019-08-09,2019-06-30,-873677.0,1557991.0,-919742.0,-0.06,1339003.0,0.8594420635292501,13435794.0,11543351.0,4655191.0,1770937.0,1892443.0,81591.0,-116473069.0,87057086.76,84213558.76,0.7332514032542846,2.62865985633594,0.008995523450270226,0.010470269854914747,-0.0774081139390018,0.7332514032542846,-0.0756866008839201,55.87778540440863,-24.911118971885493,7.541751676787789,0.0,2.683972496966577,0.0,0.11595823812124538,2.4002869667300417,-0.06502607884580547,-82.31803734977355,0.8594420635292501,0.25000000000000006,0.7530076598345788,-0.5948626831108587,-0.8067922052084178,0.23217695456967305,0.27973332036264076,0.2455008572530168,0.7152203171362639,-0.041353687548400804,-0.5145907386989134,Software—Application,Technology,IDN
2019Q1,2019,Q1,2019-05-10,2019-03-31,-1212991.0,1278994.0,-1219010.0,-0.08,1086697.0,0.8496498028919603,13922974.0,12076453.0,5044630.0,1688003.0,1846521.0,83456.0,-115599392.0,56299554.0,52705441.0,0.7722127034967275,2.9885195701666407,0.008504935798917673,0.009805362551404788,-0.09798049311996106,0.7722127034967275,-0.10044265480932191,44.01862244858068,-11.603456662085705,4.661927968419204,0.0,2.304172258435583,0.0,0.09186212658301308,2.7472901410720243,-0.08712154457804777,-103.15259926455096,0.8496498028919603,-0.8841176160536124,0.6221460675495474,-0.6681183002635822,-0.8092215796816653,-0.12298783784874384,-0.8267248974059712,-0.7080337176260908,0.6497861250840467,-0.1673987367039143,-0.44160724900123666,Software—Application,Technology,IDN
2018Q4,2018,Q4,2019-03-21,2018-12-31,-664025.0,1330393.0,-713692.0,-0.04246019426725832,1239090.0,0.9313714067948343,14460781.0,12919705.0,5749203.0,1504788.0,1541076.0,82337.0,-114386401.0,33466957.1,29090940.1,0.8261333295819715,3.820606623657286,0.0,0.0,-0.055240580183525866,0.8261333295819715,-0.05139629736127876,25.155692415699722,-12.600036557358534,2.590380902659929,0.0,1.1088939358975916,0.0,0.09200007938713683,3.5855223460048857,-0.04591902747161443,-32.72104808779073,0.9313714067948343,0.39342579618202406,0.6866243637803531,-0.7240747513620124,-0.7615909043103399,0.33648068391777197,0.4130004888531752,0.3817551178810517,0.7348869453080104,-0.46414630007628915,-0.5102671013022869,Software—Application,Technology,IDN
2018Q3,2018,Q3,2018-11-14,2018-09-30,-1131219.0,1039581.0,-1154384.0,-0.07,927129.0,0.8918294966914555,15289294.0,13565183.0,6514041.0,1675670.0,1724111.0,83828.0,-113722376.0,38766908.64,33378364.64,0.8677930487675841,3.8874247315998973,0.0,0.0,-0.0850990362606977,0.8677930487675841,-0.0833913556492382,37.29089762125318,-8.567507405727802,2.8578242283941178,0.0,1.3414610869876413,0.0,0.06799404864606567,3.594530545990559,-0.07398765436782104,-35.75438700823422,0.8918294966914555,0.0,-16.917542465323546,-0.9104003086642196,-0.8110015841165071,0.008818040858518538,-0.028030444166761332,-0.009433401306055635,0.43765675720863967,-0.702118036285337,-0.5165592273977689,Software—Application,Technology,IDN
2018Q2,2018,Q2,2018-08-14,2018-06-30,-1100375.0,1001418.0,-1143596.0,-0.07,919025.0,0.9177236678390043,16314664.0,14652943.0,7470907.0,1605107.0,1661721.0,81217.0,-112591157.0,35933707.3,29471076.299999997,0.9378873328775625,4.654460419149626,0.0,0.0,-0.07804548205776819,0.9378873328775625,-0.07509583569662422,35.882825453506925,-8.163968488015449,2.452320144833703,0.0,1.0144797271507198,0.0,0.06138146639121713,4.321415955447207,-0.0674469912466478,-27.36499005808273,0.9177236678390043,0.0,0.7335980668609777,-0.8705588939281301,-0.7954651344367307,-0.04426820910717944,-0.030355154748739885,-0.05709692954603647,0.4293460941865339,-0.724879233837614,-0.5022551053480943,Software—Application,Technology,IDN
2018Q1,2018,Q1,2018-05-14,2018-03-31,-1067957.0,1062062.0,-1081827.0,-0.07,961593.0,0.9054019445192465,17714996.0,15689325.0,8791334.0,1863818.0,2025671.0,81964.0,-111490782.0,27488183.400000002,19722491.400000002,1.0273790955571114,4.71684145125758,0.0,0.0,-0.06895306203421753,1.0273790955571114,-0.06806902145248442,25.881900868310893,-6.434758936923491,1.7520309764760433,0.0,1.225769850178127,0.0,0.05995270899299102,4.543741931883907,-0.06028547790809549,-29.181962890065165,0.9054019445192465,0.6326954112048379,0.736865715355168,-0.8523975947782756,-0.7875924359074943,0.11184816039590223,0.633048602401773,0.6341290439095065,0.5135574496013228,-0.3618786074395799,-0.5243951229521473,Software—Application,Technology,IDN
2017Q4,2017,Q4,2018-03-23,2017-12-31,-2910350.0,967612.0,-2956854.0,-0.19057752648725415,864860.0,0.8938086753781475,17882104.0,16009053.0,8966944.0,1626908.0,1873051.0,85321.0,-110422825.0,39094305.28,31084144.28,1.0483157428293353,5.511647862079478,0.0,0.0,-0.1846988700705782,1.0483157428293353,-0.1817940136746377,40.402873548488444,-3.3582133832700536,2.44201235888219,0.0,1.204299058848349,0.0,0.05411063485594313,5.324694451069145,-0.16275210120688258,-44.851589916444574,0.8938086753781475,-1.382219081090677,0.6621357175487901,-0.5844199729897406,-0.7944969223127174,0.003693959569537077,-1.707692737092325,-1.7314367216706834,0.710441452160531,-0.48093584508945325,-0.2778437242200146,Software—Application,Technology,IDN
2017Q3,2017,Q3,2017-11-14,2017-09-30,-1074845.0,966690.0,-1082527.0,-0.08,861677.0,0.8913684842090018,20433046.0,18835287.0,10060892.0,1497411.0,1597759.0,81591.0,-107512475.0,37923710.4,28982948.4,1.4303881658161803,6.7188580823835276,0.0,0.0,-0.05747334776475665,1.4303881658161803,-0.05706549626772345,39.230477609161156,-8.820739362419697,2.01343947665889,0.0,1.287065975413955,0.0,0.04731012693848974,6.455357947817934,-0.0526032682547673,-55.16216176117644,0.8913684842090018,0.20000000000000004,0.26348727337008315,-0.881053555756923,-0.7492752957930581,0.15398017945627426,0.021581116250194574,0.016518444021080957,-2.2283501104326464,-0.8874968929760343,-0.6273414599512461,Software—Application,Technology,IDN
2017Q2,2017,Q2,2017-08-14,2017-06-30,-1098553.0,951334.0,-1100709.0,-0.1,746700.0,0.7848978381935261,12733248.0,11239259.0,2247172.0,1362659.0,1493989.0,82127.0,-106437630.0,41893109.93,40857919.93,1.043625493143235,1.649108104081799,0.0,0.0,-0.0979343033201744,1.043625493143235,-0.09774247572726992,44.036174393010235,-9.53370250001593,3.727390740795278,0.0,2.491677523835036,0.0,0.07471259493257337,1.3289539055625803,-0.08627437398533351,-29.98211507439507,0.7848978381935261,-0.11111111111111122,-6.750989978477282,-0.9118221505662075,-0.8197461552624334,0.237848626712465,-0.17271928579129914,-0.1706482064459041,0.546016994992689,-0.6383767707360276,-0.7250103044827638,Software—Application,Technology,IDN
2017Q1,2017,Q1,2017-05-10,2017-03-31,-936757.0,712660.0,-940256.0,-0.09,603224.0,0.8464400976622793,13610870.0,12119894.0,3017716.0,1276717.0,1490976.0,75777.0,-105339077.0,28010144.16,25706802.16,1.1293381126246942,2.36365302569011,0.0,0.0,-0.07757955638885951,1.1293381126246942,-0.07729085749429822,39.303656947211856,-7.475296197412989,2.311088212487667,0.0,1.4441849109888225,0.0,0.05235962139084423,2.086625305373078,-0.06882418243653786,-33.890194592357865,0.8464400976622793,0.11319353037959815,-20.87145718748831,-0.9159064940652598,-0.804139300613912,0.026907585399153583,0.13992078240686331,0.13852739286748295,0.5747729026180937,-0.7305210794510554,-0.7209922341911568,Software—Application,Technology,IDN
2016Q4,2016,Q4,2017-03-30,2016-12-31,-1089152.0,733633.0,-1091452.0,-0.10148775756961331,587418.0,0.8006973514004959,14533525.0,12935451.0,3830318.0,1359635.0,1598074.0,70547.0,-104368426.0,29512604.0,26420432.0,1.2053321438528433,2.817166371857153,0.0,0.0,-0.08437680294254912,1.2053321438528433,-0.08419899700443378,40.228021367632046,-6.77421608737807,2.2815288001941334,0.0,2.0725899046026055,0.0,0.050478669145991764,2.6435756655278806,-0.07494066305318221,-37.69155929159914,0.8006973514004959,-0.4498251081373329,-24.05130463261789,-0.9181779555795926,-0.7905544463529909,-0.37916296314302594,-0.4983065583377584,-0.49440480640342627,0.25097397348915973,-0.778273313567856,-0.6521600858701069,Software—Application,Technology,IDN
2016Q3,2016,Q3,2016-11-10,2016-09-30,-726922.0,1214308.0,-730359.0,-0.07,946171.0,0.7791853467159897,15538259.0,13557118.0,4735668.0,1695327.0,1981141.0,74241.0,-103279274.0,17624201.88,14089802.879999999,1.3230807907654312,2.793365527712353,0.0,0.0,-0.053872733128088136,1.3230807907654312,-0.0536192131690526,14.513782236467188,-6.061242430412066,1.2999961997822842,0.0,3.6117105103648925,0.0,0.07814955330581116,2.5731254206415635,-0.046782718707417605,-20.551830717545002,0.7791853467159897,0.631578947368421,-1.7944162924732114,-0.887065810830523,-0.7704436842150973,0.2637518365166288,0.5904932410050949,0.5895000770011589,-16.6043476348556,-0.8403365481605869,-0.7118435393142706,Software—Application,Technology,IDN
2016Q2,2016,Q2,2016-08-11,2016-06-30,-1775116.0,940354.0,-1779194.0,-0.19,748700.0,0.7961895201168921,16095807.0,13759691.0,5189901.0,1982405.0,2336116.0,76977.0,-102552352.0,12570221.28,8577464.28,1.5105838757358772,2.617982198390339,0.0,0.0,-0.12930479325444155,1.5105838757358772,-0.12900842031990398,13.367541670477287,-1.7703380060796026,0.9135540383864725,0.0,2.4897566805669227,0.0,0.0584222959432851,2.4259825817630607,-0.11028437406089672,-6.714926361471424,0.7961895201168921,0.13636363636363635,-6.286589799345899,-0.8895551322004758,-0.733948976612299,-0.0494219337604396,0.17185749788545882,0.17193101015262918,0.26288754582759083,-0.7915228066529032,-0.6705712305573762,Software—Application,Technology,IDN
2016Q1,2016,Q1,2016-05-13,2016-03-31,-2143491.0,950668.0,-2148606.0,-0.22,787626.0,0.8284974354874678,16014446.0,13384343.0,5000558.0,2240479.0,2630103.0,76211.0,-100777236.0,15485308.8,11411041.8,1.3829203586821595,2.231914693241936,0.0,0.0,-0.16053130138700122,1.3829203586821595,-0.16014913843735176,16.28887140410743,-1.8060851200214976,1.1569719036638557,0.0,2.1393499626038235,0.0,0.059363152493692256,2.1269237515727664,-0.13384734008282273,-19.55316979793146,0.8284974354874678,-0.37363648562514684,-0.057178470616007414,-0.8837938673956907,-0.7562952846836327,-0.19344248193600183,-0.38283675296825687,-0.38152519029192883,0.16666622878443857,-0.7915287901456666,-0.7140853400736896,Software—Application,Technology,IDN
2015Q4,2015,Q4,2016-03-25,2015-12-31,-1550068.0,1536495.0,-1555242.0,-0.16015882098521664,976528.0,0.6355555989443507,18472834.0,16326412.0,7365323.0,1705825.0,2146422.0,74732.0,-98633745.0,10646149.8,4692892.800000001,1.686905927248929,4.317748303606759,0.0,0.0,-0.09525926455855702,1.686905927248929,-0.0949423547562073,6.928854177852841,-1.7170456070314337,0.6520814126214627,0.0,7.493001659262431,0.0,0.08317592200525377,4.169377867014495,-0.08391067661843332,-14.684850925893997,0.6355555989443507,-0.23199093065551255,0.15700077541459367,-0.8239539326169593,-0.7119637475232754,-0.3004758633484934,-0.22264684330377812,-0.12742975864433712,0.7160633463567332,0.04125768481058223,-0.6693130269293203,Software—Application,Technology,IDN
2015Q3,2015,Q3,2015-11-10,2015-09-30,-1267797.0,2199473.0,-1379458.0,-0.13,1395989.0,0.6346924922470064,19903067.0,17684260.0,8593809.0,1768621.0,2218807.0,92446.0,-97083677.0,8866587.6,2200988.5999999996,1.795034879032831,4.859044984764966,0.0,0.0,-0.07800484724834401,1.795034879032831,-0.071690701222443,4.03123275439162,-1.7484241562332141,0.5013830151784695,0.0,8.691387404538865,0.0,0.11050924965483963,4.68760689825576,-0.06369857469705549,-6.976977813799588,0.6346924922470064,-0.08333333333333341,0.15216304707213354,-0.7899308967385776,-0.7035829960253714,0.3412344450166407,-0.04433706515713282,-0.13233123687662426,-0.16115038067760357,-0.6382677689842613,-0.6853584223902984,Software—Application,Technology,IDN
2015Q2,2015,Q2,2015-08-14,2015-06-30,-1213973.0,2291570.0,-1218246.0,-0.12,1040824.0,0.45419690430578163,21444271.0,18533573.0,9968214.0,2423420.0,2910698.0,135115.0,-95815880.0,13573579.26,5693335.26,1.8842731346013446,4.1132837064974295,0.001086723815419046,0.0012573938117598803,-0.06564930079560262,1.8842731346013446,-0.06550129324766465,5.923266258503995,-2.7952803027744437,0.7323778992857988,0.0,9.25689967805203,0.0,0.10686164150788804,3.9651158280446643,-0.05661059776758091,-7.411865610312936,0.45419690430578163,0.14285714285714296,0.31832965589439516,-0.742199065913687,-0.6950781364261646,0.7493869387274882,0.0676899777515469,0.08213669785114179,-7.958382967432486,-0.7674387701291453,-0.6745504213157594,Software—Application,Technology,IDN
2015Q1,2015,Q1,2015-05-06,2015-03-31,-1302113.0,987127.0,-1327263.0,-0.14,594965.0,0.6027238643052009,22239473.0,19565206.0,10572871.0,2184201.0,2674267.0,111907.0,-94601907.0,14129428.56,4419086.5600000005,2.1601525660001637,4.840612654238323,0.0010973281606088418,0.001247316281770813,-0.06775341622421273,2.1601525660001637,-0.06655248097055559,14.31368867430432,-2.712788475347378,0.7221712135307955,0.0,3.5043562958528063,0.0,0.04438625861323243,4.725739526719382,-0.058549633797527485,-16.41542410550909,0.6027238643052009,0.787287633307399,0.42362868431169215,-0.8660036974080983,-0.6607240552192006,0.6740337865214063,0.7815694500221599,0.7773638120645239,-33.7285134810402,-0.8619844744461419,-0.625365523727749,Software—Application,Technology,IDN
2014Q4,2014,Q4,2015-03-30,2014-12-31,-5961222.0,1105622.0,-5961578.0,-0.6581657765216798,355408.0,0.3214552532420665,15813707.0,13148037.0,3982327.0,2102071.0,2665670.0,115021.0,-93299794.0,26719111.700000003,23752761.700000003,1.4516466559777135,1.8944778744390651,0.0,0.0,-0.4534196245416711,1.4516466559777135,-0.45339254825644315,24.166588309566926,-1.1205383602556658,2.0321749703016505,0.0,6.522408951408873,0.0,0.06991542210817489,1.7879614913102364,-0.37696550214317237,-265.55001788944327,0.3214552532420665,-10.402368236023996,-2.7736699844259056,-0.8442255971595818,-0.7787707373464068,-0.8236699636432915,-19.188708835886654,-19.192959113297487,-161.46207189176081,-0.8538923427229316,-0.7477533980059513,Software—Application,Technology,IDN
2014Q3,2014,Q3,2014-11-04,2014-09-30,327743.0,3218344.0,327686.0,0.07,2015584.0,0.6262798507555438,22597484.0,18930885.0,5895086.0,2953520.0,3666599.0,115021.0,-87338572.0,19382984.01,16316016.010000002,3.838334593456645,1.995952626019123,0.0,0.0,0.01730959751749588,3.838334593456645,0.017312608470232638,6.022657618327935,14.785200606877952,1.0238815570428959,0.0,10.456873092739587,0.0,0.14242045707389372,1.9262673013895284,0.014503517294226206,-27.737209662739982,0.6262798507555438,1.2916666666666667,0.9422813419298969,-0.4422264840933682,-0.44472719959256546,1.6902108701078042,1.2976594521495968,1.2975044691129594,-0.2558736573271424,-0.37815525362034635,-0.3340437302291223,Software—Application,Technology,IDN
2014Q2,2014,Q2,2014-08-12,2014-06-30,-1101067.0,1197041.0,-1101449.0,-0.24,749229.0,0.6259008672217576,20826030.0,18597458.0,4632539.0,1826428.0,2228572.0,89601.0,-87666315.0,28617927.2,24852150.2,3.7951440005060886,2.536392893670049,0.0,0.0,-0.05922578236229919,3.7951440005060886,-0.059205241920696906,23.90722389625752,-6.497771525256865,1.5388085403929934,0.0,4.997846006182967,0.0,0.05747811752888093,2.4296512099026075,-0.05286975001956686,-43.13150666763124,0.6259008672217576,0.0,-2.5801631594017205,-0.8019210497711072,-0.4207466443472633,0.027182541314665985,-0.21038404544874922,-0.2106123355183617,-7.095384842623387,-0.7386625205048938,-0.33158167417452084,Software—Application,Technology,IDN
2014Q1,2014,Q1,2014-05-13,2014-03-31,-909684.0,1092049.0,-909828.0,-0.24,729402.0,0.6679205786553534,20111235.0,17937713.0,3823308.0,1822988.0,2173522.0,91787.0,-86565248.0,32616487.68,29945723.68,4.047694189983365,2.097275462043634,0.0,0.0,-0.05072151617098568,4.047694189983365,-0.0507134883917476,29.86723826494965,-8.963686203121084,1.8183191848369968,0.0,3.95096255461013,0.0,0.05430044450278663,1.9885599905210567,-0.04523262743436691,-31.28892968250116,0.6679205786553534,-0.7713096699303353,-0.1695093293998291,-0.6318460967837053,-0.36518879513750535,-0.1796960137654144,-0.5150062703077197,-0.5150745107965303,0.02015425307052446,-0.708470298645745,-0.28669633499529207,Software—Application,Technology,IDN
2013Q4,2013,Q4,2014-03-25,2013-12-31,-600449.0,1366298.0,-600517.0,-0.13549296550130563,889185.0,0.6507987276567777,17902217.0,15356304.0,1428101.0,2148428.0,2545913.0,54677.0,-85655564.0,17726352.0,17501966.0,3.4651921613651813,0.6647190410849235,0.0,0.0,-0.03910556863161865,3.4651921613651813,-0.039101140482762,12.974001279369508,-7.380456958043064,1.1543371373736804,0.0,8.726027397260275,0.0,0.07632004460676574,0.5892238418043332,-0.033540482723452635,-42.30319952461751,0.6507987276567777,-30.85084060394484,0.9868053005215668,-0.6171371836125629,-0.4678173665507239,-0.5008434495824854,-39.01272474044062,-39.19353812885581,0.28683000941346276,-0.6581141558089592,-0.4083244666173591,Software—Application,Technology,IDN
2013Q3,2013,Q3,2013-11-05,2013-09-30,15796.0,2578863.0,15723.0,0.004539,1781375.0,0.6907598426128104,19113889.0,15953058.0,2381503.0,2776546.0,3160831.0,54275.0,-85055115.0,16482786.056,15839369.056,4.591536096802687,0.8577214279900279,0.0,0.0,0.00098557906578162,4.591536096802687,0.0009901549909741444,6.391493482205142,260.8696197771588,1.0332054240635242,0.0,14.693468447719944,0.0,0.1349208944344084,0.8016351971118073,0.0008264147604917032,341.99489700390075,0.6907598426128104,1.0189124999999999,-0.9056009984435964,-0.3381784982710099,-0.7269068709956197,0.8547411405558263,1.0171961819163575,1.017116711083242,1.0299528261040585,-0.30160700263146956,-0.24179224072296135,Software—Application,Technology,IDN
2013Q2,2013,Q2,2013-08-06,2013-06-30,-918576.0,1720501.0,-918576.0,-0.24,960444.0,0.5582350722260551,19137963.0,15931962.0,2172673.0,2817634.0,3206001.0,109894.0,-85070912.0,9172545.360000001,8577324.360000001,4.58546434269146,0.7710983754454979,0.0,0.0,-0.057656175680057486,4.58546434269146,-0.057656175680057486,5.3313223067002005,-2.4964034984584833,0.5757323147017298,0.0,6.916273863905218,0.0,0.08989990209511849,0.6999489642728616,-0.047997584695926104,-16.603364569889457,0.5582350722260551,0.0,-2.854043656958558,-0.43458953995671173,-0.7313475617161955,0.0736628177998075,0.0026622426245456166,0.0026784851521590197,-0.4601915224769553,-0.4520566715195974,-0.25795878153266183,Software—Application,Technology,IDN
2013Q1,2013,Q1,2013-05-09,2013-03-31,-921028.0,1632875.0,-921043.0,-0.24,894549.0,0.547836790936232,19219543.0,16762191.0,2022415.0,1982260.0,2457352.0,149638.0,-84152336.0,11644190.879999999,10566990.879999999,4.836829139990876,1.0202571811972194,0.0,0.0,-0.05494764974340168,4.836829139990876,-0.054946754872319495,7.131097530429456,-3.160650620828031,0.6946699795987291,0.0,4.934080915275532,0.0,0.08495909606175339,0.8776855710149022,-0.04792143080613311,-19.130265509406435,0.547836790936232,0.57451736685378,-0.0725829830399867,-0.2555177346666286,-0.8328251354846876,18.391073441428944,0.5288345993706731,0.5290459253380894,-0.06550742013149553,-0.4207011255714495,-0.24032227998956024,Software—Application,Technology,IDN
2012Q4,2012,Q4,2013-03-27,2012-12-31,-1954787.0,528376.0,-1955696.0,-0.5640653255934945,46132.0,0.08730903750359592,20460748.0,17678435.0,2999066.0,2255026.0,2782313.0,337559.0,-83231308.0,18020771.6,16334892.600000001,5.10121675367108,1.3299474152404451,0.0,0.0,,5.10121675367108,-0.11057466342467531,34.105961663663756,-2.304697596208692,1.0193646439857376,0.0,1.4286213669314105,0.0,0.025823884835490862,1.1333022324354576,-0.09553839380652164,-17.136070549662048,0.08730903750359592,-6.050816569918681,-1.6709993944909474,-0.7742193188435459,3.60087831950835,-0.9705628987364227,-4.1266915991775415,-4.129075573832403,-2.2341341108572217,-0.8054360086822443,-0.22258049753111828,Software—Application,Technology,IDN
2012Q3,2012,Q3,2012-11-14,2012-09-30,-381296.0,2123403.0,-381296.0,-0.08,1567138.0,0.7380313581548109,22472771.0,19627807.0,4854784.0,2210451.0,2844964.0,117867.0,-81276521.0,43487262.72,40749756.72,5.705014870156445,2.196286640147192,0.0,0.0,,5.705014870156445,-0.019426316959403566,20.479985532656777,-28.512797616549875,2.2155945755936974,0.0,4.719429526500208,0.0,0.09448781371910032,2.090319124920661,-0.01696702200187062,42.39594860690954,0.7380313581548109,-5.560038083981746,0.7200390307691166,0.10570052248635448,2.746138287606185,-0.2972762098048914,-7.259168061984964,-7.259168061984964,-4.239321487040204,-0.4724411145326884,-0.17468383587033748,Software—Application,Technology,IDN
2012Q2,2012,Q2,2012-07-31,2012-06-30,60918.0,3440652.0,60918.0,0.01754371312840997,2230091.0,0.6481594186218194,23341519.0,19884761.0,5466343.0,2835085.0,3456758.0,36097.0,-80895225.0,47258362.24,45664953.24,5.7897544136307335,1.928105506536841,0.0,0.0,,5.7897544136307335,0.003063552033640233,13.735292682898475,193.9425220788601,2.376612031696031,0.0,33.53633265922376,0.0,0.147404802575188,1.8685270459263126,0.0026098558538542416,-55.79756593278793,0.6481594186218194,3.02826526921237,1.0256651150412046,1.0744831335461495,2.0946859379851754,0.13904576376541927,3.0399230718217387,3.0399230718217387,-0.8752619597335864,-0.18766504183374802,-0.11630898009308224,Software—Application,Technology,IDN
2012Q1,2012,Q1,2012-05-10,2012-03-31,15079.0,2710786.0,15079.0,0.004355153386370759,1957859.0,0.7222477170827944,22702115.0,19793693.0,4577656.0,2398064.0,2908422.0,20928.0,-80956143.0,46686256.8,44257978.8,5.766027161980568,1.90889650985128,0.0,0.0,,5.766027161980568,0.0007618083194480182,17.222405899986203,774.0277339346111,2.3586430687795352,0.0,35.97701643730887,0.0,0.11940676011904618,1.8454307307895035,0.0006642112419922108,45.14544283600708,0.7222477170827944,2.0750289179353967,1.0107958272093358,0.7632147731492129,1.504952819037678,0.008911837531852837,2.084274106565039,2.084040258806614,1.0250261997804002,0.1797547900024326,-0.09569782741373602,Software—Application,Technology,IDN
2011Q4,2011,Q4,2012-03-08,2011-12-31,-13907.0,2868031.0,-13910.0,-0.004051196496867146,1940565.0,0.6766192555101392,22945152.0,19755396.0,4573600.0,2589807.0,3189756.0,11894.0,-80971222.0,24441628.56,23047480.56,5.754871005207683,1.7660003235762356,0.0,0.0,,5.754871005207683,-0.0007039595662876108,8.522093575697054,-439.3763672970447,1.237212787837814,0.0,77.9776357827476,0.0,0.12499507521240216,1.7194084346825844,-0.0006060975320625464,-202.78292356323269,0.6766192555101392,-1.0506399562108395,0.9820785495316419,0.12466718532688989,1.236077965712337,-0.1635535348754812,-1.045452911280702,-1.0449256030721232,0.9996054826897731,0.037506508630967335,-0.11616953285911899,Software—Application,Technology,IDN
2011Q3,2011,Q3,2011-11-03,2011-09-30,305965.0,3595303.0,309623.0,0.08,2320011.0,0.6452894234505409,23684637.0,19747413.0,5041247.0,3401149.0,3937224.0,47569.0,-80957315.0,28506008.96,26991329.96,5.763643601969878,1.482218803116241,0.0,0.0,,5.763643601969878,0.015493928242651328,7.928680547926002,23.2918871112709,1.4435313101518665,0.0,26.80930858332107,0.0,0.1517989488291503,1.4380672531547427,0.012918289606887368,630.050591459641,0.6452894234505409,1.2053806716226607,1.2083174769089282,1.0660479560976546,1.2540560517621493,0.08001424494793145,1.4510141630351192,1.4318679851396885,0.8542354312541574,-0.06433378373115303,-0.6571928364400549,Software—Application,Technology,IDN
2011Q2,2011,Q2,2011-08-03,2011-06-30,124832.0,3165342.0,127319.0,0.036274916629761754,2148130.0,0.6786407282372647,22882852.0,19227311.0,3970484.0,3098872.0,3655541.0,24799.0,-81263280.0,33864030.0,32587483.0,5.677797651372267,1.2812675063700598,0.008667319965186158,0.010315170956562777,,5.677797651372267,0.006492431520975554,10.6983795115978,67.81920901691873,1.761246281396291,0.0,41.01826686559942,0.0,0.13832812448378376,1.2327685686920917,0.005455264055372119,-123.86530062839711,0.6786407282372647,1.1511454859573405,1.0596705401241049,0.9765866975863371,1.019336438985756,0.23750686262027948,1.1763789139935203,1.1805267247442093,1.5373716679928193,0.06727626323822085,-0.6673501156857967,Software—Application,Technology,IDN
2011Q1,2011,Q1,2011-05-03,2011-03-31,-707749.0,2855655.0,-705264.0,-0.24,1735853.0,0.6078650957486111,23134823.0,19170747.0,3958107.0,3267340.0,3964076.0,65302.0,-81388112.0,25945797.119999997,24397956.119999997,5.674573661354522,1.2114157081907606,0.008464858365244464,0.010215199230369062,,5.674573661354522,-0.03691817538461073,9.0857604017292,-9.164900663935944,1.3534056403748898,0.0,17.148050595693853,0.0,0.12343535111550237,1.1383522988118775,-0.03059236718603812,114.2131316635119,0.6078650957486111,-0.2632449006300597,0.6650314248987891,1.3836409936336267,0.7590294563212904,-0.1335062474198912,-0.10268071369367011,-0.10308670456944889,0.15452343474462846,0.33558457794668417,-0.8038702514472339,Software—Application,Technology,IDN
2010Q4,2010,Q4,2011-03-08,2010-12-31,-641844.0,3046567.0,-639355.0,-0.18998691376493734,2003307.0,0.6575621018674462,23973876.0,19785613.0,4527417.0,3353459.0,4188263.0,17524.0,-80680363.0,37029517.3272,35733946.3272,5.856575041314437,1.350073759661293,0.008064319678636862,0.009771392981354684,,5.856575041314437,-0.032439935017429075,12.154506146492102,-14.423098652943708,1.871537532205851,0.0,59.53321159552613,0.0,0.12707861674098922,1.3104970121895034,-0.026772642020839683,104.4812614864579,0.6575621018674462,-0.18741821103085837,0.6024906834611885,1.065727724375282,0.6419579774937855,-0.10608713578521535,-0.2598788102440087,-0.27795345155667844,0.10036141453399772,0.33542244272008875,4.282149423422581,Software—Application,Technology,IDN
2010Q3,2010,Q3,2010-11-09,2010-09-30,-509449.0,3567137.0,-500296.0,-0.16,2241054.0,0.6282500503905513,24515121.0,20325775.0,4828020.0,3544519.0,4189346.0,172.0,-80038519.0,28731023.680000003,27787365.680000003,6.055775663890302,1.3621086528242619,0.007784297699366852,0.009388719495320597,,6.055775663890302,-0.025064185744455007,8.05436507765191,-14.099067659373167,1.4135266025526703,0.0,7709.78488372093,0.0,0.14550762364175154,1.3162683004379439,-0.020781011033965527,-31.879613730048217,0.6282500503905513,0.0,0.7155578398478036,2.5440455084289666,0.4461713052968133,0.12018254386776066,0.15324690434638077,0.15799607185112755,0.616581012570033,0.9039806931365524,2.976461690630287,Software—Application,Technology,IDN
2010Q2,2010,Q2,2010-08-10,2010-06-30,-601650.0,3003018.0,-594173.0,-0.16,2000615.0,0.6662014679898689,24563837.0,20534299.0,4685510.0,3240176.0,4029538.0,61941.0,-79529070.0,42268000.32,40575342.32,6.179527805965532,1.4460665099673597,0.02381549755439266,0.028488919928554658,,6.179527805965532,-0.029299758418828908,14.075173815141968,-17.563367539267016,2.0584097036865003,0.0,16.183190455433397,0.0,0.12225362023042247,1.331700500219741,-0.024493323254017686,-203.29755050213552,0.6662014679898689,0.3333333333333333,-0.33982899417219503,0.21977349043445552,2.5532532438792233,0.14358955011869667,0.2665309406544107,0.2689926600673709,0.7380145683259387,0.8713832461224224,2.3030240038311947,Software—Application,Technology,IDN
2010Q1,2010,Q1,2010-05-11,2010-03-31,-820280.0,2674829.0,-812814.0,-0.24,1749417.0,0.6540294725382445,24823473.0,20938577.0,4839723.0,3084524.0,3884896.0,3823.0,-78927420.0,57879993.6,56056680.6,6.366948789710992,1.5690339903336787,0.023264270877809887,0.027580670835463172,,6.366948789710992,-0.03917553709595451,21.63876404809429,-17.640315989662067,2.7642754137494636,0.0,242.06434737117448,0.0,0.10775401975380318,1.4577737116002338,-0.033044530070389426,-86.29737350604738,0.6540294725382445,-0.3760678974355398,0.7920799515831117,2.5851668309940825,2.573790920785587,0.06395399754296766,-0.4301280922501312,-0.4421823988644429,0.3869726567884822,0.8161024511375041,1.7660130400732983,Software—Application,Technology,IDN
2009Q4,2009,Q4,2010-03-11,2009-12-31,-573571.0,2577071.0,-563600.0,-0.1744099985525914,1644260.0,0.6380344196958485,25758172.0,21579141.0,5523295.0,3266249.0,4179031.0,43706.0,-78107140.0,98659080.0,96220608.0,6.5617298478761406,1.6910208009248529,0.022128899519733,0.02641439712544628,,6.5617298478761406,-0.026579881006384823,38.28341555199682,-43.00212179486062,4.5719651213178505,0.0,21.34285910401318,0.0,0.10004867581441726,1.598793600855293,-0.02226753513409259,-292.7456210888007,0.6380344196958485,-6.316004938260614,0.851462901289387,2.1208871065403136,8.887270430739502,-0.31383497252435416,-6.2236368769523605,-6.160274311246212,0.22845506193940085,0.054874771902320686,1.5495861708308263,Software—Application,Technology,IDN
2009Q3,2009,Q3,2009-11-10,2009-09-30,109803.0,3754633.0,109219.0,0.03280847188408707,2396304.0,0.6382258931831686,26759901.0,22184898.0,6150257.0,3699120.0,4575003.0,33958.0,-77533569.0,38512548.0,35727063.0,6.912520459565542,1.6626270572460478,0.02092683377266605,0.025242396877371263,,6.912520459565542,0.00494944804343928,10.25734019809659,87.6855550394798,1.7359803953121624,0.0,40.0002650332764,0.0,0.1403081797649401,1.5581365297692424,0.0041032663013215185,26.90053050119965,0.6382258931831686,-0.7949470507244559,1.0263332135935617,5.458917084367469,1.9147335632317422,-0.08039780413346355,-0.7569638576617375,-0.7589585820755529,1.0798105397300743,1.303374094733479,1.703360868719935,Software—Application,Technology,IDN
2009Q2,2009,Q2,2009-08-04,2009-06-30,451797.0,3918341.0,453113.0,0.16,2605805.0,0.665027622659692,24689676.0,20816924.0,5907165.0,3302126.0,3872752.0,9599.0,-77827343.0,44482060.0,42008468.0,6.551785955956176,1.78889751632736,0.0,0.0,,6.551785955956176,0.021703350600693935,11.352268728015249,24.613963793473616,2.136821943530178,0.0,136.73674341077196,0.0,0.158703621708118,1.687199398205883,0.018299025066185557,-126.20133969228499,0.665027622659692,2.0,1.0684875054626939,5.038669834570669,0.7299475042539548,0.8665703465304336,1.8120499814870068,1.8090812343536284,1.2301755383041133,1.6078297817807283,1.3301746440540743,Software—Application,Technology,IDN
2009Q1,2009,Q1,2009-05-07,2009-03-31,-556366.0,2121712.0,-560034.0,-0.16,1396039.0,0.6579776143039207,23470021.0,20211391.0,4557076.0,2712553.0,3258630.0,36500.0,-78279140.0,30430166.4,27604505.4,6.376217305206717,1.6799951927206584,0.0,0.0,,6.376217305206717,-0.027527348315610736,14.342270015911678,-13.673627791777355,1.505594859849082,0.0,19.881452054794522,0.0,0.09040094169493926,1.5422806485255771,-0.023705389952569707,-51.49015448653953,0.6579776143039207,0.9844187341480176,0.7928704281023821,1.8482013111864346,0.4261096404826356,-0.24287352924427766,0.9829073168190022,0.982798396981646,0.7193544972947044,0.8875316571110964,0.9765280581602186,Software—Application,Technology,IDN
2008Q4,2008,Q4,2009-03-31,2008-12-31,-32549951.0,2552560.0,-32557082.0,-10.268742059852817,1843865.0,0.7223591218227975,24194081.0,20639526.0,5063484.0,2830321.0,3554555.0,39350.0,-77722774.0,41841478.8,38440530.8,6.511283802904213,1.7890140376303607,0.0,0.0,,6.511283802904213,-1.577068727256624,16.391966809790954,-0.3213636081971368,2.0272499862642195,0.0,18.010038119440914,0.0,0.1055034907091532,1.6935298151693747,-1.345368356830747,40.244845061860794,0.7223591218227975,-225.7914293665669,-10.076304145130123,2.5784675525897787,0.19752303252841083,-0.2812868713382023,-215.17964138838624,-214.5366704707935,-20.48527262764964,0.8446373914833246,0.8255130871686268,Software—Application,Technology,IDN
2008Q3,2008,Q3,2008-11-07,2008-09-30,151975.0,3538994.0,152466.0,0.045681199184456456,2565509.0,0.724926066560158,56917363.0,53054912.0,5168430.0,3029554.0,3862451.0,160441.0,-45172823.0,42915806.4,41395537.4,16.813078064402863,1.7060035899673682,0.0,0.0,,16.813078064402863,0.0028644850075333268,12.126555286615348,70.59681921368646,0.8088941208685824,0.0,6.067557544517922,0.0,0.062177757602719576,1.5681707604485677,0.0026700991049075835,164.50085823255458,0.724926066560158,1.5710149898057058,1.0449184032644474,2.6434357889203546,34.891347468387885,0.2576542367430816,1.7159716202464854,1.6830760959655922,1.0902535664491204,2.739885390510823,3.0151076261690193,Software—Application,Technology,IDN
2008Q2,2008,Q2,2008-08-12,2008-06-30,-212264.0,2709998.0,-223205.0,-0.08,2039916.0,0.7527370868908391,56554331.0,52814887.0,4364114.0,2953884.0,3739444.0,143959.0,-45324798.0,51981932.55199999,50728569.55199999,17.068389075432002,1.477415497697269,0.0,0.0,,17.068389075432002,-0.004019018349883055,19.181539083054673,-61.22320854219274,0.9842287942791584,0.0,4.654672510923249,0.0,0.04791848744528514,1.2992382233019306,-0.00375327576591791,-98.94366160165521,0.7527370868908391,0.6666666666666666,0.962646645795372,1.856955562516238,15.326009224238106,1.494870628292998,0.5298318359824925,0.5372474302465885,0.49237551180129197,0.18209123030664032,8.81439209505998,Software—Application,Technology,IDN
2008Q1,2008,Q1,2008-05-15,2008-03-31,-451464.0,1153134.0,-482342.0,-0.24,817644.0,0.7090624333338537,56746441.0,52715824.0,4257964.0,3050542.0,4030617.0,172924.0,-45112534.0,47372312.0,45900268.0,28.932753461557883,1.3958057289491508,0.0,0.0,,28.932753461557883,-0.008564107809450158,41.0813591481996,-26.232607694079707,0.898635521660441,0.0,1.9401008535541626,0.0,0.02032081624290764,1.1935285598428083,-0.007955811713372474,-579.3006664628554,0.7090624333338537,-0.1364638554999675,0.863796562420992,1.6582477263986861,5.979480330938774,0.14278925645824278,-0.17331947241894613,-0.174261494490727,0.793451548378672,1.789701254876016,15.24005705862397,Software—Application,Technology,IDN
2007Q4,2007,Q4,2008-03-27,2007-12-31,-384775.0,1230375.0,-410762.0,-0.21118137531476192,715481.0,0.5815145788885503,4074411.0,2020153.0,3726070.0,1962577.0,2054258.0,62784.0,-44661070.0,46351985.28,45959002.28,1.1087484604931253,1.8985599036369019,0.0,0.0,,1.1087484604931253,-0.19046824671200646,37.67305519049071,-30.11629217074914,22.94478946891646,0.0,8.201038481141692,0.0,0.30197616293496166,1.5896013251964127,-0.09443696279044995,-1004.6814912432808,0.5815145788885503,0.4720465617130952,0.8507777422124061,1.0523234472926635,-0.6824221185116588,0.5286324411978985,0.3668777211382462,0.363461675546175,0.8201463846608941,1.6893897599672811,0.6706716251218257,Software—Application,Technology,IDN
2007Q3,2007,Q3,2007-11-13,2007-09-30,-607742.0,856938.0,-645306.0,-0.4,468053.0,0.5461923733105546,4014577.0,2337989.0,3867404.0,1588314.0,1676588.0,141830.0,-44276295.0,50200335.0272,49928212.0272,1.5229055715938344,2.4349114847567925,0.0,0.0,,1.5229055715938344,-0.2599421981882721,58.58105840469205,-20.6503479384344,21.471587345877158,0.0,2.741909328068815,0.0,0.21345661074628783,2.0165263291767244,-0.1513838195157298,-51.65105830172042,0.5461923733105546,0.4444444444444444,0.6445501316554543,1.6460819250068162,-0.6813505181318215,-0.04404258839051749,0.4257201389440104,0.4139484955154263,0.6953084394200145,2.0817197143874293,-0.35785159564849134,Software—Application,Technology,IDN
2007Q2,2007,Q2,2007-08-13,2007-06-30,-1058268.0,739476.0,-1101108.0,-0.72,489617.0,0.6621134424917103,4736477.0,2864818.0,4584437.0,1754276.0,1871659.0,171428.0,-43668553.0,68356160.64,66935124.64,1.8708697844150892,2.6132928911984203,0.0,0.0,,1.8708697844150892,-0.3694014768128377,92.43864660922058,-16.148121421038905,23.860559602739162,0.0,1.4575156917189724,0.0,0.15612363366274132,2.2203912041206744,-0.22342935477148945,-148.07500485234993,0.6621134424917103,-0.7999999999999998,0.4424805793492319,0.8059695674463462,-0.6873323258515629,0.09334414134376619,-0.7002119103582233,-0.6248319622237798,0.6671358300776666,1.364648103482228,-0.5060115614139171,Software—Application,Technology,IDN
2007Q1,2007,Q1,2007-05-11,2007-03-31,-622433.0,685119.0,-677675.0,-0.4,447816.0,0.6536324346573369,4990102.0,3521302.0,4848535.0,1354146.0,1468800.0,163588.0,-42610285.0,90684765.60000001,89997218.60000001,2.3018506049929073,3.580511259494914,0.0,0.0,,2.3018506049929073,-0.17676217490007956,132.36352458478018,-36.42350485915753,25.75319174555321,0.0,1.4506137369489205,0.0,0.13729559035065816,3.1183099902078504,-0.12473352248110359,-115.11944296694998,0.6536324346573369,-0.7694970344901376,0.6953757561465166,0.8772665963880929,-0.6504327982777282,-0.4473236015738003,-0.7999329109421675,-0.69883381047164,0.5198454045044505,0.9057117663334419,-0.485166332701588,Software—Application,Technology,IDN
