Quarters,Year,Quarter,FillingDate,Date,NetIncome,Revenue,OperatingIncome,EPSDiluted,GrossProfit,GrossProfitRatio,TotalAssets,CommonStockEquity,CurrentAssets,CurrentLiability,TotalLiability,Inventory,RetainedEarnings,MarketCap,EnterpriseValue,bookValuePerShare,currentRatio,debtToAssets,debtToEquity,roic,shareholdersEquityPerShare,roe,priceToSalesRatio,peRatio,pbRatio,payoutRatio,inventoryTurnover,dividendYield,assetTurnover,quickRatio,returnOnAssets,priceToFreeCashFlowsRatio,grossProfitMargin,epsdilutedGrowth,fiveYNetIncomeGrowthPerShare,fiveYRevenueGrowthPerShare,fiveYShareholdersEquityGrowthPerShare,grossProfitGrowth,netIncomeGrowth,operatingIncomeGrowth,threeYNetIncomeGrowthPerShare,threeYRevenueGrowthPerShare,threeYShareholdersEquityGrowthPerShare,Industry,Sector,Symbol
2023Q1,2023,Q1,2023-03-31,2023-03-31,22408000.0,63931000.0,84660000.0,0.18,54082000.0,0.8459432826,5860526000.0,1529067000.0,658269000.0,0.0,4082428000.0,0.0,-183755000.0,1176460097.3999999,4632749097.4,12.28234020170687,0.0,0.696597540903325,2.669881699101478,0.014001637118575057,12.28234020170687,0.014654688120272034,18.402028709076973,13.12544735585505,0.76939734975642,1.3546947518743306,0.0,0.025802830089254502,0.010908747781342494,0.0,0.00382354757917634,10.559735188941746,0.8459432826015548,-0.625,-0.663230802753449,-0.5822123363000634,-0.10715597772220009,-0.3106797353964592,-0.6237301227478045,-0.279348297964708,2.2168559862209847,0.1806433857439932,-0.020410648107103826,REIT—Mortgage,Real Estate,LADR
2022Q4,2022,Q4,2023-02-13,2022-12-31,59553000.0,117062000.0,117477000.0,0.48,78457000.0,0.6702174916,5951173000.0,1533346000.0,640235000.0,0.0,4417612000.0,0.0,-177005000.0,1245232244.6399999,4881851244.639999,12.362990041629283,0.0,0.7134218749816212,2.768909952483001,0.02005477807407658,12.362990041629283,0.03883859220293397,10.637373739044266,5.22741190468994,0.8121012769720598,0.47952244219434786,0.0,0.022933071419344676,0.019670407833884178,0.0,0.01000693476731394,22.850813752706717,0.6702174915856555,1.0869565217391304,-0.1651153116092365,-0.37987901898164883,-0.18009204400737233,0.3251752385778228,1.083511177972921,0.4827338129496403,0.24568376779462475,0.16408189552318303,-0.10596573146352764,REIT—Mortgage,Real Estate,LADR
2022Q3,2022,Q3,2022-10-31,2022-09-30,28583000.0,69274000.0,79230000.0,0.23,59205000.0,0.8546496521,5869972000.0,1501958000.0,20344000.0,0.0,4366353000.0,-334446000.0,-207434000.0,1113537438.72,5022983438.72,12.085398489582273,0.0,0.7219601728934993,2.8215742384274396,0.01265108678104241,12.085398489582273,0.01903049219751817,16.074392105551865,9.739508088024351,0.7413905307072501,0.9574922156526606,-0.030106504488018992,0.024577530173982506,0.011801419154980636,0.0,0.004869358831694598,29.097636173404062,0.8546496521061293,-0.1785714285714286,-0.18547159694638063,-0.3013876503787572,-0.08490199401743372,-0.17157569227755468,-0.18446131020314996,-0.00850957326992867,-0.11589753485205452,-0.10336125057756543,-0.12173252451188431,REIT—Mortgage,Real Estate,LADR
2022Q2,2022,Q2,2022-08-01,2022-06-30,35048000.0,81334000.0,79910000.0,0.28,71467000.0,0.8786854206,5843009000.0,1502346000.0,16845000.0,0.0,4333300000.0,-222960000.0,-206922000.0,1313212022.34,5301908022.34,12.058012392990625,0.0,0.719844347321731,2.7996593328034955,0.01320591518311083,12.058012392990625,0.02332884701659937,16.14591711141712,9.367239374144031,0.8741075773090885,0.7117096553298333,-0.044254574811625404,0.018994647913405886,0.013919882717962611,0.0,0.005998279311224747,29.857942393251783,0.8786854206113065,0.8666666666666669,1.1135306419225715,0.03610937567647788,-0.1428367107478267,-0.007278687613729494,0.8298005638508927,0.24249774543645242,-0.07950928437649989,-0.06814034236993417,-0.1323808813746489,REIT—Mortgage,Real Estate,LADR
2022Q1,2022,Q1,2022-05-02,2022-03-31,19154000.0,71991000.0,64314000.0,0.15,71991000.0,1.0,5974197000.0,1502693000.0,15650000.0,0.0,4465040000.0,0.0,-214084000.0,1475511543.4099998,5387060543.41,12.088665784869193,0.0,0.7270116803982192,2.8903515222337495,0.011806939684206005,12.088665784869193,0.012746449208188232,20.495777852926057,19.258530116555285,0.9819115038201415,1.3648324109846508,0.0,0.017717245328751678,0.012050322411530787,0.0,0.003206121257802513,-49.12640397569502,1.0,-0.31818181818181823,-0.16639439839234943,-0.24569523306267926,-0.15873383725575907,0.22010372178157414,-0.29247931442080377,-0.10371258152628351,-0.2755310045950726,-0.11353948742997474,-0.12976913497291107,REIT—Mortgage,Real Estate,LADR
2021Q4,2021,Q4,2022-02-14,2021-12-31,27072000.0,59004000.0,71756000.0,0.22,59004000.0,1.0,5851252000.0,1507137000.0,14045000.0,0.0,4337633000.0,0.0,-207802000.0,1480999356.54,4708381356.54,12.201607347229077,0.0,0.6453535072493887,2.5054961824970126,0.01254318868074633,12.201607347229077,0.01796253426198149,25.09998231543624,13.676486374667553,0.982657420353956,0.9110150709219859,0.0,0.01665294443990792,0.01008399569869833,0.0,0.0046267021143509115,27.489036983814685,1.0,0.46666666666666673,-0.6753576035858228,-0.7457693140314374,-0.22124343646057482,0.2841472969443719,0.43033761293390393,0.0,-0.11594746205229953,-0.254440877726195,-0.1791085058916996,REIT—Mortgage,Real Estate,LADR
2021Q3,2021,Q3,2021-10-29,2021-09-30,18927000.0,45948000.0,0.0,0.15,45948000.0,1.0,5416040000.0,1502940000.0,14255000.0,0.0,3906489000.0,0.0,-209821000.0,1367215030.3500001,3939535030.3500004,12.146945894639973,0.0,0.614908863302339,2.2159041611774257,0.0,12.146945894639973,0.012593317098486965,29.75570275855315,18.059056247028057,0.9096936872729452,1.3114598193057536,0.0,0.01815515441901315,0.008483689189887815,0.0,0.003494619685231276,38.39305356069754,1.0,0.8749999999999999,-0.655648502085779,-0.7651492463069293,-0.14793472690749354,0.20696629803777353,0.8386438702156596,0.0,-0.7774526358215188,-0.7386058571212214,-0.1318762489913504,REIT—Mortgage,Real Estate,LADR
2021Q2,2021,Q2,2021-07-30,2021-06-30,10294000.0,38069000.0,0.0,0.08,38069000.0,1.0,5616809000.0,1514484000.0,12867000.0,0.0,4096944000.0,0.0,-203714000.0,1431525448.4599998,3712497448.46,12.208756315720048,0.0,0.614372858325786,2.2785417343464838,0.0,12.208756315720048,0.00679703450151999,37.60344239302319,34.7660153599184,0.945223223526957,2.4114047017680202,0.0,0.01734024360286712,0.006777691746327853,0.0,0.0018327132006803152,42.30026146386147,1.0,0.0,0.8115957448812787,-0.5123326433587123,-0.12254105300152948,0.5545981705325057,52.614583333333336,0.0,-0.7908233344911921,-0.6393654867614382,-0.10149914747497979,REIT—Mortgage,Real Estate,LADR
2021Q1,2021,Q1,2021-05-07,2021-03-31,192000.0,24488000.0,0.0,0.0,24488000.0,1.0,5405811000.0,1525605000.0,13735000.0,256430000.0,3874972000.0,0.0,-188763000.0,1462904646.0,3349340646.0,12.30575010423475,0.05356237569707133,0.5904982619629137,2.092364668443011,0.0,12.30575010423475,0.00012585171128830856,59.73965395295655,1904.8237578125002,0.958901318493319,136.69270833333334,0.0,0.017940335394901738,0.004529940095944901,6.080181726007098,3.551733495677152e-05,-33.56055622849277,1.0,1.0,1.0166632396948432,-0.26828688884556207,-0.13495687900366146,-0.008944109433809543,1.0163878456811197,0.0,-0.9971023770296088,-0.8393026140297641,-0.10545423430922903,REIT—Mortgage,Real Estate,LADR
2020Q4,2020,Q4,2021-02-26,2020-12-31,-11716000.0,24709000.0,0.0,-0.1,24709000.0,1.0,5881229000.0,1543162000.0,16588000.0,266430000.0,4332804000.0,0.0,-163717000.0,1099366034.6999998,3235261034.7,13.728024955872325,0.06226025597717975,0.5764657353080453,2.197000055729729,0.0,13.728024955872325,-0.007592203540522641,44.49253448945728,-23.458647036104473,0.7124112923335333,-2.0259474223284397,0.0,0.02159062518834065,0.004201332748648284,5.641935968171753,-0.001992100630667502,45.933234507395326,1.0,-1.7142857142857142,-1.198676774750729,-0.8913273394673924,-0.14301367744220683,-0.47363824212342626,-1.681638352338841,0.0,-1.181223869812586,-0.8555795014567992,-0.08956354057681488,REIT—Mortgage,Real Estate,LADR
2020Q3,2020,Q3,2020-10-30,2020-09-30,17188000.0,46943000.0,0.0,0.14,46943000.0,1.0,6359463000.0,1516503000.0,18659000.0,266430000.0,4837669000.0,0.0,-126965000.0,836470501.44,3498175501.44,12.908406622124623,0.07003340464662387,0.5562645776852543,2.332698319752747,0.0,12.908406622124623,0.011333970325149373,17.81885481200605,12.166489723062604,0.5515785339297054,1.246043751454503,0.0,0.025604011095585823,0.007381598100342749,4.451668355665653,0.0027027439266491524,18.7734648855373,1.0,4.5,1.337079670931782,-0.47627126639670986,-0.1775570300939357,14.069983948635635,5.103127238004297,0.0,-0.48185662939047996,-0.49920150939521046,-0.022584388053000847,REIT—Mortgage,Real Estate,LADR
2020Q2,2020,Q2,2020-07-31,2020-06-30,-4189000.0,3115000.0,0.0,-0.04,3115000.0,1.0,6609550000.0,1430510000.0,19483000.0,266430000.0,5101170000.0,0.0,-120082000.0,865160894.6999999,3697586894.7,13.393035990164478,0.07312614945764366,0.5535149896740322,2.557469014547259,0.0,13.393035990164478,-0.0029283262612634655,277.7402551203852,-51.63290133086655,0.6047919236496074,-8.688231081403677,0.0,0.042067319758621546,0.0004712877578655128,3.8723717299102955,-0.0006337799093735579,10.23314086817671,1.0,0.7333333333333333,-1.05770538150225,-0.9874077248012713,-0.16366578513724314,-0.932647192371727,0.7336597151576806,0.0,-1.2946714402028374,-0.9537114155179883,-0.047934401769606186,REIT—Mortgage,Real Estate,LADR
2020Q1,2020,Q1,2020-05-06,2020-03-31,-15728000.0,46249000.0,0.0,-0.15,46249000.0,1.0,7331872000.0,1333190000.0,24131000.0,266430000.0,5831045000.0,0.0,-94171000.0,504003233.04,4099871233.04,12.53825409389481,0.09057163232368727,0.5393192898075689,2.965983843263151,0.0,12.53825409389481,-0.01179726820633218,10.897602824709724,-8.011241623855545,0.37804306440942403,-2.3741098677517805,0.0,0.07408682633795034,0.006307938818353621,2.4253950380963105,-0.0021451547435634446,-12.26523978000584,1.0,-1.3947368421052633,-1.8058636085446966,-0.6550664993494194,-0.20440666435514573,-0.4591013285928144,-1.3869221875076878,0.0,-1.8002239652697185,-0.4334895768881344,-0.12744639509468472,REIT—Mortgage,Real Estate,LADR
2019Q4,2019,Q4,2020-02-28,2019-12-31,40649000.0,85504000.0,0.0,0.38,85504000.0,1.0,6669152000.0,1458277000.0,22210000.0,223000.0,5030175000.0,0.0,-35746000.0,1902423515.9599998,4888191515.96,13.82831785840537,99.5964125560538,0.45642069636439536,2.087353088610737,0.0,13.82831785840537,0.02787467675894223,22.249526524607035,11.700309453861102,1.3045693760238966,0.005510590666437058,0.0,0.00011774454958151905,0.012820820398155568,1217.9372197309417,0.0060950777550129315,15.991858878969753,1.0,0.4615384615384615,3.34468572593527,-0.36561579328702304,-0.13208744211668494,0.29750072080001216,0.4740716565129098,0.0,-0.4290477687219802,-0.568482948781099,-0.11742010798370833,REIT—Mortgage,Real Estate,LADR
2019Q3,2019,Q3,2019-11-08,2019-09-30,27576000.0,65899000.0,0.0,0.26,65899000.0,1.0,6619874000.0,1458670000.0,27661000.0,7000000.0,4980624000.0,0.0,-39860000.0,1830691705.04,4822233705.04,13.760498739709742,3.9515714285714285,0.4644558189476114,2.107837276423043,0.0,13.760498739709742,0.01890489281331624,27.780265330885143,16.596784387148244,1.2550417195390322,1.307876414273281,0.0,0.019700750214090235,0.00995472119257859,74.26157142857143,0.004165638197947574,-26.803685286090776,1.0,-0.13333333333333328,-0.12325904241951978,-0.6483977910556324,-0.12097275230383793,-0.1084368319939389,-0.14477112020841088,0.0,-0.4143972133480038,-0.6068522086969234,-0.034749704309324364,REIT—Mortgage,Real Estate,LADR
2019Q2,2019,Q2,2019-08-01,2019-06-30,32244000.0,73914000.0,0.0,0.3,73914000.0,1.0,6406775000.0,1466378000.0,25674000.0,25500000.0,4758701000.0,0.0,-30847000.0,1749378763.2999997,4968566763.299999,13.897817756823114,1.0068235294117647,0.5222154672202474,2.2816197460682033,0.0,13.897817756823114,0.021988873264601624,23.667759332467458,13.563599144802133,1.1929930504276522,1.1192780052102718,0.0,0.020630180700216348,0.011536849663052004,20.969254901960785,0.0050327973122202664,11.317053178633577,1.0,0.42857142857142855,0.19527595560786032,-0.5829160573928702,-0.09435196532414647,0.08513543272406959,0.45406989853438556,0.0,5.671446086907504,0.11319914183604808,-0.0011460447632472737,REIT—Mortgage,Real Estate,LADR
2019Q1,2019,Q1,2019-05-09,2019-03-31,22175000.0,68115000.0,0.0,0.21,68115000.0,1.0,6525419000.0,1448304000.0,33141000.0,49766000.0,4881176000.0,0.0,-26549000.0,1776582714.9599998,5433632714.96,13.891331910518815,0.6659365832094201,0.5673517669899818,2.5562368121609826,0.0,13.891331910518815,0.015311012052718214,26.08210695089187,20.029117417812852,1.2266642327577635,3.253664036076663,0.0,0.04061167509536671,0.01043841016186087,9.072238074187196,0.003398249215874107,-80.62915108287191,1.0,-0.16000000000000003,426.91524167203016,-0.48097786222560496,-0.0569307519096905,0.09344399139564002,-0.08002821108529705,0.0,3.2884425345390578,1.4201843667244711,-0.023497063658396586,REIT—Mortgage,Real Estate,LADR
2018Q4,2018,Q4,2019-02-28,2018-12-31,24104000.0,62294000.0,0.0,0.25,62294000.0,1.0,6272872000.0,1445153000.0,28014000.0,1301000.0,4629237000.0,0.0,11342000.0,1504086637.69,5225097637.690001,14.863849162529288,21.532667179093007,0.6040118465672503,2.62179091072018,0.0,14.863849162529288,0.016679202824891205,24.144968017626095,15.599969275742616,1.040780206448729,8.297378028542981e-05,0.0,1.329710636264698e-06,0.009930698410552614,346.25365103766336,0.0038425780089247795,5.974002818780484,1.0,-0.5833333333333334,-0.4404712325397834,-0.40127456442472104,-0.38575789708951486,-0.5476600225102567,-0.6382410325679123,0.0,-0.5274173449413974,-0.6832385882808885,-0.07210866284149428,REIT—Mortgage,Real Estate,LADR
2018Q3,2018,Q3,2018-11-02,2018-09-30,66630000.0,137715000.0,0.0,0.6,137715000.0,1.0,6425745000.0,1356346000.0,27844000.0,0.0,4872102000.0,0.0,22593000.0,1626585845.0800002,5360976845.08,13.992182428515248,0.0,0.5888836236109587,2.789860404351102,0.0,13.992182428515248,0.0491246333900052,11.811246742039721,6.103053598529192,1.1992410823491941,0.4735104307369053,0.0,0.019396455523961777,0.021431756162125948,0.0,0.010369225669552713,-7.231038009646803,1.0,0.4999999999999999,0.6573650402483239,0.36277074593868097,-0.41760059401334076,0.671663712947003,0.7348851741915325,0.0,9.980031603544889,0.8620974756306462,-0.1085056111997936,REIT—Mortgage,Real Estate,LADR
2018Q2,2018,Q2,2018-08-02,2018-06-30,38406000.0,82382000.0,0.0,0.4,82382000.0,1.0,6389414000.0,1315450000.0,27632000.0,44800000.0,4876952000.0,0.0,-12106000.0,1512176354.9199998,5342744354.92,13.587918454846514,0.6167857142857143,0.6076435178562541,2.9514508343152532,0.0,13.587918454846514,0.029196092591888708,18.35566452526037,9.843360118991823,1.1495506137975597,0.820158308597615,0.0,0.020830242383777002,0.012893514178295536,26.471160714285713,0.006010879870986603,6.334412773411973,1.0,-0.24528301886792453,-0.6792836033333229,-0.5086157742856636,0.0,-0.2958863599456415,-0.24509090909090908,0.0,-0.4162922190363347,-0.6325748032395653,-0.15149626112416173,REIT—Mortgage,Real Estate,LADR
2018Q1,2018,Q1,2018-05-04,2018-03-31,50875000.0,117001000.0,0.0,0.53,117001000.0,1.0,6231294000.0,1309437000.0,27225000.0,0.0,4728002000.0,0.0,-18659000.0,1435424725.28,5237282725.28,13.756423177222478,0.0,0.6210958751103703,2.9556450596706827,0.0,13.756423177222478,0.038852575572555226,12.268482536730454,7.053684153710074,1.0962151865878236,1.1738771498771499,0.0,0.04160510749760881,0.018776356885102836,0.0,0.008164435829861342,-22.043439990171688,1.0,0.2325581395348838,-0.7048160073470432,-0.4930112877639559,0.0,-0.06142405621781193,0.08005689538043478,0.0,1.9118457511936289,-0.02523819765745968,-0.12710984159766106,REIT—Mortgage,Real Estate,LADR
2017Q4,2017,Q4,2018-02-28,2017-12-31,47104000.0,124658000.0,0.0,0.43,124658000.0,1.0,6025615000.0,1234968000.0,26775000.0,14000.0,4537469000.0,0.0,-39112000.0,1116331402.1200001,4946073402.12,15.078509668395567,1912.5,0.6483016256431916,3.1631718392703294,0.0,15.078509668395567,0.038141878979860204,8.955152514238959,5.924822743928329,0.9039354883041505,0.013247282608695652,0.0,0.0005589737947127309,0.020688012758863616,27796.0,0.007817293338522291,1.400143236431046,1.0,0.5357142857142856,-0.14643003419225142,0.16161201913577264,-0.3322071440495499,0.8351489812742904,0.95948250759183,0.0,5.482457470142827,0.1908566109595305,-0.05362112518907508,REIT—Mortgage,Real Estate,LADR
2017Q3,2017,Q3,2017-11-03,2017-09-30,24039000.0,67928000.0,0.0,0.28,67928000.0,1.0,6412040000.0,1124359000.0,38952000.0,76432000.0,4946521000.0,0.0,-57052000.0,1173169739.3,5039165739.3,13.20667120961087,0.509629474565627,0.6105529597444806,3.4818861235601797,0.0,13.20667120961087,0.021380181952561413,17.270782877458483,12.200691993219351,1.043412059048756,1.0624818004076708,0.0,0.02177093317735902,0.010593820375418743,15.521208394389785,0.003749040866869202,-4.162597181694318,1.0,1.8,-0.7724686601475246,-0.5050833046029761,0.0,0.34585512759549847,1.254642656162071,0.0,-0.04837100954716848,-0.548733764736676,-0.1563515200861636,REIT—Mortgage,Real Estate,LADR
2017Q2,2017,Q2,2017-08-03,2017-06-30,10662000.0,50472000.0,0.0,0.1,50472000.0,1.0,6218124000.0,1126913000.0,52929000.0,101661000.0,4750448000.0,0.0,-54871000.0,1074254059.71,4497355059.71,14.067345795350803,0.5206421341517397,0.559867574207269,3.08925888688834,0.0,14.067345795350803,0.009461245011815464,21.284158735734664,25.188849646173324,0.9532715122729084,2.395798161695742,0.0,0.02377836022038932,0.00811691757835643,14.938855608345383,0.0017146650661839487,-3.861833900284716,1.0,-0.1666666666666666,-0.8924020611302019,-0.6361833407381056,0.0,-0.09790884718498659,-0.20846325167037863,0.0,-0.479430107176393,-0.6248815915722038,-0.08330471045280687,REIT—Mortgage,Real Estate,LADR
2017Q1,2017,Q1,2017-05-10,2017-03-31,13470000.0,55950000.0,0.0,0.12,55950000.0,1.0,5941622000.0,1047142000.0,27286000.0,170561000.0,4460309000.0,0.0,-39697000.0,1052271535.5999999,4328034535.6,14.369608954002766,0.15997795510110752,0.5618551634553662,3.1880403994873667,0.0,14.369608954002766,0.012863584881515592,18.807355417336908,19.529909717891613,1.0048986055377398,3.5907201187824795,0.0,0.04596437170793695,0.009416620579363683,10.505531745240706,0.0022670577158897015,-4.670431351279376,1.0,-0.6923076923076923,-0.8979120629408515,-0.6833151707182531,0.0,-0.5197095079490437,-0.6781823394495413,0.0,370.89208500365146,-0.3900441168431432,-0.024460980495207025,REIT—Mortgage,Real Estate,LADR
2016Q4,2016,Q4,2017-02-24,2016-12-31,41856000.0,116492000.0,0.0,0.39,116492000.0,1.0,5578337000.0,971390000.0,25149000.0,25394000.0,4068783000.0,0.0,-11148000.0,850613781.08,3640951781.08,15.668063575314394,0.9903520516657478,0.5082075536132005,2.9184498502146408,0.0,15.668063575314394,0.0430887697011499,7.301907264704873,5.0805964561831045,0.8756666025798083,0.0,0.0,0.0,0.020882926219767648,8.387099314798771,0.007503311470784214,1.552543569587723,1.0,-0.1136363636363636,0.0019776672660301166,0.43402270023021045,-0.30609714406306177,0.18540377727124716,0.5160822949869603,0.0,0.5236852376387634,0.7558274231526296,-0.3525240862038838,REIT—Mortgage,Real Estate,LADR
2016Q3,2016,Q3,2016-11-04,2016-09-30,27608000.0,98272000.0,0.0,0.44,98272000.0,1.0,6215816000.0,885980000.0,23794000.0,116151000.0,4715118000.0,0.0,-31440000.0,822844312.88,3905835312.88,14.255886583141162,0.20485402622448365,0.5055947602052571,3.5471274746608277,0.0,14.255886583141162,0.031160974288358654,8.373130829534354,7.451140184729064,0.9287391508611932,0.6274630541871922,0.0,0.021052585196060424,0.01580999180155912,23.54216494046543,0.00444157291657282,-6.61051868150231,1.0,7.8,-0.642034047655513,-0.019167112709894952,0.0,1.5529173377669248,8.852962169878658,0.0,0.07112129153771456,0.5167943277732199,-0.40662438327602524,REIT—Mortgage,Real Estate,LADR
2016Q2,2016,Q2,2016-08-05,2016-06-30,2802000.0,38494000.0,0.0,0.05,38494000.0,1.0,5987373000.0,851105000.0,26751000.0,100031000.0,4501274000.0,0.0,-41104000.0,746274073.1999999,3920213073.2,13.913763552679724,0.2674270975997441,0.5437032234337162,3.8248559225947445,0.0,13.913763552679724,0.0032921907402729393,19.386763474827244,66.58405364025695,0.8768296193771625,6.003925767309065,0.0,0.022542656383416217,0.0064291969115670596,28.075056732412953,0.0004679848741676859,-3.796441371100665,1.0,1.5555555555555558,-0.9629683462117361,-0.6366168277612493,0.0,1.3927150671307806,1.5058674851056146,0.0,-0.9629683462117361,-0.6366168277612493,0.0,REIT—Mortgage,Real Estate,LADR
2016Q1,2016,Q1,2016-05-06,2016-03-31,-5539000.0,16088000.0,0.0,-0.09,16088000.0,1.0,5655295000.0,847801000.0,22140000.0,8922000.0,4173992000.0,0.0,-26528000.0,741981268.05,3646413268.05,14.225591540524876,2.4815063887020847,0.5281970259730041,3.523362204102142,0.0,14.225591540524876,-0.006533372808005652,46.12016832732471,-33.4889541456039,0.8751832895337466,-5.961364867304567,0.0,0.04450247118337613,0.0028447676027510502,303.03653889262495,-0.0009794360860043553,4.0698879274312985,1.0,-1.173076923076923,-1.051330469540547,-0.8886561419622386,0.0,-0.8461626728374992,-1.204217822512259,0.0,-1.051330469540547,-0.8886561419622386,0.0,REIT—Mortgage,Real Estate,LADR
2015Q4,2015,Q4,2016-03-07,2015-12-31,27123000.0,104578000.0,0.0,0.52,104578000.0,1.0,5895212000.0,828215000.0,27776000.0,0.0,4403804000.0,0.0,60618000.0,642141174.96,3547150174.96,16.01895455565633,0.0,0.5112569318965967,3.639113032244043,0.0,16.01895455565633,0.03274874277814336,6.1403084296888455,5.9187882512996355,0.7753314960004347,0.0,0.0,0.0,0.017739480785423832,0.0,0.004600852352722853,-3.8791867276406804,1.0,7.666666666666667,-0.22141250504214083,0.5437239329115839,-0.29055698160384125,1.5900388835227977,7.186839722306067,0.0,-0.22141250504214083,0.5437239329115839,-0.29055698160384125,REIT—Mortgage,Real Estate,LADR
2015Q3,2015,Q3,2015-11-06,2015-09-30,3313000.0,40377000.0,0.0,0.06,40377000.0,1.0,5829961000.0,830629000.0,22224000.0,72412000.0,4330819000.0,0.0,49571000.0,757850013.84,3600477013.84,15.695199660590403,0.3069104568303596,0.5187285129351638,3.6408155747030264,0.0,15.695199660590403,0.00398854362176134,18.769349229511853,57.187595369755506,0.9123808750236267,4.436160579535165,0.0,0.01939301937269989,0.006925775318222541,36.17005468706844,0.0005682713829475017,3.677830203194231,1.0,-0.9104477611940299,-0.9495550550472,-0.5267520796029457,0.0,-0.6536452301912041,-0.9031569716457176,0.0,-0.9495550550472,-0.5267520796029457,0.0,REIT—Mortgage,Real Estate,LADR
2015Q2,2015,Q2,2015-08-06,2015-06-30,34210000.0,116577000.0,0.0,0.67,116577000.0,1.0,5718550000.0,806065000.0,20572000.0,151648000.0,4208026000.0,0.0,61417000.0,873313898.2500001,3802640898.25,16.013975934683344,0.13565625659421818,0.5302400083937362,3.76173633639967,0.0,16.013975934683344,0.04244074609367731,7.491305302503926,6.382007441172172,1.0834286295149897,0.7377082724349605,0.0,0.0288979713371921,0.02038576212501421,15.976366322008863,0.005982285719281986,-5.171730327247532,1.0,6.4444444444444455,-0.4505531584019761,0.3373721509761465,0.0,0.8494891483690824,2.7286103542234335,0.0,-0.4505531584019761,0.3373721509761465,0.0,REIT—Mortgage,Real Estate,LADR
2015Q1,2015,Q1,2015-05-08,2015-03-31,9175000.0,63032000.0,0.0,0.09,63032000.0,1.0,5844584000.0,787762000.0,48470000.0,47010000.0,4329946000.0,0.0,40870000.0,925242377.82,3654102377.82,15.75962684972989,1.0310572218676877,0.4811837762961402,3.5700109931679873,0.0,15.75962684972989,0.01164691873941622,14.678930984579262,25.210963973297005,1.1745201949573603,0.0,0.0,0.0,0.010784685445533848,58.62169751116784,0.001569829435251508,5.477172848745316,1.0,1.0089285714285714,-0.8986265008948519,-0.4798845102283937,0.0,0.0004199313133438325,1.097828067727722,0.0,-0.8986265008948519,-0.4798845102283937,0.0,REIT—Mortgage,Real Estate,LADR
2014Q4,2014,Q4,2015-03-06,2014-12-31,4373571.0,63005542.0,0.0,0.0448,63005542.0,1.0,5823660960.0,785432262.0,24662118.0,83611929.0,4318454460.0,0.0,44186678.0,966702737.37,3651199453.37,15.93284684361543,0.2949593233281342,0.4740514100944503,3.5148985132978914,0.0,15.93284684361543,0.005568361794641942,15.343138185685316,55.25820532980944,1.2307907175959625,0.0,0.0,0.0,0.010818889085878379,34.88073613275924,0.0007510002780106897,-6.116945539324537,1.0,-0.7013333333333333,-0.8683261757228401,-0.024557609669055014,-0.29437049608290644,-0.27856585553303914,-0.701584500195074,0.0,-0.8683261757228401,-0.024557609669055014,-0.29437049608290644,REIT—Mortgage,Real Estate,LADR
2014Q3,2014,Q3,2014-11-07,2014-09-30,14655978.0,87333740.0,0.0,0.15,87333740.0,1.0,4673793182.0,773231509.0,21078312.0,672235.0,3188223461.0,0.0,39813107.0,933554141.0999999,3159986095.1,15.654234582346067,31.355570596591967,0.4951578287445069,2.992978502638852,0.0,15.654234582346067,0.018954191376595854,10.689501458428323,15.92445998997815,1.2073410488759582,0.0,0.0,0.0,0.01868583751979978,942.340828728049,0.003135778034946862,-19.05324480391409,1.0,0.15384615384615377,-0.760903311968034,0.09672884147476449,0.0,0.0631222789395317,0.1720293058946701,0.0,-0.760903311968034,0.09672884147476449,0.0,REIT—Mortgage,Real Estate,LADR
2014Q2,2014,Q2,2014-08-06,2014-06-30,12504788.0,82148349.0,0.0,0.13,82148349.0,1.0,3824083991.0,750554255.0,51884066.0,16865739.0,2356930010.0,0.0,25157129.0,883798134.44,2341386803.44,15.345716243725272,3.0762995917344624,0.403378944769626,2.0552211312158906,0.0,15.345716243725272,0.016660738270013537,10.758562347248148,17.669194680469595,1.1775273120528775,0.0,0.0,0.0,0.02148183700811398,43.40406554376301,0.0032700087208937037,7.406112323491893,1.0,0.0,-0.7933074110640946,-0.030128484531777425,0.0,0.33432884549647657,513.3886466474702,0.0,-0.7933074110640946,-0.030128484531777425,0.0,REIT—Mortgage,Real Estate,LADR
2014Q1,2014,Q1,2014-05-12,2014-03-31,24310.0,61565295.0,0.0,0.0,61565295.0,1.0,3490246848.0,720435712.0,44792131.0,30090186.0,2059454317.0,0.0,12652341.0,923414984.9599999,2397886120.96,14.729917170609049,1.488596015990064,0.45553709758697275,2.2069101968670872,0.0,14.729917170609049,3.374346884125589e-05,14.998953305754483,9496.246245989305,1.281745157241733,15.178239407651173,0.0,0.00039958524174911827,0.017639238048528995,22.02781863827628,6.965123402068323e-06,3.1157266037933993,1.0,-1.0,-0.9997254904280682,-0.48080699272424593,0.0,0.18341674044284312,-0.9988714039813394,0.0,-0.9997254904280682,-0.48080699272424593,0.0,REIT—Mortgage,Real Estate,LADR
2013Q4,2013,Q4,2014-03-28,2013-12-31,21540037.0,52023343.0,0.0,0.44,52023343.0,1.0,3489063267.0,1176397231.0,14972670.0,0.0,2303829502.0,0.0,0.0,825953626.9599999,2352264775.96,24.198681744705198,0.0,0.46002416212420033,1.3643804692022434,0.0,24.198681744705198,0.018310173156128418,15.876596530138402,9.586260540778087,0.702104361685632,0.2073767561309203,0.0,0.005408176505551355,0.014910404030802002,0.0,0.006173587393421147,-2.775876254651824,1.0,0.07317073170731714,-0.3423985200389663,-0.18327810505693728,0.07170450846367918,0.026508520321688125,0.06835983388570682,0.0,-0.3423985200389663,-0.18327810505693728,0.07170450846367918,REIT—Mortgage,Real Estate,LADR
2013Q3,2013,Q3,2013-09-30,2013-09-30,20161781.0,50679894.0,0.0,0.41,50679894.0,1.0,2506167698.0,1167956912.0,34837902.0,18153020.0,1328846773.0,0.0,0.0,825953626.9599999,1987664542.96,24.0250630146346,1.9191243109961869,0.4884901548994428,1.0481878521559707,0.0,24.0250630146346,0.017262435619714026,16.297461611896818,10.24157571893078,0.707178165969876,1.6801400630232022,0.0,0.04101273351710884,0.020222068156270683,29.574937834035328,0.008044865080692618,1.5617548342935288,1.0,-0.6693548387096775,-0.6658025984801528,-0.35335142719708795,0.0,-0.398017723331289,-0.6647181014729832,0.0,-0.6658025984801528,-0.35335142719708795,0.0,REIT—Mortgage,Real Estate,LADR
2013Q2,2013,Q2,2013-06-30,2013-06-30,60133819.0,84188349.0,0.0,1.24,84188349.0,1.0,,,,,,,,825953626.9599999,,,0.0,0.0,0.0,0.0,,0.0,9.810783045050568,3.4338149509513105,0.0,0.4208005315611171,0.0,0.030636517806859227,0.0,0.0,0.0,9.703177092054885,1.0,-0.31491712707182323,0.0,0.0,0.0,-0.28570517337685536,-0.31683758994608757,0.0,0.0,0.0,0.0,REIT—Mortgage,Real Estate,LADR
2013Q1,2013,Q1,2013-03-31,2013-03-31,88022728.0,117862185.0,0.0,1.81,117862185.0,1.0,,,,,,,,825953626.9599999,,,0.0,0.0,0.0,0.0,,0.0,7.007791574201683,2.3458532975710544,0.0,0.3612289089699651,0.0,0.03849653656347448,0.0,0.0,0.0,5.4955157763592055,1.0,1.7014925373134329,0.0,0.0,0.0,0.8503352826697397,1.6872691167154223,0.0,0.0,0.0,0.0,REIT—Mortgage,Real Estate,LADR
2012Q4,2012,Q4,2012-12-31,2012-12-31,32755457.0,63697745.0,0.0,0.67,63697745.0,1.0,2629029855.0,1097688049.0,13984317.0,0.0,1530759640.0,0.0,0.0,825953626.9599999,1474450359.96,22.579621111601686,0.0,0.26385219501434687,0.6319421065319442,0.0,22.579621111601686,0.029840405960364063,12.96676400334109,6.303939118907729,0.7524484098305054,0.7287504796529019,0.0,0.028900599526220164,0.024228612268840134,0.0,0.01245914227170311,-1.8879684271165575,1.0,-0.4596774193548387,0.0,0.0,0.0,-0.18725055156954684,-0.45705249873535025,0.0,0.0,0.0,0.0,REIT—Mortgage,Real Estate,LADR
2012Q3,2012,Q3,2012-09-30,2012-09-30,60328958.0,78373163.0,0.0,1.24,78373163.0,1.0,,,,,,,,825953626.9599999,,,0.0,0.0,0.0,0.0,,0.0,10.538730291643326,3.422707992735429,0.0,,0.0,,0.0,0.0,0.0,0.0,1.0,0.0,0.0,0.0,0.0,0.0,0.0,0.0,0.0,0.0,0.0,REIT—Mortgage,Real Estate,LADR
