Quarters,Year,Quarter,FillingDate,Date,NetIncome,Revenue,OperatingIncome,EPSDiluted,GrossProfit,GrossProfitRatio,TotalAssets,CommonStockEquity,CurrentAssets,CurrentLiability,TotalLiability,Inventory,RetainedEarnings,MarketCap,EnterpriseValue,bookValuePerShare,currentRatio,debtToAssets,debtToEquity,roic,shareholdersEquityPerShare,roe,priceToSalesRatio,peRatio,pbRatio,payoutRatio,inventoryTurnover,dividendYield,assetTurnover,quickRatio,returnOnAssets,priceToFreeCashFlowsRatio,grossProfitMargin,epsdilutedGrowth,fiveYNetIncomeGrowthPerShare,fiveYRevenueGrowthPerShare,fiveYShareholdersEquityGrowthPerShare,grossProfitGrowth,netIncomeGrowth,operatingIncomeGrowth,threeYNetIncomeGrowthPerShare,threeYRevenueGrowthPerShare,threeYShareholdersEquityGrowthPerShare,Industry,Sector,Symbol
2023Q2,2023,Q2,2023-05-03,2023-03-31,63504000.0,542181000.0,122539000.0,0.53,428675000.0,0.7906492481,6299620000.0,2518534000.0,963494000.0,1593046000.0,3781086000.0,-202916000.0,866276000.0,15164479799.999998,16963332799.999998,21.296583798410282,0.6048124159628787,0.340314336420292,0.8512297233231714,0.01973449238125969,21.296583798410282,0.025214668533361073,27.96940468220022,59.698915816326526,6.021153496438801,0.0,-0.559374322379704,0.0,0.08606566745295748,0.6048124159628787,0.010080608036675228,73.19541553639864,0.7906492481293147,-0.1587301587301587,6.879301269570089,0.7309321615090388,1.668397279051754,0.1582054468820923,-0.1536749516892117,0.16813948389433847,7.6750752314371695,0.47388462379166935,0.9323833151887667,Software—Application,Technology,PTC
2023Q1,2023,Q1,2023-02-09,2022-12-31,75035000.0,465910000.0,104901000.0,0.63,370120000.0,0.7944023524,4795769000.0,2400549000.0,949624000.0,786742000.0,2395220000.0,-66777000.0,802772000.0,14142992760.0,15329302760.0,20.374888600310648,1.2070335637349983,0.32818469780341797,0.6556408554876405,0.021818190613272295,20.374888600310648,0.03125743319548987,30.355632547058445,47.121319251016196,5.891565954287956,0.0,-1.4344759423154678,0.0,0.09715021720187107,1.2070335637349983,0.015646083036943606,82.35070693660803,0.7944023523856539,-0.3,4.399667847860184,0.5172820069631212,1.6962440551143905,-0.10251094217922138,-0.2976684107565731,-0.2815836512186937,1.0691207839511276,0.27913772801764036,0.8808714882629294,Software—Application,Technology,PTC
2022Q4,2022,Q4,2022-11-15,2022-09-30,106837000.0,507925000.0,146017000.0,0.9,412395000.0,0.8119210513,4687268000.0,2296034000.0,908738000.0,792258000.0,2391234000.0,-71065000.0,727737000.0,12283282600.0,13573305600.0,19.552196609072563,1.1470228132754734,0.3332868954794136,0.680392799061338,0.028053520410653864,19.552196609072563,0.04653110537561726,24.183260520746174,28.74304454449301,5.34978253806346,0.0,-1.3442622950819672,0.0,0.10836269656439529,1.1470228132754734,0.022793021435940936,438.93948684962834,0.8119210513363193,0.5000000000000001,5.125070315379534,0.6571123001180212,1.591985008485015,0.14401948518498997,0.5159345025256825,0.8257373995023569,9.900017005798622,0.5199543727282538,0.9149472741272934,Software—Application,Technology,PTC
2022Q3,2022,Q3,2022-08-05,2022-06-30,70476000.0,462474000.0,79977000.0,0.6,360479000.0,0.7794578722,4605538000.0,2157170000.0,795624000.0,495473000.0,2448368000.0,-61074000.0,620900000.0,12449542820.0,13769208820.0,18.42585395437035,1.6057867936295216,0.35652555684048204,0.7611787666247908,0.014003376898646494,18.42585395437035,0.03267058229068641,26.91944373089082,44.162348955672854,5.771238622825276,0.0,-1.6700232504830206,0.0,0.10041693283173432,1.6057867936295216,0.01530244674997796,111.8587456984465,0.7794578722263306,-0.21052631578947373,74.18434094114915,0.5678868219393018,1.550103072774699,-0.12481730559129865,-0.214130398421035,-0.49760035178089074,5.737100936765221,0.552563281373029,0.7603311113346896,Software—Application,Technology,PTC
2022Q2,2022,Q2,2022-05-05,2022-03-31,89679000.0,505227000.0,159190000.0,0.76,411890000.0,0.8152573002,4378523000.0,2083977000.0,816897000.0,782381000.0,2294546000.0,-61147000.0,550424000.0,12604101760.0,13792311760.0,17.810551415287843,1.0441166132613138,0.3414190127584119,0.7173356519769652,0.03643904625716342,17.810551415287843,0.04303262464029114,24.94740336521999,35.13671472697064,6.048100223754869,0.0,-1.5264362928680066,0.0,0.11538754050167145,1.0441166132613138,0.020481564216974536,89.91561925280182,0.8152573001838778,0.9487179487179487,81.32916777986938,0.7840953733853987,1.432118589040037,0.13592551633604796,0.9457788192410337,1.328632866212223,3.086563319609601,0.7610574100665054,0.6909851753827124,Software—Application,Technology,PTC
2022Q1,2022,Q1,2022-02-07,2021-12-31,46089000.0,457721000.0,68362000.0,0.39,362603000.0,0.7921921869,4420620000.0,1953812000.0,1009322000.0,779978000.0,2466808000.0,0.0,460745000.0,14216589050.0,15566510050.0,16.64986748702566,1.2940390626402283,0.3723563663015595,0.8424792149910022,0.014949760369260642,16.64986748702566,0.023589270615596587,31.059507975382385,77.11487041376468,7.276334186707831,0.0,0.0,0.0,0.10354226330243269,0.9933587870427114,0.010425913107211205,106.15415496848959,0.7921921869435748,-0.8414634146341463,5.953626115432352,0.5705732022219414,1.3438892047635589,-0.04805622355004358,-0.8426690516585138,-0.4062551569000408,1.2145500134547773,0.37897559547915727,0.49115084494666256,Software—Application,Technology,PTC
2021Q4,2021,Q4,2021-11-22,2021-09-30,292943000.0,480655000.0,115137000.0,2.46,380908000.0,0.7924769325191665,4507560000.0,2038468000.0,1073010000.0,779282000.0,2469092000.0,0.0,414656000.0,14042981700.0,15364719700.0,17.38862066024055,1.3769213198816346,0.36566790014997025,0.8085827199642084,0.05107455988960238,17.38862066024055,0.14370743126701033,29.21634373927245,11.984397732664716,6.888988053773717,0.0,0.0,0.0,0.10663307865009007,1.1133376621043474,0.06498926248347221,435.1714192748683,0.7924769325191665,4.720930232558139,11.089051320654898,0.6352500457316197,1.37218667165868,0.11837365050750019,4.721207741733883,0.5647440950232394,21.048665441056624,0.526972312309201,1.3140715909363114,Software—Application,Technology,PTC
2021Q3,2021,Q3,2021-08-03,2021-06-30,51203000.0,435668000.0,73582000.0,0.43,340591000.0,0.7817673090518468,4206219000.0,1724958000.0,918496000.0,746199000.0,2481261000.0,0.0,121713000.0,16518096839.999998,17834400840.0,14.75155215762738,1.230899532162332,0.399898341004118,0.9751309886965364,0.01784908516598565,14.75155215762738,0.029683621282373254,37.914413819697565,80.65004413803878,9.57594146640092,0.0,0.0,0.0,0.10357710808685901,1.0704061517102006,0.012173165496137981,196.49430005709934,0.7817673090518468,-0.532608695652174,15.48609858553801,0.4933655780999615,0.9784423794899418,-0.08526147011981082,-0.5313741282422068,-0.2764086930868325,1.9825886800267074,0.37032285902977424,1.046832336987305,Software—Application,Technology,PTC
2021Q2,2021,Q2,2021-05-04,2021-03-31,109262000.0,461785000.0,101690000.0,0.92,372337000.0,0.8062994683673138,4181221000.0,1650533000.0,901763000.0,766820000.0,2530688000.0,0.0,70510000.0,16074354050.0,17463046050.0,14.134058932837801,1.1759774132130096,0.4101129789599737,1.0389207607481947,0.03602268567724554,14.134058932837801,0.06619800997617134,34.80917320831123,36.77937903845802,9.738886802020923,0.0,0.0,0.0,0.11044261951233862,0.9919068360240996,0.02613160127149462,137.55576516597208,0.8062994683673138,3.5999999999999996,21.721144110696518,0.6617206655615433,0.8958349258669871,0.08800479223891064,3.6464809695938762,0.12566140494586994,12.728918636229169,0.492987375973678,0.7709546636844565,Software—Application,Technology,PTC
2021Q1,2021,Q1,2021-02-04,2020-12-31,23515000.0,429050000.0,90338000.0,0.2,342220000.0,0.7976226547022491,3448888000.0,1494929000.0,936204000.0,712238000.0,1953959000.0,0.0,-38752000.0,13922723610.0,14718329610.0,12.842922311663989,1.3144538763727855,0.3462863972387622,0.7989028241475014,0.009477307059998663,12.842922311663989,0.015729844026037356,32.450119123645266,148.0196003614714,9.313300905929312,0.0,0.0,0.0,0.12440241608309693,1.1436233393893613,0.0068181396438504235,126.1630520592633,0.7976226547022491,-0.5652173913043478,1.965195939192942,0.4458144334567406,0.7537594636901536,0.11702995763237435,-0.5596936673781973,0.3480869098071987,0.7128004281779378,0.41426503028266354,0.6995260004804169,Software—Application,Technology,PTC
2020Q4,2020,Q4,2020-11-20,2020-09-30,53406000.0,390981000.0,67012000.0,0.46,306366000.0,0.7835828339484527,3382738000.0,1438248000.0,833447000.0,680760000.0,1944490000.0,0.0,-62267000.0,9567643360.0,10512522360.0,12.434814936496545,1.2242890299077502,0.3607542174416109,0.8484885777696197,0.02248818025790934,12.434814936496545,0.03713267809167821,24.47086523386047,44.78730554619331,6.652290397761721,0.0,0.0,0.0,0.11558122444008374,1.0558904753510783,0.015787802661630903,327.7712696128811,0.7835828339484527,0.5333333333333334,10.56273157519873,0.2439671976275191,0.6628258661016416,0.12429127660121028,0.5400542130457351,0.05695493761928045,2.108620826610032,0.29507914930439316,0.6484518104594398,Software—Application,Technology,PTC
2020Q3,2020,Q3,2020-08-05,2020-06-27,34678000.0,351721000.0,63401000.0,0.3,272497000.0,0.7747532845636171,3376169000.0,1327567000.0,847238000.0,666291000.0,2048602000.0,0.0,-115673000.0,8743277270.0,9706630270.0,11.468369630007171,1.2715735316851045,0.397130890070965,1.0099535466006613,0.017122787393219402,11.468369630007171,0.026121468822289197,24.858559113615623,63.031873738393216,6.58594049867163,0.0,0.0,0.0,0.10417754561457084,1.0843640391360532,0.010271405252521423,99.03356443830279,0.7747532845636171,4.0,0.9935581184679613,0.16302900821657781,0.602530083258662,-0.014748206641212541,3.8460033538289546,0.2673863068465767,37.41941306519294,0.205945463245203,0.58720050129675,Software—Application,Technology,PTC
2020Q2,2020,Q2,2020-05-06,2020-03-28,7156000.0,359603000.0,50025000.0,0.06,276576000.0,0.7691148294090984,3866471000.0,1274081000.0,1341426000.0,1192172000.0,2592390000.0,0.0,-150351000.0,6821910060.0,7850014060.0,11.020889919208345,1.125195022194784,0.4797346210536688,1.4558572021716045,0.006766381976009375,11.020889919208345,0.005616597374892177,18.970670600634588,238.32832797652318,5.354377045101528,0.0,0.0,0.0,0.09300548226017989,1.0180603134447044,0.0018507833111899715,82.90990702592336,0.7691148294090984,-0.8064516129032259,0.3307790001555986,0.14792784518628013,0.4955908328234761,0.029292346625481476,-0.7981666901706388,0.6442070665571077,7.487659139350622,0.28525707358954516,0.504956843574367,Software—Application,Technology,PTC
2020Q1,2020,Q1,2020-01-27,2019-12-28,35455000.0,356110000.0,30425000.0,0.31,268705000.0,0.7545561764623291,3279827000.0,1247817000.0,739169000.0,631512000.0,2032010000.0,0.0,-157507000.0,8729098200.0,9841689200.0,10.83268512891744,1.1704749870152902,0.4114875571181041,1.081575263039372,0.020080919280034113,10.83268512891744,0.0284136215486726,24.512364718766673,61.55054435199549,6.9954954933295515,0.0,0.0,0.0,0.10857584866518874,0.9670267548360126,0.010810021382225343,3111.9779679144385,0.7545561764623291,2.7125748502994007,0.18942084642959067,0.11168529978911756,0.48192436356155305,0.07659422728656827,2.60828414410747,-0.34641575905995575,4.882045682262433,0.24479755698846115,0.5249739225887451,Software—Application,Technology,PTC
2019Q4,2019,Q4,2019-11-18,2019-09-30,9826000.0,335005000.0,46551000.0,0.0835,249588000.0,0.745027686153938,2664588000.0,1201998000.0,782621000.0,638155000.0,1462590000.0,0.0,-191390000.0,8026422320.000001,8425977320.000001,10.21030546022901,1.2263807382219054,0.2511209988185791,0.5566847864971489,0.007236076262695156,10.21030546022901,0.008174722420503195,23.959112013253538,204.21387950335844,6.677567117416169,0.0,0.0,0.0,0.12572487754204403,1.0502354443669641,0.0036876245033003224,159.3049841219435,0.745027686153938,1.6423076923076925,-0.7452718360587223,-0.0821771805774185,0.4142633039055266,0.17298067026661215,1.6658083751185797,4.002794196668458,1.3369905490020815,0.13494743971194587,0.3929080977481072,Software—Application,Technology,PTC
2019Q3,2019,Q3,2019-08-08,2019-06-29,-14758000.0,295486000.0,9305000.0,-0.13,212781000.0,0.7201051826482473,2648601000.0,1215595000.0,752663000.0,601222000.0,1433006000.0,0.0,-197056000.0,10424098080.0,10855152080.0,10.467265979523477,1.251888653442489,0.26388119614845723,0.5749579424068049,0.14789186269399565,10.467265979523477,-0.012140556682118633,35.277807002700634,-176.58385418078333,8.575305163315086,0.0,0.0,0.0,0.11156304781278871,1.035160057349864,-0.005571998198294118,175.86290920133618,0.7201051826482473,0.6486486486486487,-1.4006950914266245,-0.09375402311198384,0.29056623728966613,0.01061045752254841,0.6608369912439961,1.4070784845568292,-5.7844845038626485,0.019841180755555816,0.4038443134660165,Software—Application,Technology,PTC
2019Q2,2019,Q2,2019-05-09,2019-03-30,-43513000.0,290451000.0,-22858000.0,-0.37,210547000.0,0.7248967984272734,2715819000.0,1247708000.0,790602000.0,598383000.0,1468111000.0,0.0,-182298000.0,10919734980.0,11364135980.0,10.532647875672161,1.3212307167817268,0.27199898078627477,0.5920455747658907,-0.014982433333872969,10.532647875672161,-0.03487434560009233,37.59579061528451,-62.738348194792366,8.75183534929647,0.0,0.0,0.0,0.1069478488809453,1.1229329710235751,-0.016022054488903717,90.85091585270479,0.7248967984272734,-3.055555555555556,-2.013225456053988,-0.09967802337260116,0.29401705918122534,-0.18182383411635328,-3.073528710984036,-1.7608174677140194,-7.134774743903566,0.030322051084279104,0.41276909905659015,Software—Application,Technology,PTC
2019Q1,2019,Q1,2019-02-07,2018-12-29,20985000.0,334689000.0,30044000.0,0.18,257337000.0,0.7688839489795004,2752969000.0,1321169000.0,799985000.0,540969000.0,1431800000.0,0.0,-138785000.0,9742715820.0,10244209820.0,11.16578349095273,1.4788000791172877,0.28277979156321775,0.5892387726324188,0.014702786900643174,11.16578349095273,0.01588366060662943,29.109758073913394,116.06761758398856,7.374314580496516,0.0,0.0,0.0,0.12157383537555272,1.2722688361070598,0.0076226793690738984,-1068.5145667909628,0.7688839489795004,0.6363636363636362,-0.45841816798539886,0.05422493004428736,0.39594195286045675,0.09751697430823296,0.5908574027746191,1.5685218432076602,1.8473581589588772,0.10951614846265251,0.5247385284725344,Software—Application,Technology,PTC
2018Q4,2018,Q4,2018-11-16,2018-09-30,13191000.0,312521000.0,11697000.0,0.11,234472000.0,0.750259982529174,2329022000.0,874589000.0,633784000.0,735279000.0,1454433000.0,0.0,-599409000.0,12322209300.0,12705531300.0,7.514296760890111,0.8619639619790583,0.27619661815130986,0.7355089076126043,0.15194808626090137,7.514296760890111,0.015082513043269467,39.428420170164564,233.53440413918582,14.089142785925732,0.0,0.0,0.0,0.13418550790846973,0.5645190465115962,0.005663750707378462,273.13493150684934,0.750259982529174,-0.21428571428571436,-0.7566016318912259,-0.055760340599921326,-0.016453430939835673,0.005364010959561961,-0.2239218685650409,-0.46104225222319495,3.347190931993478,-0.011876415468607014,0.004837392706084029,Software—Application,Technology,PTC
2018Q3,2018,Q3,2018-08-01,2018-06-30,16997000.0,314777000.0,21703000.0,0.14,233221000.0,0.7409086432617377,2255631000.0,834385000.0,588212000.0,665110000.0,1421246000.0,0.0,-612600000.0,10860758940.0,11287259940.0,7.207015392056938,0.8843830343852896,0.30725459971067964,0.8306153634113749,0.02422086994281717,7.207015392056938,0.020370692186460686,34.503025761094364,159.74523357063012,13.01648392528629,0.0,0.0,0.0,0.13955163765704587,0.6299514366044714,0.0075353637186224166,261.5789725433526,0.7409086432617377,1.0,-0.4851549179263197,0.04292841833826829,0.023632464592844488,0.03999518398944045,1.145544054531684,-0.029643208441384242,-0.023008328940303684,0.04073214242470438,0.0070706952154839225,Software—Application,Technology,PTC
2018Q2,2018,Q2,2018-05-02,2018-03-31,7922000.0,307883000.0,22366000.0,0.07,224252000.0,0.7283675941835047,2328814000.0,927724000.0,649160000.0,689326000.0,1401090000.0,0.0,-629597000.0,9067960410.0,9411021410.0,7.981039392297038,0.9417314884394321,0.2760362141416189,0.6929183679628855,0.009770950127273508,7.981039392297038,0.008539177600234553,29.4526180724496,286.1638604519061,9.774416108670252,0.0,0.0,0.0,0.1322059211255171,0.6524111958637858,0.0034017315251454175,85.63889853238389,0.7283675941835047,-0.4166666666666666,-0.5156910367523881,0.021427150565340575,0.16727903786401618,0.0025303326985148824,-0.4291273329970455,0.28010531135531136,0.4651816890606661,-0.022542166662764963,0.08306765052779992,Software—Application,Technology,PTC
2018Q1,2018,Q1,2018-02-06,2017-12-30,13877000.0,306644000.0,17472000.0,0.12,223686000.0,0.7294647865276999,2305942000.0,889099000.0,619459000.0,604336000.0,1416843000.0,0.0,-637519000.0,7149955120.0,7600898120.0,7.556767185693888,1.025024158746128,0.3220471286788653,0.8352523172335139,0.02296259185684412,7.556767185693888,0.01560793567420501,23.31679445872086,128.80945305181237,8.04179862984887,0.0,0.0,0.0,0.13297992750901802,0.7328439808318551,0.00601793106678312,439.9972381538461,0.7294647865276999,-0.2,-0.6050137021425751,-0.02248045316136373,0.09722336762730167,0.0005054277573767852,-0.20407226842558074,-0.00546448087431694,-0.544220966260454,-0.06279874003842707,0.03377484612269589,Software—Application,Technology,PTC
2017Q4,2017,Q4,2017-11-29,2017-09-30,17435000.0,306379000.0,17568000.0,0.15,223573000.0,0.729726906870249,2360384000.0,885436000.0,666556000.0,678909000.0,1474948000.0,0.0,-650840000.0,6606146400.0,7038549400.0,7.543329357641847,0.9818046306647872,0.3018178398091158,0.8045821493591857,0.0351475703019464,7.543329357641847,0.019690864161836654,21.56200783996292,94.7253570404359,7.460896552658803,0.0,0.0,0.0,0.12980049008974812,0.6638739507062066,0.007386509991594588,250.10965812289402,0.729726906870249,16.0,1.2099399707407852,-0.04751857804228939,0.12313678666390145,0.06959933022365745,19.333333333333332,0.5607675906183369,-0.5466923356219884,-0.15814467874520605,0.04485159051713915,Software—Application,Technology,PTC
2017Q3,2017,Q3,2017-08-08,2017-07-01,-951000.0,291293000.0,11256000.0,-0.01,209025000.0,0.717576460814369,2291761000.0,835380000.0,609459000.0,650940000.0,1456381000.0,0.0,-668275000.0,6372698800.0,6824194800.0,7.22553301907192,0.9362752327403447,0.31076146247361747,0.8525353731236084,-0.009895479484653736,7.22553301907192,-0.0011384040795805502,21.877280950795246,-1675.262565720294,7.6285029567382505,0.0,0.0,0.0,0.12710444064629775,0.627604694749132,-0.00041496473672429196,92.2096164141743,0.717576460814369,0.0,-1.0427686852965177,-0.03555063664639675,-0.0033152820368417863,0.054563341910095355,0.13858695652173914,0.49820311460135763,-1.0259363282984357,-0.10261110182171401,-0.10912467696169009,Software—Application,Technology,PTC
2017Q2,2017,Q2,2017-05-11,2017-04-01,-1104000.0,280040000.0,7513000.0,-0.01,198210000.0,0.7077917440365662,2333748000.0,847344000.0,671723000.0,683945000.0,1486404000.0,0.0,-667324000.0,6080507950.0,6549167950.0,7.323060436093995,0.9821301420435854,0.3050783546466885,0.840244339961102,0.005037131570171613,7.323060436093995,-0.0013028946921203196,21.712997964576488,-1376.9266191123186,7.175961533922468,0.0,0.0,0.0,0.11999581788607853,0.5987191952569285,-0.00047305878783827557,88.50812154294032,0.7077917440365662,0.8750000000000001,-1.3181363506946022,-0.04354613700568851,0.01570311305161422,-0.029391025013221554,0.8792254676731212,0.647226485419864,-1.0263186975481995,-0.11130385065860406,-0.10030552226013796,Software—Application,Technology,PTC
2017Q1,2017,Q1,2017-02-09,2016-12-31,-9141000.0,286327000.0,4561000.0,-0.08,204212000.0,0.7132125157599528,2196941000.0,818965000.0,513188000.0,556730000.0,1377976000.0,0.0,-666220000.0,5334468300.0,5892863300.0,7.103521554341227,0.9217897364970452,0.3330822266050841,0.893520480118198,0.004134325619175508,7.103521554341227,-0.011161649154725782,18.630685544849072,-145.89400229734164,6.513670669686739,0.0,0.0,0.0,0.13032985410168046,0.5908752896377059,-0.0041607853829483815,-96.85297759541015,0.7132125157599528,0.6799999999999999,-1.4218808937409044,-0.0814589298900215,-0.01361043473884046,-0.005691860493424416,0.6789590138025497,1.1378987150415723,-1.2421175973774754,-0.07438223915948292,-0.11192047035587477,Software—Application,Technology,PTC
2016Q4,2016,Q4,2016-11-18,2016-09-30,-28473000.0,288237000.0,-33075000.0,-0.25,205381000.0,0.7125421094446583,2352253000.0,842666000.0,642589000.0,654519000.0,1509587000.0,0.0,-657079000.0,5093788980.0,5573978980.0,7.330207554063223,0.9817728744314527,0.322297388928827,0.8996743668309864,-0.01356372527450894,7.330207554063223,-0.033789188124357696,17.672224523569145,-44.72473027078285,6.044849299722547,0.0,0.0,0.0,0.12253656388152125,0.6997306418912209,-0.012104565282731067,1268.6896587795766,0.7125421094446583,-9.333333333333334,-1.7740935620609046,-0.13144671933580365,0.04763455736571466,-0.003884917209067717,-10.265538561666125,-5.354265402843602,-1.531924064688091,-0.1182829684966564,-0.04054887373868308,Software—Application,Technology,PTC
2016Q3,2016,Q3,2016-08-11,2016-07-02,3073000.0,288652000.0,7596000.0,0.03,206182000.0,0.7142926430442194,2339146000.0,862661000.0,635286000.0,603894000.0,1476485000.0,0.0,-628606000.0,4384954200.0,4868453200.0,7.456144445020657,1.051982632713688,0.3326534555773774,0.9020055386762587,-0.02020798055987136,7.456144445020657,0.0035622336004525533,15.191144353754694,356.73236251220305,5.0830560324391625,0.0,0.0,0.0,0.12340059149792275,0.757954210507142,0.0013137273175765857,84.8301290360024,0.7142926430442194,1.5999999999999999,-0.7977697868651261,0.010782343253772825,0.0988309573139885,0.07143154087592758,1.59404600811908,3.3208191126279862,-0.906856609779865,-0.04300147737499729,0.059016957703264906,Software—Application,Technology,PTC
2016Q2,2016,Q2,2016-05-11,2016-04-02,-5173000.0,272627000.0,1758000.0,-0.05,192436000.0,0.7058581871934915,2411502000.0,854104000.0,741390000.0,618806000.0,1557398000.0,0.0,-631679000.0,3780579000.0,4250248000.0,7.455321526147185,1.1980976267198444,0.3475531017598161,0.9812915054841097,0.0015057596940783538,7.455321526147185,-0.00605663947247642,13.867221515110389,-182.70727817514015,4.426368451617133,0.0,0.0,0.0,0.11305277789527025,0.8324499116039599,-0.002145136101898319,85.52572165414895,0.7058581871934915,0.7619047619047619,-1.2806412620666063,0.04487083791707293,0.09731450517471414,-0.08741878882723954,0.7834840113845639,1.1322600060186578,-1.3208818159703182,-0.08228989813069171,0.09038937289386172,Software—Application,Technology,PTC
2016Q1,2016,Q1,2016-02-10,2016-01-02,-23892000.0,291017000.0,-13292000.0,-0.21,210870000.0,0.7245968448578606,2215893000.0,835937000.0,659588000.0,579387000.0,1379956000.0,0.0,-626506000.0,3953049130.0000005,4374377130.0,7.3230808315301665,1.1384238859346172,0.32407927639105316,0.8590659343945776,-0.010455355947029704,7.3230808315301665,-0.02858110120738764,13.583567729720258,-41.363731897706344,4.728884030734374,0.0,0.0,0.0,0.13133170238815683,0.7908341057013706,-0.010782109063930434,69.26788852091329,0.7245968448578606,-3.1999999999999993,-2.844049124262691,0.11737749005381357,0.11974970460339081,-0.10726230493721582,-3.3017644940583364,0.3849143914854234,-1.7009278350883916,-0.04381110084345852,0.0632927036034741,Software—Application,Technology,PTC
2015Q4,2015,Q4,2015-11-23,2015-09-30,-5554000.0,312568000.0,-21610000.0,-0.05,236206000.0,0.7556947608200456,2209913000.0,860171000.0,704679000.0,617260000.0,1349742000.0,0.0,-602614000.0,3650893500.0,4045601500.0,7.47812214735927,1.1416242750218708,0.30233090623929537,0.7767350910458501,-0.002996420192267931,7.47812214735927,-0.006456855671721088,11.680317562898313,-164.33622164205977,4.24438105911499,0.0,0.0,0.0,0.14143905212558142,0.7625506269643262,-0.0025132211087042795,-161.89497139816416,0.7556947608200456,-1.3333333333333335,0.5774765731807632,0.1722354890549268,0.157176419500603,0.05573061228138395,-1.3185546314883854,-2.0001388438931826,0.9317534158257347,-0.008383153486826157,0.11342799454415954,Software—Application,Technology,PTC
2015Q3,2015,Q3,2015-08-11,2015-07-04,17435000.0,303113000.0,21607000.0,0.15,223737000.0,0.7381306641417558,2146601000.0,830323000.0,635205000.0,638193000.0,1316278000.0,0.0,-597060000.0,4777329375.0,5126644375.0,7.1564145658263305,0.9953180307524526,0.2908668168886533,0.7519664034357714,0.01443594943007667,7.1564145658263305,0.020997852642887165,15.760885791767427,68.5019984944078,5.7535794805154135,0.0,0.0,0.0,0.14120602757568826,0.7179708959515382,0.008122142866792664,59.486849232340084,0.7381306641417558,1.9999999999999998,0.6149677704489291,0.23839025087567933,0.12215993984223056,-0.018977046017582707,2.2334940652818993,4.418004012036108,-0.2186782007307938,3.811259144114412e-05,-0.012849430714495761,Software—Application,Technology,PTC
2015Q2,2015,Q2,2015-05-11,2015-04-04,5392000.0,314119000.0,3988000.0,0.05,228065000.0,0.7260464983015991,2108630000.0,854220000.0,706252000.0,660736000.0,1254410000.0,0.0,-614495000.0,4232312220.0,4495122220.0,7.368920481013095,1.0688868171251453,0.2516444326410987,0.6211807262766033,0.04012295408614046,7.368920481013095,0.006312191238790944,13.473595102493004,196.23109328635013,4.95459275128187,0.0,0.0,0.0,0.14896828746626956,0.7101081218519953,0.0025571105409673577,49.309257852549166,0.7260464983015991,-0.8076923076923077,-0.40087214985295616,0.30613072461305235,0.15190203110976672,-0.0190752688172043,-0.821952185972791,-0.8940235444181659,0.5509413681025671,0.0708766218455146,0.022063867656264537,Software—Application,Technology,PTC
2015Q1,2015,Q1,2015-02-10,2015-01-03,30284000.0,325442000.0,37631000.0,0.26,232500000.0,0.7144130136860024,2137223000.0,855453000.0,696065000.0,588982000.0,1281770000.0,0.0,-619887000.0,4253931450.0,4598504450.0,7.309877207823836,1.1818103099924955,0.2833700554411028,0.7079582396695084,0.022669335394058278,7.309877207823836,0.035401126654532745,13.071242955734048,35.11698793092062,4.972723749872874,0.0,0.0,0.0,0.15227330044642043,0.7851564224373581,0.014169789488509154,748.2729023746701,0.7144130136860024,-0.21212121212121213,0.6841351348608765,0.2509802410487564,0.1008935646213754,-0.14160396375907316,-0.21857824796800412,0.04217901850005539,0.3769397996446194,0.028526400666956896,0.015043953337661925,Software—Application,Technology,PTC
2014Q4,2014,Q4,2014-11-26,2014-09-30,38755000.0,366708000.0,36108000.0,0.33,270854000.0,0.7386094658420324,2199954000.0,853889000.0,732167000.0,626667000.0,1346065000.0,0.0,-650171000.0,4364347500.0,4682568500.0,7.219522299725217,1.1683509742813967,0.2781308154625051,0.716574402527729,0.029495194108655278,7.219522299725217,0.04538646123793608,11.901424293988677,28.153447942201,5.111141494971829,0.0,0.0,0.0,0.1666889398596516,0.8446942315456215,0.01761627743125538,102.42302457112014,0.7386094658420324,0.03125000000000003,1.3688994973605115,0.44675894894125734,0.08968591437209388,0.10301435913307651,0.019171093462367853,-0.33605472197705205,0.024080770738869998,0.07402245976342278,0.031815401280423115,Software—Application,Technology,PTC
2014Q3,2014,Q3,2014-08-05,2014-06-28,38026000.0,336634000.0,54384000.0,0.32,245558000.0,0.7294509764313765,1958206000.0,972469000.0,711229000.0,548351000.0,985737000.0,0.0,-688926000.0,4606596420.0,4617423420.0,8.110599577985171,1.2970323752487003,0.16086152325138417,0.32391778041253755,0.03082671697930712,8.110599577985171,0.03910253180307033,13.684287445712554,30.285833508651976,4.737011071818228,0.0,0.0,0.0,0.17190939053398877,0.971633132792682,0.01941879454970519,46.04570409020031,0.7294509764313765,-0.11111111111111106,8.644455804866892,0.4300497820942417,0.2540248549214786,0.04535914824416887,-0.13095346923850443,0.061917872415207076,1.4147221706952853,0.13748086581373556,0.19527967361463666,Software—Application,Technology,PTC
2014Q2,2014,Q2,2014-05-06,2014-03-29,43756000.0,328700000.0,51213000.0,0.36,234903000.0,0.71464253118345,1959126000.0,982421000.0,703444000.0,525815000.0,976705000.0,0.0,-726952000.0,4205118320.0000005,4252773320.0000005,8.13949692621253,1.3378165324306077,0.1623810821764399,0.32381738582542513,0.03551095648026816,8.13949692621253,0.044538950205665395,12.793180164283543,24.025952555078163,4.280362817977222,0.0,0.0,0.0,0.16777889732462334,0.9352300714129494,0.022334449137013136,39.61337603858546,0.71464253118345,0.09090909090909081,4.80004069014824,0.3876158942427338,0.3168901573331684,0.01264824179092896,0.10336132334770659,-0.06666545169579559,1.2531544555222933,0.19574273736339445,0.1980151373261751,Software—Application,Technology,PTC
2014Q1,2014,Q1,2014-02-04,2013-12-28,39657000.0,324925000.0,54871000.0,0.33,231969000.0,0.7139155189659152,1904742000.0,968648000.0,769100000.0,455937000.0,936094000.0,0.0,-770708000.0,4130721000.0,4127469000.0,7.9987448389760525,1.686855859471813,0.19326764464688656,0.380040014535724,0.03064526298616623,7.9987448389760525,0.04094056871020226,12.712844502577518,26.040301838263105,4.264419066575268,0.0,0.0,0.0,0.17058740763840982,1.2807624737628225,0.02082014257048986,135.575718786924,0.7139155189659152,-0.29787234042553185,7.051875542023828,0.2786003825703708,0.3085534234585221,-0.08427023954270556,-0.29768356178939537,0.11967922295229155,1.8851966195993737,0.17598088777059365,0.22306340414514322,Software—Application,Technology,PTC
2013Q4,2013,Q4,2013-11-22,2013-09-30,56466000.0,344845000.0,49006000.0,0.47,253316000.0,0.7345793037451609,1828906000.0,926480000.0,680216000.0,528613000.0,902426000.0,0.0,-810365000.0,3451258698.733,3467470698.733,7.6400009895519805,1.2867939305314096,0.14113628584519927,0.2786082808047664,0.04825635889390698,7.6400009895519805,0.060946809429237546,10.00814481501254,15.280251384607551,3.725130276674078,0.0,0.0,0.0,0.18855261013961352,0.8910469473887324,0.03087419473718168,103.14272432781446,0.7345793037451609,0.6206896551724138,0.4503601471504782,0.07941450238957437,0.23652686027547612,0.1317440177278982,0.6388332607749239,0.13400439662154345,5.07456781116016,0.22671561380486563,0.1822258069417553,Software—Application,Technology,PTC
2013Q3,2013,Q3,2013-08-07,2013-06-29,34455000.0,314996000.0,43215000.0,0.29,223828000.0,0.7105741025282861,1756777000.0,850705000.0,639948000.0,494028000.0,906072000.0,0.0,-866830000.0,2963910960.828,2975004960.828,7.040628000132419,1.2953678738856906,0.15262324131065014,0.31517976266743464,0.028684159510549753,7.040628000132419,0.04050170152990755,9.409360629430216,21.505666527557683,3.484064347603458,0.0,0.0,0.0,0.1793033492583293,0.9268988802254123,0.01961262015611543,38.05349939436113,0.7105741025282861,1.0714285714285712,1.2365445787576435,0.08876090582479985,0.22473903029633904,0.014269595203893438,1.0223630920936784,1.0342214272265111,2.064630732031832,0.23578235695720287,0.10400405404236772,Software—Application,Technology,PTC
2013Q2,2013,Q2,2013-05-08,2013-03-30,17037000.0,313949000.0,21244000.0,0.14,220679000.0,0.7029135305415848,1784819000.0,827799000.0,645238000.0,499069000.0,957020000.0,0.0,-901286000.0,3086099790.0,3153415790.0,6.837302078945412,1.2928833487954572,0.1726365530622433,0.3722220007513901,0.016443474963251933,6.837302078945412,0.02058108308901074,9.829939862843965,45.28525840817045,3.7280786640235126,0.0,0.0,0.0,0.1758996290380145,0.9098160775363727,0.009545505734755176,39.685966205007524,0.7029135305415848,-0.5172413793103448,-0.1502875921429258,0.14480651762696212,0.2505346412071705,-0.00898153844772071,-0.5242523247046996,0.5328667292012411,0.8125436901999356,0.24990578861042073,0.06879999212116002,Software—Application,Technology,PTC
2013Q1,2013,Q1,2013-02-06,2012-12-29,35811000.0,319751000.0,13859000.0,0.29,222679000.0,0.6964137719663113,1802646000.0,825958000.0,633498000.0,453320000.0,976688000.0,0.0,-918322000.0,2704353730.073,2824086730.073,6.887173030260075,1.3974631606811965,0.20421369475759524,0.4456945752689604,0.034481221379745325,6.887173030260075,0.043356926139101505,8.457686543820035,18.87935082846751,3.2742024776962024,0.0,0.0,0.0,0.1773786977587391,1.036969469690285,0.019865797278001338,433.1817603833093,0.6964137719663113,1.4084507042253522,2.4357899030952335,0.2563946723946534,0.299617601396942,-0.06223047638299306,1.4263975709948205,-0.7594132453780054,0.9433420567180849,0.1993829298755328,0.037232808689600806,Software—Application,Technology,PTC
2012Q4,2012,Q4,2012-11-16,2012-09-30,-83985000.0,325295000.0,57605000.0,-0.71,237456000.0,0.7299712568591586,1791634000.0,797259000.0,879152000.0,481744000.0,994375000.0,0.0,-954134000.0,2554531600.0,2434988600.0,6.716305126153069,1.8249360656282174,0.20651539321089016,0.46409008866629287,-0.07380322002266987,6.716305126153069,-0.1053421786395638,7.852969151078252,-7.604130499493957,3.2041426939049917,0.0,0.0,0.0,0.1815633103636122,1.4674038493473711,-0.04687620351031516,212.45272787757818,0.7299712568591586,-4.7368421052631575,-4.3406121841948115,0.15956865835702805,0.2735862522926391,0.08860353277189187,-4.668268180825508,0.8532638419714956,-6.114987367606235,0.27872490912821896,0.013732320332696338,Software—Application,Technology,PTC
2012Q3,2012,Q3,2012-07-30,2012-06-30,22895000.0,310983000.0,31083000.0,0.19,218129000.0,0.7014177623857253,1611461000.0,863003000.0,607971000.0,482295000.0,748458000.0,0.0,-870149000.0,2495120200.958,2397073200.958,7.249567379580316,1.2605791061487264,0.08687768428773641,0.16222423328771743,0.023051905929962223,7.249567379580316,0.02652945586515922,8.023333111321199,27.245252248940815,2.891206868293621,0.0,0.0,0.0,0.19298202066323666,0.9150167428648441,0.014207604155483751,42.92458369388247,0.7014177623857253,5.333333333333334,-0.7505092611811641,0.31322326292039604,0.39592165320185735,0.049156121187634974,5.414962174278509,3.5028248587570623,4.848713147961745,0.3306150089946607,0.12089588371469115,Software—Application,Technology,PTC
2012Q2,2012,Q2,2012-05-09,2012-03-31,3569000.0,301125000.0,6903000.0,0.03,207909000.0,0.6904408468244084,1658616000.0,857993000.0,631260000.0,506532000.0,800623000.0,0.0,-893043000.0,3324943939.003,3260836939.003,7.209843449324807,1.2462391319798156,0.09646596921770922,0.18648170789272173,0.006148717498009534,7.209843449324807,0.0041597075966820244,11.04173993857368,232.90445075672457,3.8752576524552063,0.0,0.0,0.0,0.1815519686292668,0.8460353936177774,0.0021517940258625264,38.00153081893822,0.6904408468244084,-0.8333333333333334,-0.8054878783959918,0.25185363484650714,0.6448752669483442,-0.05520387899498766,-0.8386746824571712,-0.7876326718966313,-0.5201758102839383,0.28931352539873584,0.16648141284413162,Software—Application,Technology,PTC
2012Q1,2012,Q1,2012-02-08,2011-12-31,22123000.0,318276000.0,32505000.0,0.18,220057000.0,0.6914030589802561,1613385000.0,847729000.0,588288000.0,428393000.0,765656000.0,0.0,-896613000.0,2149475900.0,2362124900.0,7.201537612029053,1.3732437271383986,0.24792594452037175,0.471848904543787,0.019299898695290574,7.201537612029053,0.026096783288055498,6.753496650705677,24.29005898838313,2.535569621895677,0.0,0.0,0.0,0.1972721947954146,0.9542336125940433,0.013712164176560461,74.33774511499222,0.6914030589802561,-0.41935483870967744,0.3869854783029633,0.36404709694462095,0.7282256133692041,-0.08651379421996032,-0.41195077217511494,-0.36573134561348736,3.6209742833590877,0.2884510683696628,0.17813443060052353,Software—Application,Technology,PTC
2011Q4,2011,Q4,2011-11-23,2011-09-30,37621000.0,339425000.0,51248000.0,0.31,240898000.0,0.7097237975988805,1629682000.0,822690000.0,592264000.0,469391000.0,806992000.0,0.0,-918736000.0,1808365020.0,1840487020.0,6.9969127140050515,1.261771103408459,0.12272332884575028,0.24310493624573046,0.0395548823386488,6.9969127140050515,0.04572925403250313,5.327730779995581,12.016991972568512,2.1981123144805457,0.0,0.0,0.0,0.20827682946734394,0.8481159630244295,0.023084871772529856,-190.45445181674566,0.7097237975988805,1.3846153846153846,0.3663912210931242,0.29168060238436405,0.7544068001085164,0.19627161401173934,1.4230967409506634,1.0891969017529555,-0.003374394847116678,0.09577405554301191,0.13244363733748465,Software—Application,Technology,PTC
2011Q3,2011,Q3,2011-08-10,2011-07-02,15526000.0,291783000.0,24530000.0,0.13,201374000.0,0.6901498716511928,1681513000.0,802144000.0,618258000.0,485230000.0,879369000.0,0.0,-956358000.0,2736654100.0,2975903100.0,6.78552455715905,1.2741545246584094,0.2973512544952076,0.6233294770016357,0.016018473506265913,6.78552455715905,0.01935562691985479,9.379073146824867,44.065665657606594,3.411674337774764,0.0,0.0,0.0,0.1735240821807503,0.9225006697854625,0.009233351154585186,65.63034438102547,0.6901498716511928,-0.1875,-0.14433348673307456,0.25229754283439537,0.8981093110408043,0.07446456583679262,-0.18357259294315612,0.012548501609840668,0.0301098990832562,0.030827838772997912,0.18036299688474772,Software—Application,Technology,PTC
2011Q2,2011,Q2,2011-05-11,2011-04-02,19017000.0,269189000.0,24226000.0,0.16,187418000.0,0.6962320154241072,1347101000.0,803028000.0,625003000.0,437709000.0,544073000.0,0.0,-971883000.0,2672366458.1940002,2412862458.1940002,6.794151987410529,1.4278961593204618,0.0,0.0,0.02451336553987117,6.794151987410529,0.023681615086896098,9.927472735490678,35.13128330170374,3.327862114638593,0.0,0.0,0.0,0.19982837218590144,1.0008064718797192,0.014116981577476373,37.05033354860803,0.6962320154241072,0.4545454545454546,0.6423235195222468,0.24845191477700482,1.0513719540919506,0.0383786449185832,0.4341628959276018,0.4158971361776739,-0.028449136531539965,0.005483613655479693,0.2426425393791999,Software—Application,Technology,PTC
2011Q1,2011,Q1,2011-02-09,2011-01-01,13260000.0,266552000.0,17110000.0,0.11,180491000.0,0.6771324169392839,1267511000.0,764040000.0,538835000.0,398128000.0,503471000.0,0.0,-990900000.0,667082170.0,484167170.0,6.539926558073049,1.3534215126793394,0.0,0.0,0.019505121611607272,6.539926558073049,0.017355112297785455,2.5026342702362014,12.57696398944193,0.8730984896078738,0.0,0.0,0.0,0.21029561084676976,0.8979423702929711,0.010461447671854524,-12.480489616463984,0.6771324169392839,2.0,0.653365777637857,0.2975460969151273,1.0966939203751056,-0.05462002210361462,2.003405221339387,-0.40887890827431334,0.30595261639680454,0.07515199598779232,0.23409178619026183,Software—Application,Technology,PTC
2010Q4,2010,Q4,2010-11-23,2010-09-30,-13215000.0,268066000.0,28945000.0,-0.11,190919000.0,0.7122089336208247,1307064000.0,747304000.0,568257000.0,452994000.0,559760000.0,0.0,-1004160000.0,711179850.0,470926850.0,6.4623872568943,1.2544470787692552,0.0,0.0,-0.01355716681573702,6.4623872568943,-0.017683566527142904,2.653002805279297,-13.454026674233825,0.9516607030070762,0.0,0.0,0.0,0.20509018686154618,0.9040605394331934,-0.010110446007234535,67.58337451297159,0.7122089336208247,-2.2222222222222223,-1.7179876853397835,0.28964493571101124,1.165854789217577,0.13448454128958268,-2.232972569509237,1.4165136082818501,-1.539580425962426,-0.019098272444786735,0.22543681574602484,Software—Application,Technology,PTC
2010Q3,2010,Q3,2010-08-12,2010-07-03,10718000.0,242998000.0,11978000.0,0.09,168287000.0,0.6925447946073631,1269040000.0,734595000.0,534231000.0,439032000.0,534445000.0,0.0,-990945000.0,566713441.2,347694441.20000005,6.37735701635587,1.216838408134259,0.0,0.0,0.014990842539956094,6.37735701635587,0.014590352507163812,2.332173273854106,13.218731134540027,0.7714637878014416,0.0,0.0,0.0,0.19148174998424006,0.8383284134186119,0.008445754270944966,12.377439418162758,0.6925447946073631,0.12499999999999993,-0.6204760525652226,0.27178268648902015,1.1881544322854805,0.029971234469673785,0.19062430570984226,0.04056988967074972,-0.879296320012164,0.060468065162380576,0.2279754478046264,Software—Application,Technology,PTC
2010Q2,2010,Q2,2010-05-13,2010-04-03,9002000.0,240556000.0,11511000.0,0.08,163390000.0,0.6792181446316035,1311825000.0,741759000.0,550701000.0,473771000.0,570066000.0,0.0,-1001664000.0,700344040.0,511180040.0,6.397176393476554,1.1623780265149197,0.025558287119089817,0.04520066490598699,0.012255303399814472,6.397176393476554,0.012136017223923134,2.9113555263639235,19.449678960231058,0.9441665554445582,0.0,0.0,0.0,0.18337506908314752,0.7890077695764409,0.006862195795933146,11.92623060810926,0.6792181446316035,-0.4666666666666666,-0.5891791725912126,0.27820783911920693,1.3700999854912768,-0.09105575273423158,-0.4960532945193976,-0.48475896334094265,-0.496473255384451,0.026375665365815194,0.4594709721361312,Software—Application,Technology,PTC
2010Q1,2010,Q1,2010-02-11,2010-01-02,17863000.0,258429000.0,22341000.0,0.15,179758000.0,0.6955798304369866,1347686000.0,771914000.0,566254000.0,474927000.0,575772000.0,0.0,-1010665000.0,671942340.0,554042340.0,6.63994907658297,1.192296921421608,0.08402847547574138,0.1467054620074257,0.020665274398414504,6.63994907658297,0.02314117893962281,2.6001042452665915,9.404108212506298,0.8704886036527386,0.0,0.0,0.0,0.1917575755776939,0.8247162195453196,0.013254571168655013,45.148312840153196,0.6955798304369866,0.07142857142857129,-0.13371848108123482,0.4192014466663345,1.667497733245299,0.039105628551444276,0.12345911949685534,0.4706734250543085,0.13399184369028902,0.12148729846004255,0.5934555484998262,Software—Application,Technology,PTC
2009Q4,2009,Q4,2009-11-24,2009-09-30,15900000.0,246343000.0,15191000.0,0.14,172993000.0,0.7022444315446349,1350212000.0,761581000.0,546466000.0,491431000.0,588631000.0,0.0,-1028528000.0,733381000.0,556139000.0,6.625324053936494,1.1119892721460387,0.04286734231365148,0.07599979516295706,0.01980986221836895,6.625324053936494,0.020877621684364498,2.977072618259906,11.531147798742138,0.9629717653145233,0.0,0.0,0.0,0.1824476452586705,0.8174352045353265,0.011775928520854503,-52.76501906611986,0.7022444315446349,3.6666666666666674,-0.6477110890560641,0.3488230822719259,1.9322065220396119,0.13547485116801114,3.1974656810982047,6.645193759436336,-0.40930589229851133,-0.04110219686784706,0.6612346113569535,Software—Application,Technology,PTC
2009Q3,2009,Q3,2009-08-13,2009-07-04,3788000.0,226159000.0,1987000.0,0.03,152353000.0,0.6736543759036784,1296522000.0,745035000.0,512889000.0,483407000.0,551487000.0,0.0,-1044428000.0,691164000.0,515105000.0,6.467654565341945,1.0609879459751308,0.04264177545772459,0.07420590978947297,0.006286545037172819,6.467654565341945,0.005084324897488037,3.056097701174837,45.61536430834213,0.9276933298435643,0.0,0.0,0.0,0.17443514263545085,0.7872103631101742,0.0029216627253529056,-34.73884197828709,0.6736543759036784,-0.5,-0.7814381155872165,0.2504448253733816,2.5584095128467457,0.04341364526689222,-0.47205574912891984,2.3983110485573538,-0.7857632465623919,-0.003905660407416495,0.8091917946297928,Software—Application,Technology,PTC
2009Q2,2009,Q2,2009-05-14,2009-04-04,7175000.0,225292000.0,-1421000.0,0.06,146014000.0,0.648110008344726,1266862000.0,709518000.0,540924000.0,489159000.0,557344000.0,0.0,-1048216000.0,582000510.0,367630510.0,6.1808472642060055,1.105824486516654,0.04211034824629675,0.07518907201790512,0.007998181847686376,6.1808472642060055,0.010112498907709178,2.5833163627647675,20.27876341463415,0.8202758915207226,0.0,0.0,0.0,0.17783468128336,0.8169204696223519,0.005663600297427818,8.669494577846631,0.648110008344726,0.4999999999999999,1.1092030344128982,0.2750399745010069,2.6886185123316575,-0.07036532413125693,0.5400300493668169,-1.401639344262295,-0.36200300082273595,0.07582171423361392,0.8661956273295882,Software—Application,Technology,PTC
2009Q1,2009,Q1,2009-02-12,2009-01-03,4659000.0,240391000.0,3538000.0,0.04,157066000.0,0.6533772063014006,1302692000.0,700236000.0,539273000.0,529111000.0,602456000.0,0.0,-1055391000.0,657545700.0,504648700.0,6.1126620400680896,1.0192057999172197,0.05683308103527158,0.1057300681484528,0.008629543760076387,6.1126620400680896,0.0066534711154525045,2.73531746196821,35.28362846104314,0.9390344112556338,0.0,0.0,0.0,0.18453402646212613,0.778551192471901,0.0035764401715831524,105.17365642994241,0.6533772063014006,-0.870967741935484,1.163326596420979,0.4261344637760346,2.8315387372620546,-0.25476724821005786,-0.872370151216305,-0.9337775614869165,-0.4075560001262725,0.19340603348328753,0.9597133427893916,Software—Application,Technology,PTC
2008Q4,2008,Q4,2008-11-26,2008-09-30,36504000.0,299547000.0,53426000.0,0.31,210761000.0,0.7035991013096442,1349573000.0,702525000.0,597494000.0,566353000.0,647048000.0,0.0,-1060050000.0,815250510.0,646814510.0,6.178596870794966,1.0549851417755358,0.06558000197099378,0.12598128180491797,0.05253958339294763,6.178596870794966,0.05196114017294758,2.7216113331130005,5.583295734714003,1.1604576491939789,0.0,0.0,0.0,0.22195687080283913,0.8094774813587992,0.027048555357879863,22.528822781661923,0.7035991013096442,1.5833333333333335,1.8986222881559014,0.709857151410832,2.36377484006596,0.13199166424972877,1.5227366966136835,0.6736420023808032,1.0170779769718437,0.4656349117033596,1.070743069285996,Software—Application,Technology,PTC
2008Q3,2008,Q3,2008-08-07,2008-06-28,14470000.0,271748000.0,31922000.0,0.12,186186000.0,0.6851421169613023,1323038000.0,652423000.0,543978000.0,583567000.0,670615000.0,0.0,-1096554000.0,863666510.0,621646510.0,5.748676106475403,0.9321603174956774,0.0,0.0,0.028534324048548904,5.748676106475403,0.02217886248645434,3.178189020710364,14.921674326192122,1.3237830517930853,0.0,0.0,0.0,0.20539697272489527,0.7233342529649551,0.010936949656774787,19.846646368086034,0.6851421169613023,-0.25000000000000006,1.3923049136587504,0.5053033890118612,1.5575486298433177,0.05106695269278537,-0.2322792869269949,0.028680072183552462,-0.47995637381986295,0.44351858836826147,0.9724458062951038,Software—Application,Technology,PTC
2008Q2,2008,Q2,2008-05-08,2008-03-29,18848000.0,257793000.0,31032000.0,0.16,177140000.0,0.6871404576540092,1377055000.0,622262000.0,584238000.0,660718000.0,754793000.0,0.0,-1111024000.0,883173360.0,788671360.0,5.467503141172646,0.8842471372052827,0.11941716198699398,0.26426810571752735,0.02423537203541858,5.467503141172646,0.03028949220746245,3.4259012463488148,11.71441744482173,1.41929502363956,0.0,0.0,0.0,0.18720603026022925,0.6664431724275712,0.013687180250607275,8.712202186007971,0.6871404576540092,1.0,2.1519994712879416,0.3975036153257749,1.1626120659723573,0.07061049094326623,0.9076923076923077,1.087588294651867,-0.12366738247305312,0.3955540543864275,1.0256638739524373,Software—Application,Technology,PTC
2008Q1,2008,Q1,2008-02-07,2007-12-29,9880000.0,241242000.0,14865000.0,0.08,165457000.0,0.6858548677261836,1323699000.0,602434000.0,543425000.0,626720000.0,721265000.0,0.0,-1128078000.0,879883200.0,866523200.0,5.299384236453202,0.8670937579780444,0.15217054632510865,0.334356958604594,0.01109226896187856,5.299384236453202,0.016400136778468678,3.647305195612704,22.26425101214575,1.4605470474774,0.0,0.0,0.0,0.18224838124075035,0.6508807761041614,0.007463932510336564,55.95441653418124,0.6858548677261836,-0.6,1.8691062631949331,0.40555377040798235,1.159724719235794,-0.13967866056572378,-0.5861953426034512,-0.5161290322580645,-0.5100162244624313,0.35480197949421566,1.128946363186487,Software—Application,Technology,PTC
2007Q4,2007,Q4,2007-11-29,2007-09-30,23876000.0,266420000.0,30721000.0,0.2,192320000.0,0.7218677276480745,1090313000.0,594507000.0,594631000.0,430342000.0,495806000.0,0.0,-1132565000.0,908636040.0,645365040.0,5.273537708233541,1.381763806460908,0.0,0.0,0.03714321904367274,5.273537708233541,0.04016100735567454,3.4105398994069516,9.514115010889597,1.5283857717402822,0.0,0.0,0.0,0.24435185125739123,1.1162563728383472,0.0218982989288397,168.76598068350668,0.7218677276480745,-0.7297297297297298,1.4335392235984388,0.40833315196847336,0.8920937926369116,0.2542145181591115,-0.7262805521162929,0.5511739459732391,-0.4605918826042014,0.48742695042483586,1.3339389192769642,Software—Application,Technology,PTC
2007Q3,2007,Q3,2007-08-09,2007-06-30,87228000.0,225096000.0,19805000.0,0.74,153339000.0,0.6812160145004797,1051361000.0,587653000.0,534958000.0,359418000.0,463708000.0,0.0,-1122912000.0,965203619.9999999,705247619.9999999,5.193391307421744,1.4884006922302166,0.0,0.0,0.1331828918832155,5.193391307421744,0.14843453534653953,4.287964335216974,2.7663239441463747,1.642472037069495,0.0,0.0,0.0,0.21409962895713272,1.2011641041906638,0.08296674500956379,28.219852644504865,0.6812160145004797,3.933333333333333,4.426127224844018,0.19025112080723106,0.5732354194570404,-0.01244276136561238,4.013391574228404,-0.0683945623030246,4.1236601930004495,0.26700516168238764,1.8573283940200787,Software—Application,Technology,PTC
2007Q2,2007,Q2,2007-05-10,2007-03-31,17399000.0,228096000.0,21259000.0,0.15,155271000.0,0.6807265361952862,980183000.0,494624000.0,515443000.0,378987000.0,485559000.0,0.0,-1210140000.0,1119422400.0,881395400.0,4.383215915636493,1.3600545665154742,0.0,0.0,0.03307874319712755,4.383215915636493,0.03517621466002458,4.907680976430976,16.084579573538708,2.263178495180177,0.0,0.0,0.0,0.23270756583209462,1.1162097908371527,0.01775076694862082,12.954328631108746,0.6807265361952862,0.15384615384615377,2.051217514223419,0.13852998323989588,0.2014380575122934,0.03833113769652064,0.14822147429551905,0.013153505218510223,4.2030003507656595,0.31319368238266393,1.615824445880475,Software—Application,Technology,PTC
2007Q1,2007,Q1,2007-02-08,2006-12-30,15153000.0,221667000.0,20983000.0,0.13,149539000.0,0.6746110156225329,896687000.0,465997000.0,423740000.0,324154000.0,430690000.0,0.0,-1227539000.0,,,,,,,,,,,,,,,,,,,,,,,,,,,,,,,Software—Application,Technology,PTC
