Quarters,Year,Quarter,FillingDate,Date,NetIncome,Revenue,OperatingIncome,EPSDiluted,GrossProfit,GrossProfitRatio,TotalAssets,CommonStockEquity,CurrentAssets,CurrentLiability,TotalLiability,Inventory,RetainedEarnings,MarketCap,EnterpriseValue,bookValuePerShare,currentRatio,debtToAssets,debtToEquity,roic,shareholdersEquityPerShare,roe,priceToSalesRatio,peRatio,pbRatio,payoutRatio,inventoryTurnover,dividendYield,assetTurnover,quickRatio,returnOnAssets,priceToFreeCashFlowsRatio,grossProfitMargin,epsdilutedGrowth,fiveYNetIncomeGrowthPerShare,fiveYRevenueGrowthPerShare,fiveYShareholdersEquityGrowthPerShare,grossProfitGrowth,netIncomeGrowth,operatingIncomeGrowth,threeYNetIncomeGrowthPerShare,threeYRevenueGrowthPerShare,threeYShareholdersEquityGrowthPerShare,Industry,Sector,Symbol
2023Q1,2023,Q1,2023-05-22,2023-03-31,-30998000.0,3860000.0,-28291000.0,-0.0003,-364000.0,-0.0943005181,22580000.0,-100813000.0,14177000.0,80542000.0,123393000.0,5533000.0,-560202000.0,5527971388.8,5581889388.8,-0.000919139200013654,0.176019964738894,2.425155004428698,-0.5431839147728964,0.6178585253704272,-0.000919139200013654,0.3074801860871118,1432.116940103627,-44.583290767146266,-54.83391416583179,0.0,0.7634194831013916,0.0,0.17094774136403898,0.08553301383129298,-1.3728077945084145,-439.28571112523844,-0.09430051813471503,0.0,0.3393768023072618,4.842739718981012,-7.04808120510722,-1.491891891891892,0.032884063396979905,0.08220600162206002,0.3393768023072618,4.842739718981012,-7.04808120510722,Software—Infrastructure,Technology,WEJOW
2022Q4,2022,Q4,2023-04-03,2022-12-31,-32052000.0,3643000.0,-30825000.0,-0.0003,740000.0,0.203129289,31133000.0,-68763000.0,22304000.0,60271000.0,99896000.0,6487000.0,-529204000.0,5019596278.799999,5059238278.799999,-0.0006822057412192215,0.3700618871430705,1.5503806250602254,-0.7019472681529311,1.5412613748090045,-0.0006822057412192215,0.46612276951267395,1377.874355970354,-39.151973970423064,-72.99850615592688,0.0,0.4475104054262371,0.0,0.11701410079337038,0.24084551442650695,-1.0295185173288792,-266.15038593849414,0.20312928904748834,0.0,0.0,0.0,0.0,-0.24796747967479674,-0.018623275916862646,-0.21176979322273765,0.0,0.0,0.0,Software—Infrastructure,Technology,WEJOW
2022Q3,2022,Q3,2022-11-21,2022-09-30,-31466000.0,2570000.0,-25438000.0,-0.0003,984000.0,0.3828793774,44048000.0,-33638000.0,32896000.0,38148000.0,77686000.0,12385000.0,-497152000.0,10875644520.0,10899429520.0,-0.0003216684761594249,0.8623256789346755,0.8740464947330185,-1.144538914323087,-3.464664390289366,-0.0003216684761594249,0.9354301682620846,4231.768295719844,-86.40790472255767,-323.3142434151852,0.0,0.1280581348405329,0.0,0.05834544133672358,0.5094107161581211,-0.7143570650199782,-476.7719310858796,0.38287937743190664,0.5,0.0,0.0,0.0,4.09433962264151,0.43194988536457674,0.1948980883656159,0.0,0.0,0.0,Software—Infrastructure,Technology,WEJOW
2022Q2,2022,Q2,2022-08-15,2022-06-30,-55393000.0,1615000.0,-31596000.0,-0.0006,-318000.0,-0.1969040248,56207000.0,-26263000.0,43875000.0,41661000.0,82470000.0,16332000.0,-465686000.0,15036147894.0,15052597894.0,-0.00027597187984934834,1.0531432274789372,0.6846122369099934,-1.4651791493736435,-2.0906454062894353,-0.00027597187984934834,2.1091649849598295,9310.308293498452,-67.86122747459065,-572.5220993032023,0.0,0.1183566005388195,0.0,0.028733075951393953,0.6459038429226375,-0.9855178180653655,-665.7876325717322,-0.19690402476780186,-0.4999999999999998,0.0,0.0,0.0,0.57543391188251,-0.373085122205146,0.015302147287063297,0.0,0.0,0.0,Software—Infrastructure,Technology,WEJOW
2022Q1,2022,Q1,2022-05-16,2022-03-31,-40342000.0,568000.0,-32087000.0,-0.0004,-749000.0,-1.3186619718,99734000.0,14331000.0,86499000.0,36946000.0,85403000.0,41811000.0,-410293000.0,54703572124.49999,54702051124.49999,0.00015197203358273355,2.341227737779462,0.3831190967974813,2.6662479938594656,-0.5763765046815034,0.00015197203358273355,-2.815016398018282,96309.10585299294,-338.9988853087353,3817.1496842160345,0.0,0.031498887852479014,0.0,0.0056951490965969475,1.1934715530774644,-0.4044959592516093,-2267.787584963933,-1.318661971830986,0.8260869565217391,0.0,0.0,0.0,0.862011790714812,0.8141469796926252,0.8461335583922355,0.0,0.0,0.0,Software—Infrastructure,Technology,WEJOW
2021Q4,2021,Q4,2022-03-31,2021-12-31,-217064000.0,2566000.0,-208538000.0,-0.005,-5428000.0,-2.1153546376,142007000.0,47694000.0,131867000.0,36804000.0,94313000.0,0.0,-369951000.0,103730269500.00002,103696652500.00002,0.0005057675088755071,3.582952939897837,0.23734745470293717,0.7066926657441187,-2.5577167492253894,0.0005057675088755071,-4.551180441984316,40424.890685892446,-119.46968348044818,2174.9123474650905,0.0,0.0,0.0,0.01806953178364447,1.8676774263666993,-1.528544367531178,-6359.528508368587,-2.1153546375681995,-7.518518518518519,0.0,0.0,0.0,-4.068160597572362,-7.462534113060429,-8.94743369585957,0.0,0.0,0.0,Software—Infrastructure,Technology,WEJOW
2021Q3,2021,Q3,2021-12-17,2021-09-30,-25650000.0,351000.0,-20964000.0,-2.22,-1071000.0,-3.051282051282051,32638000.0,-157684000.0,22118000.0,28273000.0,190322000.0,0.0,-308678000.0,107973780525.0,108000325525.0,-0.0016721483597418013,0.782301135358823,1.077149335130829,-0.22295223358108623,0.17109558631496474,-0.0016721483597418013,0.162667106364628,307617.60833333334,-1052.376028508772,-684.7478534600848,,0.0,,0.010754335437220418,0.37251087610087363,-0.7858937434891844,0.0,-3.051282051282051,0.0,0.0,0.0,0.0,0.0,0.0,0.0,0.0,0.0,0.0,Software—Infrastructure,Technology,WEJOW
2020Q4,2020,Q4,2020-12-31,2020-12-31,-31990000.0,500000.0,-8941000.0,0.0,-49000.0,-0.098,32428000.0,-41776000.0,21162000.0,33008000.0,74204000.0,0.0,-146770000.0,0.0,1838000.0,0.0,0.6411173048957829,0.501387689650919,-0.38919475296821143,0.3503938550770075,0.0,0.7657506702412868,0.0,0.0,0.0,0.0,0.0,,0.015418773899099543,0.6018238002908386,-0.9864931540643888,0.0,-0.098,0.0,0.0,0.0,0.0,-2.0208333333333335,-1.989160904503831,-0.3627495808565767,0.0,0.0,0.0,Software—Infrastructure,Technology,WEJOW
2020Q3,2020,Q3,2020-09-30,2020-09-30,-10702000.0,313000.0,-6561000.0,0.0,48000.0,0.15335463258785942,,,,,,,,0.0,,0.0,0.0,0.0,0.0,0.0,0.0,0.0,0.0,0.0,0.0,,0.0,,0.0,0.0,0.0,0.0,0.15335463258785942,0.0,0.0,0.0,0.0,0.0,0.0,0.0,0.0,0.0,0.0,Software—Infrastructure,Technology,WEJOW
