Quarters,Year,Quarter,FillingDate,Date,NetIncome,Revenue,OperatingIncome,EPSDiluted,GrossProfit,GrossProfitRatio,TotalAssets,CommonStockEquity,CurrentAssets,CurrentLiability,TotalLiability,Inventory,RetainedEarnings,MarketCap,EnterpriseValue,bookValuePerShare,currentRatio,debtToAssets,debtToEquity,roic,shareholdersEquityPerShare,roe,priceToSalesRatio,peRatio,pbRatio,payoutRatio,inventoryTurnover,dividendYield,assetTurnover,quickRatio,returnOnAssets,priceToFreeCashFlowsRatio,grossProfitMargin,epsdilutedGrowth,fiveYNetIncomeGrowthPerShare,fiveYRevenueGrowthPerShare,fiveYShareholdersEquityGrowthPerShare,grossProfitGrowth,netIncomeGrowth,operatingIncomeGrowth,threeYNetIncomeGrowthPerShare,threeYRevenueGrowthPerShare,threeYShareholdersEquityGrowthPerShare,Industry,Sector,Symbol
2023Q1,2023,Q1,2023-05-04,2023-03-31,-30905000.0,24000.0,-31142000.0,-0.16,24000.0,1.0,162716000.0,-1621654000.0,109546000.0,20371000.0,74670000.0,0.0,-1621654000.0,459304020.00000006,487602020.00000006,-8.579544372374533,5.377546512198714,0.34163819169596105,-0.03427981554634959,0.01931201285766188,-8.579544372374533,0.019057702814533804,19137.667500000003,-3.7154507361268405,-0.2832318238045847,0.0,0.0,0.0,0.00014749625113695026,5.213195228511119,-0.189932151724477,-14.415869558394277,1.0,0.0,0.5893667258995318,-0.9994677206781412,-35.61034186226129,-0.14285714285714285,-0.006349723217193097,-0.028535570381134818,0.7384918621699885,-0.9983088662427413,-17.6863891643444,Biotechnology,Healthcare,LXRX
2022Q4,2022,Q4,2023-03-03,2022-12-31,-30710000.0,28000.0,-30278000.0,-0.16,28000.0,1.0,194299000.0,-1589720000.0,140866000.0,23172000.0,77175000.0,0.0,-1589720000.0,360466660.0,369415660.0,-8.42342867437449,6.0791472466770236,0.28458201020077306,-0.03478222580076995,0.01995958004759879,-8.42342867437449,0.019317867297385702,12873.809285714286,-2.9344404102898074,-0.22674852175225826,0.0,0.0,0.0,0.00014410779262888642,5.9720783704470914,-0.15805536827261077,-15.799546789392943,1.0,-0.14285714285714277,0.3945464073252771,-0.9995259667346659,-18.070611240832477,-0.28205128205128205,-0.29692976899362306,-0.31101970123403333,0.6618392513549503,-0.998193324421606,-8.64446599160661,Biotechnology,Healthcare,LXRX
2022Q3,2022,Q3,2022-11-09,2022-09-30,-23679000.0,39000.0,-23095000.0,-0.14,39000.0,1.0,191685000.0,144018000.0,139063000.0,18445000.0,47667000.0,0.0,-1559226000.0,419769600.0,431563600.0,0.8234117001326442,7.539333152615885,0.15978297728043406,0.21266786096182422,-0.12884100619251476,0.8234117001326442,-0.1644169478815148,10763.323076923078,-4.4318763461294814,2.914702328875557,0.0,0.0,0.0,0.0002034587995930824,7.386391976145297,-0.12353079270678456,-21.589754667489586,1.0,0.1764705882352941,0.5347311091869201,-0.9991261740900993,0.10923566044968924,0.11428571428571428,0.05912504470139468,0.03798891989836298,-1.063636868369486,-0.9999195223825802,-0.4687356829101925,Biotechnology,Healthcare,LXRX
2022Q2,2022,Q2,2022-08-03,2022-06-30,-25167000.0,35000.0,-24007000.0,-0.17,35000.0,1.0,112325000.0,-1535839000.0,64898000.0,16862000.0,41495000.0,0.0,-1535839000.0,278285760.0,282257760.0,-10.265205592984708,3.848772387617127,0.22632539505898064,-0.01655251624682014,0.016288542006377006,-10.265205592984708,0.016386483218618617,7951.021714285715,-2.7643914650137082,-0.18119461740455867,0.0,0.0,0.0,0.00031159581571333186,3.67702526390701,-0.22405519697306922,-11.39488002620588,1.0,-0.06250000000000006,0.4947779970851281,-0.9979562714149817,-11.167393911763284,-0.05405405405405406,-0.06766502630239267,-0.026817792985457656,0.22338696141974004,-0.9974323029608142,-15.812624121962688,Biotechnology,Healthcare,LXRX
2022Q1,2022,Q1,2022-05-05,2022-03-31,-23572000.0,37000.0,-23380000.0,-0.16,37000.0,1.0,136178000.0,92698000.0,88431000.0,18905000.0,43480000.0,0.0,-1511252000.0,311723500.0,277718500.0,0.6215085484411667,4.677651414969585,0.1873650663102704,0.27524865692895206,-0.1952217231363026,0.6215085484411667,-0.2542881184060066,8424.95945945946,-3.30607818598337,3.3627856048674185,0.0,0.0,0.0,0.0002717032119725653,4.577572070880719,-0.17309697601668406,-13.266523385964165,1.0,0.058823529411764754,0.5268335569228754,-0.9985833984554213,-0.5176674778518108,1.6428571428571428,0.07911083330077744,0.07698381365969206,0.23104043433965102,-0.9971452830507133,2.442718226112012,Biotechnology,Healthcare,LXRX
2021Q4,2021,Q4,2022-03-10,2021-12-31,-25597000.0,14000.0,-25330000.0,-0.17,14000.0,1.0,-1464462000.0,-1487776000.0,64079000.0,0.0,23314000.0,0.0,-1487776000.0,586654180.0,522589180.0,-9.99198103386905,0.0,0.0,0.0,0.0170161056542601,-9.99198103386905,0.017204874927408426,41903.87,-5.729716177677072,-0.3943162008259308,0.0,0.0,0.0,-9.559824700128784e-06,0.0,0.017478773774942606,5237.98375,1.0,-0.06250000000000006,0.4482352665689688,-0.9995753153166534,-7.605330401561251,-0.391304347826087,-0.10704091341579448,-0.10312690532183608,-0.12019626192228601,-0.9994274076212787,-39.08144787378942,Biotechnology,Healthcare,LXRX
2021Q3,2021,Q3,2021-11-09,2021-09-30,-23122000.0,23000.0,-22962000.0,-0.16,23000.0,1.0,172330000.0,136603000.0,124005000.0,34246000.0,35727000.0,0.0,-1462165000.0,701394200.0,623477200.0,0.9367919352626526,3.621006832914793,0.08240584924273196,0.10395818539856372,-0.14977301189730746,0.9367919352626526,-0.16926421820897053,30495.4,-7.58362382146873,5.13454462932732,0.0,0.0,0.0,0.000133464863923867,3.531536529813701,-0.13417280798468056,-40.39591084490007,1.0,-0.23076923076923075,0.5426194125479917,-0.999408823224458,-0.47446751991424246,-0.9017094017094017,-0.27979188575856534,-0.2785789854668968,0.3897550776112499,-0.9975641083450818,4.373642627718272,Biotechnology,Healthcare,LXRX
2021Q2,2021,Q2,2021-08-06,2021-06-30,-18067000.0,234000.0,-17959000.0,-0.13,234000.0,1.0,171672000.0,137233000.0,123258000.0,32815000.0,34439000.0,0.0,-1439043000.0,663030090.0,585845090.0,0.9500314985704494,3.756148103001676,0.07398993429330351,0.09255791245545897,-0.11896371272240697,0.9500314985704494,-0.13165200789897474,2833.461923076923,-9.174601344993633,4.831418754964185,0.0,0.0,0.0,0.001363064448483154,3.6160292549139115,-0.10524139055873992,-29.045870679458535,1.0,0.13333333333333328,0.659257264153462,-0.9916274097045463,-0.5461261267429716,7.666666666666667,0.1379425517702071,0.138202408944767,0.6185447593710086,-0.9875324672375094,20.830198000529467,Biotechnology,Healthcare,LXRX
2021Q1,2021,Q1,2021-05-06,2021-03-31,-20958000.0,27000.0,-20839000.0,-0.15,27000.0,1.0,193260000.0,152547000.0,145416000.0,38995000.0,40713000.0,0.0,-1420976000.0,841634730.0,756668730.0,1.0639424183457828,3.7290934735222465,0.06564214012211529,0.08316125521970277,-0.12534058306617987,1.0639424183457828,-0.13738716592263367,31171.656666666666,-10.039540151732036,5.517215874451808,0.0,0.0,0.0,0.00013970816516609749,3.6276958584433903,-0.10844458242781745,-33.40218002143112,1.0,-2.7499999999999996,0.565535969276923,-0.9984372839179992,-0.5637802847231407,-0.8643202928333913,-2.8140127388535032,-1.794180745508179,0.6329006193139384,-0.9992105937814495,3.2920007429855,Biotechnology,Healthcare,LXRX
2020Q4,2020,Q4,2021-03-12,2020-12-31,-5495000.0,199000.0,-7458000.0,-0.04,198998.071,0.9999903065326633,203788000.0,156371000.0,157719000.0,46806000.0,47417000.0,0.0,-1400018000.0,418467780.0,316049780.0,1.2779689275002248,3.3696320984489168,0.1170088523367421,0.15248991181229257,-0.04111809460800529,1.2779689275002248,-0.03514078697456689,2102.853165829146,-19.03857051865332,2.6761214035850633,0.0,0.0,0.0,0.0009765049953873634,3.261761312652224,-0.02696429622941488,-12.202717172600822,0.9999903065326633,-1.0563380281690142,-1.0536436667336888,-0.9986759232727136,-0.5367256457080434,-0.9668391816363938,-1.0665230076389478,-1.0860455725411018,0.8329045758106328,-0.9948036346194804,1.5898849010958072,Biotechnology,Healthcare,LXRX
2020Q3,2020,Q3,2020-10-30,2020-09-30,82603000.0,6634000.0,86675000.0,0.71,6001000.0,0.9045824540247211,178928000.0,87639000.0,121938000.0,78922000.0,91289000.0,0.0,-1394523000.0,154524960.0,123146960.0,0.8166975742947935,1.5450444742910723,0.11665586157560583,0.238170221020322,0.794709576857837,0.8166975742947935,0.9425369983683064,23.292879107627375,0.4676735711778022,1.7631985759764488,0.0,0.0,0.0,0.03707636591254583,1.4296267200527102,0.46165496736117323,-3.8238341045754867,0.9045824540247211,2.092307692307692,3.2606498485583284,10.31747935612249,-0.5724775643982999,-0.2885595732068761,2.1959143490032,2.3421545703711733,3.645453135089103,-0.7577301490865815,0.10019091672441681,Biotechnology,Healthcare,LXRX
2020Q2,2020,Q2,2020-07-29,2020-06-30,-69071000.0,9163000.0,-64579000.0,-0.65,8435000.0,0.920550038197097,322540000.0,-10687000.0,246192000.0,97558000.0,333227000.0,3989000.0,-1477126000.0,213610635.0,372484635.0,-0.09981040972047107,2.5235449681215276,0.7621287282197556,-23.00149714606531,-0.27400788347059396,-0.09981040972047107,6.463085992327127,23.312303284950342,-0.7731560097580751,-19.9878951062038,0.0,0.18250188017046878,0.0,0.02840887951881937,2.3856782631870272,-0.21414708253239909,-4.613819927426671,0.920550038197097,-0.03174603174603177,-1.3807005236446004,22.58105118579867,-1.0446752418427925,0.1351096756829498,-0.036930837249103,-0.034290015695570004,-0.937512974652177,-0.2523627520799414,-1.0988593694427362,Biotechnology,Healthcare,LXRX
2020Q1,2020,Q1,2020-04-27,2020-03-31,-66611000.0,7999000.0,-62438000.0,-0.63,7431000.0,0.9289911238904863,370567000.0,54777000.0,291614000.0,80319000.0,315790000.0,4147000.0,-1408055000.0,207745200.0,397375200.0,0.5141642261770669,3.6306975933465306,0.6617480779454188,4.47673293535608,-0.20812736042453475,0.5141642261770669,-1.2160395786552751,25.97139642455307,-0.7796955457807269,3.792562571882359,0.0,0.136966481794068,0.0,0.021585840077502853,3.4770353216549013,-0.17975426845887518,-9.419842205495602,0.9289911238904863,-0.31250000000000006,-1.3052709558576285,3.337195018213369,-0.7933897600245721,-0.06563560920407394,-0.30257342876139076,-0.3223627083465701,-0.8719331231093419,-0.5712456348035801,-0.6009739067429212,Biotechnology,Healthcare,LXRX
2019Q4,2019,Q4,2020-03-12,2019-12-31,-51138000.0,8727000.0,-47217000.0,-0.48,7953000.0,0.9113097284290134,417715000.0,117101000.0,337754000.0,65341000.0,300614000.0,4243000.0,-1341444000.0,441028800.00000006,650099800.0,1.1018989009334539,5.169097503864342,0.5869624025950708,2.093773750864638,-0.1299362110813295,1.1018989009334539,-0.43669994278443397,50.536129254039196,-2.1560718057022177,3.7662257367571583,0.0,0.18241810040065992,0.0,0.020892235136396826,5.022742229228203,-0.12242318327089044,-18.096458906076897,0.9113097284290134,-1.246153846153846,-12.914801124330923,-0.6757831429092608,-0.6709513853481397,-0.9729371050563003,-1.226188264642658,-1.2101559579127277,-0.5444565780831627,-0.6290882153406333,-0.2715752476799529,Biotechnology,Healthcare,LXRX
2019Q3,2019,Q3,2019-11-07,2019-09-30,226086000.0,294448000.0,224676000.0,1.95,293871000.0,0.9980404010215725,444588000.0,164712000.0,363594000.0,44824000.0,279876000.0,4476000.0,-1290306000.0,319878720.0,394801720.0,1.5499096657633242,8.11159200428342,0.5513554122018588,1.4882097236388363,0.5631879314319778,1.5499096657633242,1.3726140171936472,1.0863674400912895,0.3537135426342188,1.942048666763806,0.0,0.12890974084003576,0.0,0.6622940790124789,7.878480278422273,0.5085292450538476,1.6774099361293773,0.9980404010215725,9.863636363636363,4.863295504131869,485.3091268610326,0.4646353980830531,34.17307001795332,10.822139195412285,13.115179293610138,7.136549493329401,9.384757920791397,-0.13051357521655602,Biotechnology,Healthcare,LXRX
2019Q2,2019,Q2,2019-08-01,2019-06-30,-23018000.0,9682000.0,-18545000.0,-0.22,8355000.0,0.8629415410039248,233143000.0,-64886000.0,122459000.0,22469000.0,298029000.0,4277000.0,-1516392000.0,707771520.0,941733520.0,-0.6105653417645287,5.450131292002315,1.0511488657176067,-3.7769010264155596,-0.10292371047052425,-0.6105653417645287,0.35474524550750547,73.10178888659368,-7.6871526631332,-10.907923434947447,0.0,0.31026420388122516,0.0,0.04152816082833283,4.964929458364859,-0.09872910617089083,-26.311208921933087,0.8629415410039248,-0.047619047619047665,0.38821525119182904,8.908096801091181,-1.3847433373459537,-0.03555350340528685,-0.056016883057301466,-0.061594825118781844,0.40992142530795933,-0.5291194417452993,-1.2916952300635938,Biotechnology,Healthcare,LXRX
2019Q1,2019,Q1,2019-05-01,2019-03-31,-21797000.0,9216000.0,-17469000.0,-0.21,8663000.0,0.9399956597222222,258516000.0,-45687000.0,146827000.0,28221000.0,304203000.0,4606000.0,-1493374000.0,577994300.0,777243300.0,-0.4307899749184378,5.202756812302895,0.9478214114406845,-5.363166765162957,-0.08763419283636,-0.4307899749184378,0.4770941405651498,62.716395399305554,-6.629287287241364,-12.651176483463567,0.0,0.12006079027355623,0.0,0.03564963097061691,4.873498458594663,-0.08431586439524053,-22.498804982483456,0.9399956597222222,-0.31249999999999994,0.51061310359593,22.03362342363699,-1.2246811668475923,-0.48508083689966713,-0.3409412488465088,-0.4752976944514821,0.38911535499799244,-0.2788638329527522,-1.1766252355040254,Biotechnology,Healthcare,LXRX
2018Q4,2018,Q4,2019-03-15,2018-12-31,-16255000.0,17393000.0,-11841000.0,-0.16,16824000.0,0.9672856896452596,284136000.0,-26405000.0,173324000.0,36751000.0,310541000.0,4680000.0,-1471577000.0,703308800.0,867924800.0,-0.24929191842900303,4.71617098854453,0.8622701804769547,-9.278621473205833,-0.054168172481781546,-0.24929191842900303,0.6156031054724485,40.436313459437706,-10.816807136265764,-26.63544025752698,0.0,0.12158119658119658,0.0,0.06121364417039728,4.516230850861201,-0.05720851986372723,-25.890255843916805,0.9672856896452596,0.38461538461538464,0.35349500317128163,7.543559266695326,-1.1074742666418829,1.6683584456780334,0.4091669089851701,0.4861346178882958,-1.1833140192804967,-0.8663119712308519,-1.0903703916857392,Biotechnology,Healthcare,LXRX
2018Q3,2018,Q3,2018-11-01,2018-09-30,-27512000.0,6856000.0,-23043000.0,-0.26,6305000.0,0.91963243873979,310192000.0,-29401000.0,198360000.0,68506000.0,339593000.0,4755000.0,-1471485000.0,1112809310.0,1308852310.0,-0.2776796592400903,2.8955128017983824,0.7896560839737968,-8.331179211591442,-0.10690624652043203,-0.2776796592400903,0.935750484677392,162.31174299883313,-10.11203574803722,-37.84936940920377,0.0,0.11587802313354365,0.0,0.022102439779233506,2.7765451201354625,-0.08869345437664414,-50.162698791922104,0.91963243873979,0.21212121212121213,0.3980032933423533,18.954887292131268,-1.1096685848442986,-0.5118079752226093,0.20728404310493861,0.24272897564823032,0.23690649774682443,10.853952048240835,-1.1453589284110237,Biotechnology,Healthcare,LXRX
2018Q2,2018,Q2,2018-07-30,2018-06-30,-34706000.0,13753000.0,-30429000.0,-0.33,12915000.0,0.9390678397440558,332937000.0,-5071000.0,220191000.0,81336000.0,338008000.0,2142000.0,-1443973000.0,1270176000.0,1500226000.0,-0.047908321366487795,2.7071776335202125,0.7361572910190216,-48.33247880102544,-0.12677535069555834,-0.047908321366487795,6.844014987182016,92.3562859012579,-9.149541865959776,-250.47840662591204,0.0,0.3912231559290383,0.0,0.04130811534915014,2.632229271171437,-0.10424194367102485,-24.17632951387567,0.9390678397440558,0.17500000000000002,0.1735498665328091,43.50308968856417,-1.0163264589162535,-0.47657453189592286,0.17513963161021984,0.19851972817784333,-0.2100711333065376,34.80306706364968,-1.0214438138198634,Biotechnology,Healthcare,LXRX
2018Q1,2018,Q1,2018-05-03,2018-03-31,-42075000.0,25207000.0,-37966000.0,-0.4,24674000.0,0.9788550799381124,386813000.0,26194000.0,273150000.0,100370000.0,360619000.0,2112000.0,-1409267000.0,905574760.0,1130549760.0,0.24788961653480712,2.7214307063863705,0.6344047382068337,9.368404978239292,-0.13979159762877869,0.24788961653480712,-1.6062838818049936,35.92552703614076,-5.3807175282234105,34.57183935252348,0.0,0.25236742424242425,0.0,0.06516585533578241,2.657706486001793,-0.10877349003265144,-19.34368813414504,0.9788550799381124,-0.48148148148148145,-0.1222152710429672,47.50757305591307,-0.9250788861433875,-0.24101018179581038,-0.4826626259778702,-0.23326295273672243,-0.4680912456023772,12.779939602953059,-0.9003887657831032,Biotechnology,Healthcare,LXRX
2017Q4,2017,Q4,2018-03-01,2017-12-31,-28378000.0,33047000.0,-30785000.0,-0.27,32509000.0,0.9837201561412534,436539000.0,52102000.0,321995000.0,124127000.0,384437000.0,1948000.0,-1381404000.0,1043209440.0000001,1227218440.0,0.4934462249498049,2.5940770340054944,0.5627675877756626,4.715174081609152,-0.09058710135114417,0.4934462249498049,-0.5446623929983494,31.56744757466639,-9.190300937345832,20.022445203639016,0.0,0.27618069815195073,0.0,0.07570228547735712,2.5426619510662465,-0.0650067920621067,-30.941997330565034,0.9837201561412534,0.06896551724137918,0.21642884048260302,103.11190068551888,-0.8658186881815876,0.2340659757810424,0.07629711607317231,-0.042922962260315736,-6.771759260133253,0.23568264222233037,-0.8526472831696478,Biotechnology,Healthcare,LXRX
2017Q3,2017,Q3,2017-11-08,2017-09-30,-30722000.0,26942000.0,-29518000.0,-0.29,26343000.0,0.9777670551555193,329487000.0,78376000.0,214021000.0,128728000.0,251111000.0,2149000.0,-1353026000.0,1297602780.0,1314454780.0,0.7423235021121024,1.6625831209993165,0.3039421889179239,1.2777508420945187,-0.16534749413234298,0.7423235021121024,-0.39198223946105953,48.162823101477244,-10.55923100709589,16.556124068592425,0.0,0.27873429502094,0.0,0.08176953870714171,1.61125784600087,-0.09324191849754315,-38.13898774358522,0.9777670551555193,0.12121212121212131,0.3103879549963375,47.02175573258761,-0.794397870274082,1.2875130253560263,0.12370575315896061,0.12908270144277578,0.47160011700065463,43.7880972809922,-0.29851829300844623,Biotechnology,Healthcare,LXRX
2017Q2,2017,Q2,2017-08-01,2017-06-30,-35059000.0,12053000.0,-33893000.0,-0.33,11516000.0,0.9554467767360822,363513000.0,106313000.0,247186000.0,133173000.0,257200000.0,811000.0,-1322304000.0,1732185000.0,1802018000.0,1.0096201329534662,1.8561269927087323,0.27657607843460896,0.9456886740097636,-0.16385144934542573,1.0096201329534662,-0.3297715237082953,143.7140131087696,-12.351928178213868,16.293256704260063,0.0,0.6621454993834772,0.0,0.03315699851174511,1.7736403024637126,-0.09644496895571823,-53.63466063908843,0.9554467767360822,0.0,0.11840747104733318,38.49387270364167,-0.7169309915022632,-0.3626300642019039,-0.0048149952709867876,0.20223608332352594,0.05958170865921148,11.448321663955337,-0.3637951700933756,Biotechnology,Healthcare,LXRX
2017Q1,2017,Q1,2017-05-04,2017-03-31,-34891000.0,18293000.0,-42485000.0,-0.33,18068000.0,0.9877002131963046,396264000.0,134603000.0,279088000.0,137061000.0,261661000.0,236000.0,-1287245000.0,1497970740.0,1596536740.0,1.288547879112779,2.0362320426671334,0.2549335796337795,0.7505107612757517,-0.14448114259734635,1.288547879112779,-0.25921413341455984,81.88764773410594,-10.733217305322288,11.128806490197098,0.0,0.9533898305084746,0.0,0.04616366866533422,1.958806662726815,-0.08804988593462944,-17.502111744637098,0.9877002131963046,-0.06451612903225812,0.23265811631052244,39.05394612933695,-0.6712763794815665,0.0,-0.07625158086307413,-0.35604851579955316,0.2046800004424637,45.41705738821498,-0.3279499109215264,Biotechnology,Healthcare,LXRX
2016Q4,2016,Q4,2017-03-06,2016-12-31,-32419000.0,23037000.0,-31330000.0,-0.31,0.0,0.0,475625000.0,157401000.0,357874000.0,164643000.0,318224000.0,0.0,-1250363000.0,1439039160.0,1493886160.0,1.51271479644793,2.173636291855712,0.21329198423127463,0.6445130590021665,-0.12103628384225491,1.51271479644793,-0.20596438396198244,62.46643052480792,-11.097189611030569,9.14250328778089,0.0,0.0,0.0,0.04843521681997372,2.1500822992778312,-0.06816084099868594,-29.4047520382517,0.0,0.11428571428571424,0.3683296784579857,43.2911726426818,-0.6511757753222412,0.0,0.09984728585311675,0.10314029714023988,-0.3125385456555895,10.519080190776135,-0.3478412199998068,Biotechnology,Healthcare,LXRX
2016Q3,2016,Q3,2016-11-07,2016-09-30,-36015000.0,27717000.0,-34933000.0,-0.35,0.0,0.0,516945000.0,185181000.0,398737000.0,170113000.0,331764000.0,0.0,-1217944000.0,1877201950.0,1940259950.0,1.7825576358473312,2.3439537248769935,0.19698420528296046,0.549894427614064,-0.12171310507262788,1.7825576358473312,-0.19448539536993537,67.72745787783671,-13.030695196445926,10.137119628903614,0.0,0.0,0.0,0.053616922496590544,2.329592682511037,-0.06966892029132693,-53.276626933446856,0.0,0.054054054054054106,0.35931516582383416,35.25511748898938,-0.49262758079652064,0.0,0.055022040302267004,0.056400421382458606,0.1968058032827519,81.22234945744384,-0.295985259194846,Biotechnology,Healthcare,LXRX
2016Q2,2016,Q2,2016-08-04,2016-06-30,-38112000.0,20089000.0,-37021000.0,-0.37,0.0,0.0,558134000.0,217333000.0,439454000.0,130992000.0,340801000.0,0.0,-1181929000.0,1489960500.0,1553748500.0,2.093161899258403,3.3548155612556494,0.1831065658067776,0.47023691754128455,-0.115860432947038,2.093161899258403,-0.1753622321506628,74.16797750012445,-9.773565412468514,6.855656987203968,0.0,0.0,0.0,0.0359931485987236,3.2855670575302307,-0.0682846771563818,-31.111492764820113,0.0,-0.08823529411764697,0.33529537877025956,15.81643405485231,-0.48003769658373857,0.0,-0.09256657970931399,-0.09299991142865578,0.07480423978408256,65.26906478697656,-0.28668087758936506,Biotechnology,Healthcare,LXRX
2016Q1,2016,Q1,2016-05-05,2016-03-31,-34883000.0,12494000.0,-33871000.0,-0.34,0.0,0.0,611341000.0,252881000.0,492158000.0,121943000.0,358460000.0,0.0,-1143817000.0,1238999900.0,1316888900.0,2.439005806215158,4.035967624217872,0.16777870288431498,0.40560579877491787,-0.09529020877701849,2.439005806215158,-0.13794235233172916,99.1675924443733,-8.8796827967778,4.899537331788469,0.0,0.0,0.0,0.020437039230151423,3.9189375363899526,-0.05705980786500497,-28.29154450381331,0.0,-1.4473684210526316,0.4524755630878389,8.749041409982432,-0.463770655121909,-1.0,-1.4021095100864553,-1.3833295608872793,0.05178679507557225,23.50360641845043,-0.26284515560285054,Biotechnology,Healthcare,LXRX
2015Q4,2015,Q4,2016-03-11,2015-12-31,86750000.0,127280000.0,88360000.0,0.76,127280000.0,1.0,654832000.0,285850000.0,532400000.0,122996000.0,368982000.0,0.0,-1108934000.0,1379222130.0,1282041130.0,2.7585574631114715,4.328596051904127,0.16158037481369267,0.3701521777155851,0.22560499211046373,2.7585574631114715,0.303480846597866,10.836126099937147,3.974703544668588,4.824985586846248,0.0,0.0,0.0,0.19437046448554743,4.246178737519919,0.13247672685513232,5.191329842892524,1.0,3.235294117647059,2.7551506856499874,46.26753707063789,-0.46154064762650404,223.87632508833923,3.458760841222153,3.62374914630163,3.4407570036573847,407.58921939596314,-0.2498739671897953,Biotechnology,Healthcare,LXRX
2015Q3,2015,Q3,2015-11-09,2015-09-30,-35282000.0,566000.0,-33677000.0,-0.34,566000.0,1.0,391140000.0,197938000.0,288947000.0,51799000.0,193202000.0,0.0,-1195684000.0,1112835840.0,1157449840.0,1.9103034280420013,5.578235101063727,0.27173901927698524,0.5369762248784973,-0.11069731055202382,1.9103034280420013,-0.1782477341389728,1966.1410600706713,-7.885294484439658,5.622143499479635,0.0,0.0,0.0,0.0014470522063711204,4.951717214618043,-0.09020299636958634,-43.35329931045229,1.0,-0.25925925925925924,0.40345916839326357,-0.6628754923873353,-0.6575181164486401,0.5053191489361702,-0.2567500178100734,-0.2618779976019185,0.19300357478467084,0.02798717239459856,-0.4709012282237507,Biotechnology,Healthcare,LXRX
2015Q2,2015,Q2,2015-08-07,2015-06-30,-28074000.0,376000.0,-26688000.0,-0.27,376000.0,1.0,415964000.0,231474000.0,313799000.0,43571000.0,184490000.0,0.0,-1160402000.0,834044400.0000001,931055400.0000001,2.234132499420894,7.202015101787887,0.256644805800502,0.46119650587106975,-0.07890512049528574,2.234132499420894,-0.12128359988594832,2218.203191489362,-7.427195982047446,3.603188263044662,0.0,0.0,0.0,0.0009039243780711792,6.490532693764201,-0.06749141752651672,-25.552048037743944,1.0,0.03571428571428574,0.4815786613859421,-0.8581323977838233,-0.635004813247973,-0.7901785714285714,7.123521869212138e-05,-0.006069287895351906,0.28252338072858435,0.2521532676896956,-0.373612261857707,Biotechnology,Healthcare,LXRX
2015Q1,2015,Q1,2015-05-05,2015-03-31,-28076000.0,1792000.0,-26527000.0,-0.28,1792000.0,1.0,444682000.0,257607000.0,342310000.0,45933000.0,187075000.0,0.0,-1132328000.0,684251369.3939,749502369.3939,2.488570877407703,7.452376287200923,0.24109588424986844,0.4161804609346796,-0.07271296920656327,2.488570877407703,-0.10898772160694391,381.8367016707031,-6.092849492394749,2.656183137080514,0.0,0.0,0.0,0.004029846047287725,6.86362745738358,-0.06313725313819764,-29.114601710233174,1.0,-7.096697704007866,0.7068560995891542,-0.7027539557509553,-0.7801213858542155,-0.9165813238990783,-8.572451414933516,-6.695677400638236,0.37690071304739037,2.9595416332857685,-0.3651364904643984,Biotechnology,Healthcare,LXRX
2014Q4,2014,Q4,2015-03-12,2014-12-31,-2933000.0,21482000.0,-3447000.0,-0.034582,21482000.0,1.0,471376000.0,284018000.0,368987000.0,44969000.0,187358000.0,0.0,-1104252000.0,540201625.5699,510602625.56990004,3.3487419544351646,8.205363694989883,0.22841001663215776,0.3790851284073545,-0.008595300687160216,3.3487419544351646,-0.010326810272588357,25.146710062838658,-46.04514367285203,1.9019978507344606,0.0,0.0,0.0,0.04557296086351448,7.569080922413218,-0.006222209022097009,-120.25859874663847,1.0,0.9382465388454664,0.9557186540061763,4.054406171599687,-0.42390174472575387,0.0,0.9275766704528619,0.9145428401428005,0.929888514067255,49.670153418196435,-0.22779738874462874,Biotechnology,Healthcare,LXRX
2014Q3,2014,Q3,2014-11-06,2014-09-30,-40498000.0,419000.0,-40336000.0,-0.560001,0.0,0.0,187522000.0,77824000.0,87820000.0,44269000.0,109698000.0,0.0,-1101319000.0,725861632.4399999,719695632.4399999,1.058222181296369,1.983780975400393,0.10990177152547434,0.2648154810855263,-0.40978127254071295,1.058222181296369,-0.5203793174342105,1732.3666645346061,-4.480848637216652,9.326963821443256,0.0,0.0,0.0,0.0022344044965390726,1.3109399353949716,-0.21596399355808918,-34.2436020399113,0.0,-0.6000028571428572,0.43568349610167467,-0.9475546412105523,-0.8396107640805579,-1.0,-0.5559397571845704,-0.5447895522959673,-0.017678867780801577,-0.22579980979753697,-0.6987964162382314,Biotechnology,Healthcare,LXRX
2014Q2,2014,Q2,2014-08-07,2014-06-30,-26028000.0,676000.0,-26111000.0,-0.35,676000.0,1.0,224064000.0,116668000.0,86667000.0,21896000.0,107396000.0,0.0,-1060821000.0,828542191.1899999,821855191.1899999,1.586941949343025,3.9581202046035804,0.09389281633818909,0.18032365344396065,-0.18961410541298127,1.586941949343025,-0.22309459320464908,1225.65412897929,-7.958181489069464,7.101709047810882,0.0,0.0,0.0,0.0030169951442445015,3.6228078187796857,-0.11616323907455013,-42.1306921178684,1.0,0.16666666666666669,0.6539746677310515,-0.9396468194664053,-0.7883628567937767,1.44043321299639,0.15589427598508188,0.14311499081123655,0.35887915439120627,-0.20080192850657813,-0.6057877837062494,Biotechnology,Healthcare,LXRX
2014Q1,2014,Q1,2014-05-08,2014-03-31,-30835000.0,277000.0,-30472000.0,-0.42,277000.0,1.0,243600000.0,140775000.0,105408000.0,17673000.0,102825000.0,0.0,-1034793000.0,889141255.5899999,864081255.5899999,1.9173390496527685,5.964352401969105,0.08808292282430213,0.1524205292132836,-0.1878297746437201,1.9173390496527685,-0.2190374711418931,3209.8962295667866,-7.2088637553916,6.316045147149707,0.0,0.0,0.0,0.0011371100164203612,5.592598879646919,-0.12658045977011495,-29.29914837018486,1.0,-1.0,0.6185581396611731,-0.9822750420169742,-0.7735790841806056,-0.8035460992907801,-0.770701734236821,-0.795004712535344,0.31654428483748004,-0.6947772295536846,-0.5784620684852162,Biotechnology,Healthcare,LXRX
2013Q4,2013,Q4,2014-03-07,2013-12-31,-17414000.0,1410000.0,-16976000.0,-0.21,1410000.0,1.0,274160000.0,170163000.0,134554000.0,19294000.0,103997000.0,0.0,-1003958000.0,923826950.515,908204950.515,2.3195498440540536,6.9738778894993265,0.0797964692150569,0.12856496418140254,-0.0883982503645074,2.3195498440540536,-0.10233717083032151,655.1964188049645,-13.262704584170782,5.429070658809494,0.0,0.0,0.0,0.0051429822001750804,6.733595936560588,-0.06351765392471549,-42.07628668769357,1.0,0.5,0.6991069449548123,-0.9408494368837035,-0.7557427521674597,4.92436974789916,0.44993366605597324,0.45617631983598156,0.5023337356901206,-0.2603663580377482,-0.5472331740305246,Biotechnology,Healthcare,LXRX
2013Q3,2013,Q3,2013-11-12,2013-09-30,-31658000.0,238000.0,-31216000.0,-0.42,238000.0,1.0,299458000.0,185710000.0,159362000.0,23598000.0,113748000.0,0.0,-986544000.0,1221935996.68,1224638996.68,2.531989079956891,6.753199423679973,0.0744144420920463,0.1199935383124226,-0.1500812523438176,2.531989079956891,-0.17047008777125627,5134.18486,-9.649504048581717,6.579807208443272,0.0,0.0,0.0,0.0007947692163842676,6.445673362149335,-0.10571766324492918,-50.48696428872454,1.0,0.0,0.6404366332939154,-0.9915584375729988,-0.7522007396316484,0.11214953271028037,-0.08865199449793673,-0.09055338177752935,0.24382238740936127,-0.7997353886782834,-0.5460614389809675,Biotechnology,Healthcare,LXRX
2013Q2,2013,Q2,2013-08-01,2013-06-30,-29080000.0,214000.0,-28624000.0,-0.42,214000.0,1.0,323393000.0,215084000.0,183076000.0,40903000.0,108309000.0,0.0,-954886000.0,1174958892.94,1197060892.94,2.9343975697506073,4.475857516563577,0.14025040739904698,0.21087575086942775,-0.10990631239440946,2.9343975697506073,-0.1352029904595414,5490.462116542057,-10.10109089528886,5.4627907837868,0.0,0.0,0.0,0.0006617335563849558,4.312446519815173,-0.0899215505592267,-54.570567690307,1.0,-0.20000000000000004,0.6129986296488297,-0.9940355669657579,-0.7375008452106369,-0.40555555555555556,-0.11958111958111958,-0.12009391508511054,0.24093823529897282,-0.8858664575459767,-0.5206009539481476,Biotechnology,Healthcare,LXRX
2013Q1,2013,Q1,2013-05-10,2013-03-31,-25974000.0,360000.0,-25555000.0,-0.35,360000.0,1.0,347275000.0,242208000.0,206464000.0,17381000.0,105067000.0,0.0,-925806000.0,1106843361.12,1095659361.12,3.3086750019391036,11.878718140498245,0.06641422503779426,0.0952239397542608,-0.0963350824813776,3.3086750019391036,-0.1072384066587396,3074.564892,-10.653378004158004,4.56980513079667,0.0,0.0,0.0,0.0010366424303505867,11.39324549795754,-0.07479375134979484,-44.07978339784946,1.0,0.0,0.6968663920830765,-0.9891933377681454,-0.7280981414925959,0.6513761467889908,-0.04426486551682547,-0.04340192715988894,0.6165067389477537,-0.9155589059826352,-0.7076607780434202,Biotechnology,Healthcare,LXRX
2012Q4,2012,Q4,2013-03-11,2012-12-31,-24873000.0,218000.0,-24492000.0,-0.35,218000.0,1.0,371778000.0,266678000.0,230935000.0,18285000.0,105100000.0,0.0,-899832000.0,1121836860.69,1114864860.69,3.677458643552284,12.629751162154772,0.06307796588286559,0.08793751265571213,-0.08441762112715379,3.677458643552284,-0.09326978603409355,5146.040645366973,-11.275648903328912,4.206709442436197,0.0,0.0,0.0,0.000586371436717611,12.282526661197704,-0.0669028291076933,-54.60388711073254,1.0,0.16666666666666669,0.4495470364189573,-0.9957454065645929,-0.7196045683195009,-0.41397849462365593,0.1579606621754291,0.1571920165175499,0.5608006285088097,-0.940010297268006,-0.36735122107937723,Biotechnology,Healthcare,LXRX
2012Q3,2012,Q3,2012-11-07,2012-09-30,-29539000.0,372000.0,-29060000.0,-0.42,372000.0,1.0,357835000.0,252759000.0,216085000.0,19051000.0,105076000.0,0.0,-874959000.0,1181016892.23,1184083892.23,3.6104854706596257,11.34244921526429,0.06658376067181802,0.09426370574341567,-0.10506715837807545,3.6104854706596257,-0.11686626391147298,3174.776592016129,-9.995403468550053,4.672501838628892,0.0,0.0,0.0,0.0010395852837201504,10.869823106398615,-0.08254921961239119,-47.01687536247462,1.0,-0.20000000000000004,0.5549082807159753,-0.9922203217863165,-0.7974952437274216,0.8693467336683417,-0.13913848289691874,-0.14050235478806908,0.5676050370714,-0.9510861734319236,-0.45277748267576257,Biotechnology,Healthcare,LXRX
2012Q2,2012,Q2,2012-08-02,2012-06-30,-25931000.0,199000.0,-25480000.0,-0.35,199000.0,1.0,381060000.0,244896000.0,238277000.0,21555000.0,136164000.0,0.0,-845420000.0,1079022245.665,1069431245.665,3.5666925825316507,11.054372535374624,0.06347556815199706,0.09876845681432118,,3.5666925825316507,-0.10588576375277668,5422.222340025125,-10.402821388155104,4.406042751474095,0.0,0.0,0.0,0.000522227470739516,10.749014149849224,-0.06804965097359995,-48.93081106770361,1.0,0.16666666666666669,0.6841420752987768,-0.9973953153877,-0.4928123882118349,-0.33666666666666667,0.1318133119057185,0.13283190960759622,0.6308855383341565,-0.9809769021548581,-0.5243401126460094,Biotechnology,Healthcare,LXRX
2012Q1,2012,Q1,2012-05-03,2012-03-31,-29868000.0,300000.0,-29383000.0,-0.42,300000.0,1.0,402792000.0,268971000.0,258985000.0,20933000.0,133821000.0,0.0,-819489000.0,893401737.9,888932737.9,3.91985181071137,12.372091912291596,0.060927227948916564,0.09124031958835711,,3.91985181071137,-0.11104542868933825,2978.005793,-7.47791731870229,3.321554137434891,0.0,0.0,0.0,0.0007448012870166239,12.12640328667654,-0.07415241613537508,-32.8022374027023,1.0,0.1484883764219235,0.7437789909466974,-0.9963928574454958,-0.3675209694765715,-0.12536443148688048,0.11750627862313488,0.11873912782676505,0.6046503564522401,-0.9794591926287332,-0.5370999005010025,Biotechnology,Healthcare,LXRX
2011Q4,2011,Q4,2012-03-08,2011-12-31,-33845000.0,343000.0,-33342000.0,-0.49324047772260327,343000.0,1.0,430512000.0,297568000.0,285790000.0,21390000.0,132944000.0,0.0,-789621000.0,619617334.3499999,458202334.3499999,4.336610503027319,13.36091631603553,0.057824172148511536,0.0836581890525863,-0.1033982298689458,4.336610503027319,-0.11373870846327562,1806.4645316326528,-4.576874976732161,2.082271394605603,0.0,0.0,0.0,0.0007967257590961459,13.18569424964937,-0.07861569480060951,-27.295917812775325,1.0,0.11921500546855579,0.602710442011305,-0.9965358132393148,-0.4352841568943038,-0.03380281690140845,-0.2965942611960311,-0.29780857109493597,0.3747787106686004,-0.9846163458944055,-0.5433387434607518,Biotechnology,Healthcare,LXRX
2011Q3,2011,Q3,2011-11-01,2011-09-30,-26103000.0,355000.0,-25691000.0,-0.560001,355000.0,1.0,294706000.0,169481000.0,148981000.0,14806000.0,125225000.0,0.0,-755776000.0,310629681.2738,305347681.2738,3.5133120531970516,10.062204511684453,0.08564128317713246,0.14891934789150407,-0.13193816762530813,3.5133120531970516,-0.15401726447212372,875.0131866867606,-2.975038130423706,1.8328289381924818,0.0,0.0,0.0,0.0012045903374888873,9.769282723220316,-0.08857301853372514,-15.226945160480392,1.0,0.0,0.6070868064421135,-0.9965248706334955,-0.40458810961289293,-0.36036036036036034,0.020084090397176964,0.009064259816400525,0.5492335793123624,-0.9808555276079158,-0.6561611836650312,Biotechnology,Healthcare,LXRX
2011Q2,2011,Q2,2011-08-09,2011-06-30,-26638000.0,555000.0,-25926000.0,-0.560001,555000.0,1.0,315916000.0,194188000.0,169193000.0,13226000.0,121728000.0,0.0,-729673000.0,594295079.84,599535079.84,4.02560317451071,12.792454256766975,0.08093290621557629,0.13166622036377118,,4.02560317451071,-0.1371763445733001,1070.8019456576578,-5.5775121991140475,3.0604109411498137,0.0,0.0,0.0,0.0017567961103584497,12.499546348102223,-0.0843198825004115,-24.76539066716673,1.0,0.11111093474454811,0.6983609277410358,-0.9934284438881877,-0.399142264411721,-0.06879194630872483,0.10094839515339701,0.11017298187808897,0.46133663643824724,-0.9764957661134036,-0.6398860734756372,Biotechnology,Healthcare,LXRX
2011Q1,2011,Q1,2011-05-05,2011-03-31,-29629000.0,596000.0,-29136000.0,-0.630001,596000.0,1.0,343408000.0,219317000.0,193189000.0,14480000.0,124091000.0,0.0,-703035000.0,567044785.4399999,575125785.4399999,4.548437771098957,13.341781767955801,0.08211515165633881,0.12857644414249694,,4.548437771098957,-0.13509668653136783,951.4174252348993,-4.784542048668534,2.5855031093804857,0.0,0.0,0.0,0.0017355448912081256,13.103660220994476,-0.08627929460000931,-25.71981609470676,1.0,-0.3208160110480456,0.4767083517740265,-0.9945593102693551,-0.4546684317127554,-0.524341580207502,-0.2882734031914431,-0.29926421404682274,0.47502746817248664,-0.9728381297308517,-0.6262163305425055,Biotechnology,Healthcare,LXRX
2010Q4,2010,Q4,2011-03-16,2010-12-31,-22999000.0,1253000.0,-22425000.0,-0.476978621344925,1253000.0,1.0,366884000.0,247024000.0,214738000.0,10775000.0,119860000.0,0.0,-673406000.0,486038387.52,467313387.52,5.1230560876172335,19.929280742459397,0.07763489277264748,0.11530458578923505,-0.08139539104269583,5.1230560876172335,-0.09310431375089061,387.89975061452515,-5.28325565807209,1.9675755696612476,0.0,0.0,0.0,0.0034152484163931926,19.66171693735499,-0.0626873889294709,-24.713397443433163,1.0,0.14825398285909303,-1.7439144563057647,-0.9929283035389052,-0.44927206766001354,0.6043533930857875,0.1640678951768255,0.07537211891312415,0.23452616517262465,-0.9632225176441426,-0.6093820046815656,Biotechnology,Healthcare,LXRX
2010Q3,2010,Q3,2010-11-08,2010-09-30,-27513000.0,781000.0,-24253000.0,-0.560001,781000.0,1.0,370873000.0,268854000.0,235617000.0,12948000.0,102019000.0,0.0,-650407000.0,539845857.6,356611857.6,5.5778232945729656,18.197173308619092,0.07753058324547757,0.10695024065105968,-0.08141616611085811,5.5778232945729656,-0.10233435247383338,691.2238893725993,-4.905370712027042,2.007951741837577,0.0,0.0,0.0,0.0021058421616024893,17.94547420451035,-0.07418442431775837,-28.490915009499684,1.0,-0.14285918367346934,0.6296515272981201,-0.9893681128384354,-0.3600325438093951,-0.36658556366585565,-0.09208907236137022,-0.007435407493561519,0.3978829154280869,-0.9762775792669073,-0.6871512831229741,Biotechnology,Healthcare,LXRX
2010Q2,2010,Q2,2010-08-09,2010-06-30,-25193000.0,1233000.0,-24074000.0,-0.49,1233000.0,1.0,365155000.0,295035000.0,282453000.0,27446000.0,70120000.0,0.0,-622894000.0,431876686.08000004,229200686.08000004,6.12099167471689,10.291226408219776,0.1232955868056031,0.15259884420492484,,6.12099167471689,-0.08538986899859338,350.26495221411193,-4.285681400388997,1.463815093395699,0.0,0.0,0.0,0.0033766482726513398,9.978284631640312,-0.06899261957251031,-19.025404673127756,1.0,0.46153905325378763,0.6798598786621474,-0.9832674005446259,-0.407414060146571,-0.24862888482632542,0.03364019946298427,0.035728590883601696,0.5628639118317076,-0.9770105062914739,-0.12958824528933122,Biotechnology,Healthcare,LXRX
2010Q1,2010,Q1,2010-05-10,2010-03-31,-26070000.0,1641000.0,-24966000.0,-0.910001,1641000.0,1.0,409211000.0,318905000.0,321907000.0,47316000.0,90306000.0,0.0,-597701000.0,293885807.53,98557807.52999997,11.317930518507472,6.803343477893313,0.15834862699194302,0.20318903748765307,,11.317930518507472,-0.08174848309057556,179.08946223644116,-2.8182375098772536,0.9215465656857057,0.0,0.0,0.0,0.004010156129722808,6.681672161636656,-0.06370796483965485,-13.247050147847643,1.0,-0.16523843612683473,0.3670740700929386,-0.962045329337277,-0.05248105355076958,0.1621813031161473,-0.18473074301295161,-0.1427655971071543,0.4553830803928127,-0.9519501389569733,0.8261796791185434,Biotechnology,Healthcare,LXRX
2009Q4,2009,Q4,2010-03-08,2009-12-31,-22005000.0,1412000.0,-21847000.0,-0.7809569027132122,1412000.0,1.0,257761000.0,163787000.0,169684000.0,50954000.0,94264000.0,0.0,-570175000.0,335305954.90000004,301715954.90000004,5.8127965564503015,3.330140911410292,0.2597910467448528,0.4088480770757142,-0.0946778128805509,5.8127965564503015,-0.1343513221440041,237.46880658640228,-3.809429162690298,2.047207378485472,0.0,0.0,0.0,0.005477942745411447,3.205400949876359,-0.08536978053312953,-19.362820055436856,1.0,0.2031060144701769,-12.100140633185532,-0.982516454915736,-0.5661704473755208,-0.337400281557954,-0.14956639849545503,-0.004136599715034242,0.37096398876321557,-0.9652717117157109,-0.2430543840895547,Biotechnology,Healthcare,LXRX
2009Q3,2009,Q3,2009-10-30,2009-09-30,-19142000.0,2131000.0,-21757000.0,-0.980001,2131000.0,1.0,223684000.0,129424000.0,133710000.0,50166000.0,93785000.0,0.0,-548170000.0,292476393.93,297354393.93,6.597837911191728,2.6653510345652434,0.30227463743495286,0.522422425516133,-0.10992568851141266,6.597837911191728,-0.14790147113363827,137.24842511966213,-3.8198254352993417,2.2598312054178513,0.0,0.0,0.0,0.009526832495842349,2.52148865765658,-0.08557608054219346,-14.814181934356482,1.0,0.0666666031746636,0.3850394014493615,-0.9249169099284648,-0.5099743218406383,-0.28705252592840413,0.0463807104070144,0.04499166008252129,0.29142697193174283,-0.9487000207715734,0.11815605436914878,Biotechnology,Healthcare,LXRX
2009Q2,2009,Q2,2009-08-06,2009-06-30,-20073000.0,2989000.0,-22782000.0,-1.050001,2989000.0,1.0,244333000.0,147109000.0,95952000.0,12351000.0,93223000.0,0.0,-529028000.0,170290263.92,188098263.92,7.498409425214543,7.768763662861307,0.27410951447409887,0.45526786260527907,,7.498409425214543,-0.13644984331346144,56.97231981264637,-2.120887061226523,1.1575788287596271,0.0,0.0,0.0,0.012233304547482329,7.1196664237713545,-0.08215427306176407,-7.09099579096398,1.0,0.06249994419647845,0.44827635220306083,-0.8720335828269603,-0.5019780596203489,-0.28286948176583493,0.06897031539888683,0.03343232923207467,0.44111867241844355,-0.9129793173311258,0.11920552335510196,Biotechnology,Healthcare,LXRX
2009Q1,2009,Q1,2009-04-29,2009-03-31,-21560000.0,4168000.0,-23570000.0,-1.120001,4168000.0,1.0,244452000.0,165822000.0,94215000.0,12282000.0,71160000.0,0.0,-508955000.0,149411598.49,177381598.49,8.468029743251025,7.670981924767953,0.183770228920197,0.27091097683057735,,8.468029743251025,-0.1300189359674832,35.84731249760077,-1.7325092589285713,0.9010360415988229,0.0,0.0,0.0,0.017050382079099372,7.3694837974271294,-0.08819727390244302,-5.277696873542918,1.0,-0.41968978804345863,0.358641480166624,-0.8380679659394741,-0.5006557242793156,-0.3436220472440945,-0.39845624959460335,-0.12834506199435108,0.062382226850596835,-0.9063116316373464,0.015268136574808808,Biotechnology,Healthcare,LXRX
2008Q4,2008,Q4,2008-12-31,2008-12-31,-15417000.0,6350000.0,-20889000.0,-0.7889054421836239,6350000.0,1.0,261508000.0,185580000.0,109167000.0,21176000.0,65681000.0,0.0,-487395000.0,191514206.8,136133206.8,9.496339881976839,5.155222893842085,0.11660063936858528,0.16430649854510185,,9.496339881976839,-0.08307468477206595,30.159717606299214,-3.1055686385159245,1.0319765427308978,0.0,0.0,0.0,0.02428223993147437,4.896108802417832,-0.058954219373785886,-9.478555149715417,1.0,0.33705480736266286,0.522219221125685,-0.7863179067069631,-0.4852773079213989,-0.15468583599574015,0.34281086150304785,0.15844815083393762,-2.230407688805597,-0.9115737140475323,0.02085543053878914,Biotechnology,Healthcare,LXRX
2008Q3,2008,Q3,2008-09-30,2008-09-30,-23459000.0,7512000.0,-24822000.0,-1.190001,7512000.0,1.0,283703000.0,199681000.0,131425000.0,25007000.0,69762000.0,0.0,-471978000.0,243496634.36,174010634.36,10.217904105900514,5.25552845203343,0.10829282735818796,0.1538604073497228,,10.217904105900514,-0.11748238440312297,32.414354946751864,-2.5949170292851362,1.219428159714745,0.0,0.0,0.0,0.02647839465920346,4.972847602671252,-0.08268858630328195,-10.597868835306407,1.0,-0.1333332063493274,0.29940209811037655,-0.7303275211107468,-0.5135999193020447,-0.2147187957348944,-0.1709593690725766,0.05927385734859395,0.22114083400710957,-0.7477729071555959,0.17234371777518281,Biotechnology,Healthcare,LXRX
2008Q2,2008,Q2,2008-06-30,2008-06-30,-20034000.0,9566000.0,-26386000.0,-1.050001,9566000.0,1.0,310306000.0,218457000.0,152950000.0,27656000.0,72650000.0,0.0,-448519000.0,218873379.2,140166379.2,11.178693402290195,5.530445472953428,0.09971447538880976,0.14163885799035966,,11.178693402290195,-0.09170683475466568,22.880344888145515,-2.7312740740740735,1.0019060007232543,0.0,0.0,0.0,0.030827634657402694,5.2295704367949085,-0.06456207743324331,-8.055107434123363,1.0,-0.15384598478463213,0.5636457321364476,-0.5885001783374635,-0.40256176470049926,0.07567749915664006,0.12415843315554778,-0.0797119240527048,0.3720794186495921,-0.679810161444997,0.08223256755791156,Biotechnology,Healthcare,LXRX
2008Q1,2008,Q1,2008-03-31,2008-03-31,-22874000.0,8893000.0,-24438000.0,-0.910001,8893000.0,1.0,336573000.0,237801000.0,174375000.0,27691000.0,73425000.0,0.0,-428485000.0,276325619.22,248024619.22000003,12.168636949015212,6.297172366472862,0.0925683284161237,0.1310171109457067,,12.168636949015212,-0.0961896711956636,31.072261241425842,-3.0200841481594822,1.1620036047787856,0.0,0.0,0.0,0.026422202612806138,6.16633563251598,-0.06796148235301108,-10.072378042574908,1.0,-0.46040498251810774,0.48923018687362846,-0.5799874301967345,-0.4138563107488034,-0.35595307068366167,-0.8784593906545126,-0.32333351383549036,0.19928763249799453,-0.7034298060707396,0.01873872107624209,Biotechnology,Healthcare,LXRX
2007Q4,2007,Q4,2008-03-11,2007-12-31,-12177000.0,13808000.0,-18467000.0,-0.6231155130893404,13808000.0,1.0,369296000.0,256300000.0,264650000.0,35347000.0,82725000.0,0.0,-410535000.0,414488428.83000004,422923428.83000004,13.115258766921077,7.487198347808866,0.08495353320913306,0.12240733515411627,,13.115258766921077,-0.047510729613733906,30.017991659183085,-8.509658143015521,1.6172002685524776,0.0,0.0,0.0,0.037390061089207574,7.370865985797946,-0.03297354967289112,-27.786312853120602,1.0,0.36416849259404793,0.6636936973412765,-0.4776388602871987,-0.4224751049074034,0.35811940592111735,0.13705619729289206,0.05014916160888797,-9.452434473439249,-0.7534822802155645,-0.02116188169464698,Biotechnology,Healthcare,LXRX
2007Q3,2007,Q3,2007-11-02,2007-09-30,-14111000.0,10167000.0,-19442000.0,-0.980001,10167000.0,1.0,378192000.0,265389000.0,279402000.0,37345000.0,86823000.0,0.0,-398358000.0,363643652.61,344506652.61,17.829139113156373,7.48164412906681,0.08351313618479503,0.11901020765743871,,17.829139113156373,-0.05317100558048751,35.76705543523163,-6.442556385266813,1.3702288060545087,0.0,0.0,0.0,0.026883170453103185,7.381496853661802,-0.03731173583788129,-19.120019591461173,1.0,0.17647043994080683,0.578514325547336,-0.36296310713960367,-0.2638538440789146,-0.196157495256167,-0.03826061364138032,-0.08311977715877437,0.40258186415916786,-0.527923759173651,0.32418166413305977,Biotechnology,Healthcare,LXRX
2007Q2,2007,Q2,2007-08-08,2007-06-30,-13591000.0,12648000.0,-17950000.0,-1.190001,12648000.0,1.0,200962000.0,79935000.0,100281000.0,39495000.0,91119000.0,0.0,-384247000.0,255413007.14999998,264612007.14999998,7.032294361364126,2.539080896315989,0.1581692061185697,0.3976480890723713,,7.032294361364126,-0.17002564583724275,20.19394427182163,-4.698201146898683,3.1952587370988925,0.0,0.0,0.0,0.0629372717230123,2.4456007089505,-0.06762970113752849,-12.075123257847956,1.0,0.29166691468224437,0.40262274490466704,-0.11746090804339218,-0.7309905851519559,0.0,0.28146973301612477,0.05996334118879288,0.3552506955856221,-0.06540789495990215,-0.5329360288875883,Biotechnology,Healthcare,LXRX
2007Q1,2007,Q1,2007-05-10,2007-03-31,-18915000.0,13495000.0,-19095000.0,-1.680002,0.0,0.0,167368000.0,69004000.0,64777000.0,43162000.0,98364000.0,0.0,-370656000.0,282914635.08,295288635.08,6.197599638153014,1.500787729947639,0.19108790210792984,0.4634803779491044,,6.197599638153014,-0.2741145440844009,20.96440422971471,-3.7392893877874704,4.099974422932004,0.0,0.0,0.0,0.08063070598919746,1.418840646865298,-0.11301443525644089,-13.386072158977997,0.0,-0.3531883171508355,0.10017711577961025,0.17889759938586378,-0.7768011986541392,-1.0,-0.36837155465528465,-0.3103897886357398,0.010382235479780753,-0.07788099066910398,-0.6345388483092207,Biotechnology,Healthcare,LXRX
