Quarters,Year,Quarter,FillingDate,Date,NetIncome,Revenue,OperatingIncome,EPSDiluted,GrossProfit,GrossProfitRatio,TotalAssets,CommonStockEquity,CurrentAssets,CurrentLiability,TotalLiability,Inventory,RetainedEarnings,MarketCap,EnterpriseValue,bookValuePerShare,currentRatio,debtToAssets,debtToEquity,roic,shareholdersEquityPerShare,roe,priceToSalesRatio,peRatio,pbRatio,payoutRatio,inventoryTurnover,dividendYield,assetTurnover,quickRatio,returnOnAssets,priceToFreeCashFlowsRatio,grossProfitMargin,epsdilutedGrowth,fiveYNetIncomeGrowthPerShare,fiveYRevenueGrowthPerShare,fiveYShareholdersEquityGrowthPerShare,grossProfitGrowth,netIncomeGrowth,operatingIncomeGrowth,threeYNetIncomeGrowthPerShare,threeYRevenueGrowthPerShare,threeYShareholdersEquityGrowthPerShare,Industry,Sector,Symbol
2023Q1,2023,Q1,2023-05-11,2023-03-31,-18654000.0,11846000.0,-14368000.0,-0.17,10140000.0,0.8559851427,114925000.0,-73785000.0,83928000.0,166303000.0,188710000.0,8303000.0,-703740000.0,215724640.25,262419640.25,-0.6601241742017461,0.5046691881685839,1.1365934304981509,-1.7703191705631225,-0.24316655649621635,-0.6601241742017461,0.2528156129294572,18.21075808289718,-2.8911311280422427,-2.9236923527817305,0.0,0.2054679031675298,0.0,0.10307591907765934,0.6067659633319904,-0.1623145529693278,-20.588341310364573,0.8559851426641905,0.055555555555555455,0.7933847514166723,3.637349938973975,-1.1981204750899808,-0.43272727272727274,-0.07627509808446803,-0.7194830062230733,0.7345000866640179,-0.31107403121163907,-1.8625933586012802,Drug Manufacturers—Specialty & Generic,Healthcare,OPTN
2022Q4,2022,Q4,2023-03-07,2022-12-31,-17332000.0,20856000.0,-8356000.0,-0.18,17875000.0,0.8570675105,144222000.0,-56623000.0,94244000.0,178729000.0,200845000.0,9443000.0,-684893000.0,175677683.5,212604683.5,-0.5962769312130644,0.5273011095009763,0.909507564726602,-2.316567472581813,-0.12392558917346908,-0.5962769312130644,0.3060946965014217,8.423364187763713,-2.5340076664551123,-3.1025852303834136,0.0,0.31568357513502066,0.0,0.14461039231185255,0.7171527843830604,-0.12017584002440682,-9.93483478482158,0.8570675105485233,0.0,0.7053052410973881,0.0,-1.1218339551409193,-0.004344677769732078,-0.15940865609739782,0.2262962962962963,0.6825903106511019,-0.13845750410974014,-1.42087843563671,Drug Manufacturers—Specialty & Generic,Healthcare,OPTN
2022Q3,2022,Q3,2022-11-10,2022-09-30,-14949000.0,20078000.0,-10800000.0,-0.18,17953000.0,0.8941627652,105270000.0,-73416000.0,100931000.0,177795000.0,178686000.0,10415000.0,-669745000.0,304953776.64,374226776.64,-0.881125536337283,0.5676818808177958,1.2382730122542034,-1.7755393919581564,-0.18242381978000197,-0.881125536337283,0.20362046420398824,15.18845386193844,-5.099902612883805,-4.1537781497221316,0.0,0.20403264522323572,0.0,0.19072860264082836,0.4932422171602126,-0.1420062695924765,-17.417967594242633,0.894162765215659,0.21739130434782614,0.5141693511207738,0.0,-1.3211307061790007,-0.02635717772113455,0.22939326769421103,0.2961876832844575,0.741824847587066,-0.19421485402868183,-1.8204846908452268,Drug Manufacturers—Specialty & Generic,Healthcare,OPTN
2022Q2,2022,Q2,2022-08-11,2022-06-30,-19399000.0,20582000.0,-15345000.0,-0.23,18439000.0,0.8958798951,122832000.0,-60783000.0,118057000.0,55038000.0,183615000.0,10973000.0,-654791000.0,302828751.36,354403751.36,-0.7346256886141393,2.145008902939787,1.05704539533672,-2.136107135218729,-0.21490200811395171,-0.7346256886141393,0.31915173650527284,14.713281088329609,-3.9026335295633796,-4.982129071615419,0.0,0.1952975485282056,0.0,0.16756219877556336,1.8901486245866492,-0.1579311580044288,-23.04632810958904,0.8958798950539306,0.2580645161290322,-0.010789678441907887,0.0,-1.4502427415714867,0.44664992938961245,0.23420969524711827,0.2827763496143959,0.6462152948787743,0.5390465795773165,-1.4432152390622266,Drug Manufacturers—Specialty & Generic,Healthcare,OPTN
2022Q1,2022,Q1,2022-05-12,2022-03-31,-25332000.0,14760000.0,-21395000.0,-0.31,12746000.0,0.8635501355,133815000.0,-44858000.0,128419000.0,50023000.0,178673000.0,11380000.0,-635394000.0,203646216.67000002,241547216.67000002,-0.544077183518442,2.567199088419327,0.9660202518402272,-2.8817156360069554,-0.24669244326154013,-0.544077183518442,0.5647153239110081,13.797169151084011,-2.0097723893691772,-4.539797063400063,0.0,0.17697715289982424,0.0,0.11030153570227554,2.28033104771805,-0.18930613159959644,-10.506434332662643,0.8635501355013551,-0.06896551724137938,-0.016555096245076926,0.0,0.0,-0.36058994682452095,-0.28994805988389855,-0.842807924203273,0.5609936733616426,0.6500782181728836,-1.2430508536495406,Drug Manufacturers—Specialty & Generic,Healthcare,OPTN
2021Q4,2021,Q4,2022-03-08,2021-12-31,-19638000.0,22509000.0,-11610000.0,-0.29,19934000.0,0.885601315,166071000.0,-21772000.0,160379000.0,59235000.0,187843000.0,11847000.0,-610061000.0,109887572.7,130087572.7,-0.32097023469879593,2.7075040094538703,0.7870248267307356,-6.00321513871027,-0.12889530849736958,-0.32097023469879593,0.9019841998897666,4.881939344262295,-1.3989150206232814,-5.047196982362668,0.0,0.21735460454123406,0.0,0.13553841429268204,2.463931797079429,-0.11825062774355546,-6.564371129032258,0.8856013150295438,0.09375000000000008,-0.38417390955285946,0.0,-1.2343085936334814,0.026731908318310585,-0.14728048139276742,0.10966257668711657,0.5475612932701411,3.525554553968499,-1.1115647788160596,Drug Manufacturers—Specialty & Generic,Healthcare,OPTN
2021Q3,2021,Q3,2021-11-15,2021-09-30,-17117000.0,21826000.0,-13040000.0,-0.32,19415000.0,0.8895354164757628,131917000.0,-51469000.0,125442000.0,53627000.0,183386000.0,13161000.0,-594437000.0,160004007.0,202320007.0,-0.965019582290836,2.3391575139388743,0.9592546828687736,-2.458606151275525,-0.17369760100169168,-0.965019582290836,0.3325691192756805,7.330890085219463,-2.336916617982123,-3.1087452058520664,0.0,0.1831927665071043,0.0,0.16545251938719044,2.0197661625673633,-0.12975583131817733,-2388.1195074626867,0.8895354164757628,0.2727272727272727,-0.4042505836444345,0.0,0.0,0.21861662063771026,0.271679006042039,0.33316287394528254,0.47359584826726914,7.865980909574033,-1.27860802274034,Drug Manufacturers—Specialty & Generic,Healthcare,OPTN
2021Q2,2021,Q2,2021-08-11,2021-06-30,-23502000.0,18357000.0,-19555000.0,-0.44,15932000.0,0.8678978046521763,139515000.0,-37073000.0,132594000.0,46798000.0,176588000.0,13303000.0,-577320000.0,165204985.14,199455985.14,-0.6979028502214604,2.8333262105218173,0.9186610758699781,-3.457152105305748,-0.20977708167950396,-0.6979028502214604,0.6339384457691581,8.999563389442718,-1.75735028018892,-4.456207621179834,0.0,0.1822897090881756,0.0,0.13157724975809051,2.4494850207273817,-0.16845500483818945,-7.336574524380495,0.8678978046521763,0.10204081632653059,-0.9073901636866406,0.0,-1.4277357809622029,0.5589041095890411,0.09791578704947607,0.11870746766415792,0.30365749793983515,9.494213813091351,-1.1643059227771282,Drug Manufacturers—Specialty & Generic,Healthcare,OPTN
2021Q1,2021,Q1,2021-05-05,2021-03-31,-26053000.0,11960000.0,-22189000.0,-0.49,10220000.0,0.8545150501672241,157946000.0,-16667000.0,150316000.0,44781000.0,174613000.0,12703000.0,-553818000.0,195561623.7,207292623.7,-0.3144851675722715,3.356691453964851,0.8085991414787332,-7.662746745065099,-0.19605227118104948,-0.3144851675722715,1.5631487370252595,16.351306329431438,-1.8765749021225964,-11.733462752744943,0.0,0.13697551759426907,0.0,0.07572208223063578,2.991045309394609,-0.16494877996277207,-6.955775340565534,0.8545150501672241,-0.06521739130434775,-0.6264522090720375,0.0,0.0,-0.27533148975395305,-0.09177387587478524,-0.08498361938291527,0.3913980868112416,8.874485965468809,-1.0943851978811623,Drug Manufacturers—Specialty & Generic,Healthcare,OPTN
2020Q4,2020,Q4,2021-03-03,2020-12-31,-23863000.0,16347000.0,-20451000.0,-0.46,14103000.0,0.8627271058909892,188813000.0,6788000.0,180652000.0,52172000.0,182025000.0,9042000.0,-527765000.0,216636491.7,199790491.7,0.12972108151989611,3.462623629533083,0.6631005280356755,18.444608131997644,-0.15250786738057243,0.12972108151989611,-3.515468473777254,13.25236995779042,-2.269585673427482,31.914627533883323,0.0,0.24817518248175183,0.0,0.08657772505071155,3.21149275473434,-0.12638430616535937,-11.257937520137192,0.8627271058909892,-0.06976744186046518,-1.1803225048558863,0.0,1.9030025089003075,0.06719636776390465,-0.12487036862449326,-0.1435361216730038,0.26368717011423803,0.0,-0.9734948115558084,Drug Manufacturers—Specialty & Generic,Healthcare,OPTN
2020Q3,2020,Q3,2020-11-05,2020-09-30,-21214000.0,15436000.0,-17884000.0,-0.43,13215000.0,0.8561155739828972,181024000.0,27683000.0,172437000.0,43350000.0,153341000.0,9326000.0,-503902000.0,190739304.6,154522304.6,0.5660275433341388,3.9777854671280277,0.5801054003888987,3.793411118737131,-0.13286775631500744,0.5660275433341388,-0.7663186793338872,12.356783143301373,-2.2477998562270196,6.890124068923165,0.0,0.23815140467510187,0.0,0.08527046137528725,3.706066897347174,-0.1171888810323493,-12.162945070781788,0.8561155739828972,0.23214285714285723,-0.8979009498245316,0.0,0.0,0.5416472235184321,0.17940584867708495,0.20863755033408557,-0.17455315155140716,0.0,2.4910746053704433,Drug Manufacturers—Specialty & Generic,Healthcare,OPTN
2020Q2,2020,Q2,2020-08-04,2020-06-30,-25852000.0,10272000.0,-22599000.0,-0.56,8572000.0,0.8345015576323987,153048000.0,12609000.0,148905000.0,34898000.0,140439000.0,6125000.0,-482688000.0,341556293.76,322493293.76,0.27465738946657436,4.266863430569087,0.6857129789347133,8.323181854231105,-0.19020805979194022,0.27465738946657436,-2.0502815449282257,33.251196822429904,-3.302996806436639,27.088293580775638,0.0,0.27755102040816326,0.0,0.06711619883957974,3.993409364433492,-0.16891432753123203,-14.357740710412376,0.8345015576323987,0.11111111111111104,-1.4277405168391681,0.0,-0.8316659790925831,0.5022783035401331,0.1041031327973385,0.1402647797306551,-1.4277405168391681,0.0,-0.8316659790925831,Drug Manufacturers—Specialty & Generic,Healthcare,OPTN
2020Q1,2020,Q1,2020-05-07,2020-03-31,-28856000.0,7062000.0,-26286000.0,-0.63,5706000.0,0.8079864061172473,174170000.0,35131000.0,169677000.0,34225000.0,139039000.0,5709000.0,-456836000.0,206118667.38,163645667.38,0.7652785262248671,4.9576917457998535,0.6008841936039502,2.9790213771313083,-0.1862498494328045,0.7652785262248671,-0.8213828242862429,29.187010390824128,-1.785752247192958,5.867144897099428,0.0,0.2375197057277982,0.0,0.040546592409714644,4.681022644265887,-0.1656772119193891,-7.351404072330409,0.8079864061172473,-0.08620689655172423,-1.0797253229713828,0.0,0.0,-0.36621126291236256,-0.15447089417883578,-0.14680860346407223,-1.0797253229713828,0.0,0.0,Drug Manufacturers—Specialty & Generic,Healthcare,OPTN
2019Q4,2019,Q4,2020-03-05,2019-12-31,-24995000.0,11081000.0,-22921000.0,-0.58,9003000.0,0.8124717985741359,172650000.0,61583000.0,168060000.0,36139000.0,111067000.0,3484000.0,-427980000.0,400774821.70000005,329296821.70000005,1.416743840322941,4.65037770829298,0.4316883869099334,1.2102528295146389,-0.1670030382735029,1.416743840322941,-0.40587499797021903,36.167748551574775,-4.008549926985397,6.50788077391488,0.0,0.5964408725602756,0.0,0.06418187083695337,4.4539693959434405,-0.1447726614538083,-22.047245114974146,0.8124717985741359,0.15942028985507245,-1.7492270075728529,0.0,10.862107433050154,-0.18214026162790697,0.13235906692585392,-0.157100307940835,-1.7492270075728529,0.0,10.862107433050154,Drug Manufacturers—Specialty & Generic,Healthcare,OPTN
2019Q3,2019,Q3,2019-11-12,2019-09-30,-28808000.0,12397000.0,-19809000.0,-0.69,11008000.0,0.8879567637331612,149377000.0,44518000.0,144102000.0,29962000.0,104859000.0,4404000.0,-402985000.0,290179267.0,240345267.0,1.073908564253145,4.809492023229424,0.49717158598713324,1.6682240891324858,-0.1648359878176644,1.073908564253145,-0.6471090345478233,23.40721682665161,-2.518217743335185,6.518245810683319,0.0,0.31539509536784743,0.0,0.08299135743789204,4.554702623322876,-0.19285432161577754,-19.10456692343143,0.8879567637331612,-0.045454545454545324,-2.0406843270940613,0.0,0.0,0.9699355762347889,-0.05227015377871936,0.2294316723071537,-2.0406843270940613,0.0,0.0,Drug Manufacturers—Specialty & Generic,Healthcare,OPTN
2019Q2,2019,Q2,2019-08-12,2019-06-30,-27377000.0,6677000.0,-25707000.0,-0.66,5588000.0,0.8369028006589786,166572000.0,68472000.0,160854000.0,24367000.0,98100000.0,4260000.0,-374178000.0,293718422.88,224072422.88,1.6574919449261072,6.6013050437066525,0.43746247868789473,1.0642160299100363,-0.18003487663615544,1.6574919449261072,-0.39982766678350273,43.98957958364535,-2.682164069109106,4.289613606729758,0.0,0.2556338028169014,0.0,0.04008476814830824,6.3021299298231215,-0.16435535384098168,-10.43664225135913,0.8369028006589786,0.05714285714285704,-1.8570756841948741,0.0,0.01585573303871338,0.49491706795077584,0.05184595137493939,0.053637166838462674,-1.8570756841948741,0.0,0.01585573303871338,Drug Manufacturers—Specialty & Generic,Healthcare,OPTN
2019Q1,2019,Q1,2019-05-09,2019-03-31,-28874000.0,4476000.0,-27164000.0,-0.7,3738000.0,0.8351206434316354,192992000.0,92353000.0,186782000.0,26868000.0,100639000.0,5716000.0,-346801000.0,441439735.0,344313735.0,2.2385322879917005,6.951838618430847,0.37659592107444867,0.78698039045835,-0.1631050239277544,2.2385322879917005,-0.3126482085043258,98.62371201966042,-3.822121415460275,4.779917652918693,0.0,0.129111266620014,0.0,0.023192671198806167,6.596434420128033,-0.1496124191676339,-14.782658060411224,0.8351206434316354,-0.0937499999999999,-1.315581882450842,0.0,0.0,0.6216919739696313,-0.09449982942269057,-0.09891176827541567,-1.315581882450842,0.0,0.0,Drug Manufacturers—Specialty & Generic,Healthcare,OPTN
2018Q4,2018,Q4,2019-03-06,2018-12-31,-26381000.0,3023000.0,-24719000.0,-0.64,2305000.0,0.7624875951042012,216989000.0,118611000.0,212857000.0,25697000.0,98378000.0,7132000.0,-317927000.0,255610686.0,127120686.0,2.8769853542038537,8.283340467758883,0.33411831936181097,0.6112417903904359,-0.12934367985097667,2.8769853542038537,-0.2224161334108978,84.55530466424082,-2.422299059929495,2.1550335634974833,0.0,0.10067302299495233,0.0,0.013931581785251787,7.920846791454255,-0.1215775914908129,-12.509087109719095,0.7624875951042012,-0.04918032786885251,-2.0593622715381845,0.0,21.027006886440894,0.45609602021478207,-0.050073637702503684,-0.05223054656904478,-2.0593622715381845,0.0,21.027006886440894,Drug Manufacturers—Specialty & Generic,Healthcare,OPTN
2018Q3,2018,Q3,2018-11-13,2018-09-30,-25123000.0,1902000.0,-23492000.0,-0.61,1583000.0,0.8322818086225027,237622000.0,142730000.0,233455000.0,22362000.0,94892000.0,7009000.0,-291546000.0,480887638.89,331714638.89,3.4637178527706114,10.439808603881584,0.304340507192095,0.5066769424788061,-0.10924072765150106,3.4637178527706114,-0.1760176557135851,252.83261771293374,-4.785332552740517,3.369212070973166,0.0,0.045512911970323866,0.0,0.008004309365294459,10.04364546999374,-0.10572674247334,-19.469923433742256,0.8322818086225027,0.04687500000000004,-1.6676282453741154,0.0,0.0,0.7150595882990249,-0.022049550465806925,-0.022146804159596224,-1.6676282453741154,0.0,0.0,Drug Manufacturers—Specialty & Generic,Healthcare,OPTN
2018Q2,2018,Q2,2018-08-14,2018-06-30,-24581000.0,1274000.0,-22983000.0,-0.64,923000.0,0.7244897959183674,259950000.0,164332000.0,256054000.0,23213000.0,95618000.0,4950000.0,-266423000.0,1082500480.68,909648480.6800001,4.24758181826547,11.030629388704606,0.27750721292556263,0.43897719251271816,-0.09719203281600203,4.24758181826547,-0.14958133534552004,849.6864055572998,-11.009524436353281,6.587277466835431,0.0,0.07090909090909091,0.0,0.004900942488940181,10.721233791409986,-0.09456049240238508,-43.31041372649436,0.7244897959183674,0.2098765432098766,-1.739155168675658,0.0,1.6032888756079864,0.3879699248120301,0.1959636268480963,0.20876510483010294,-1.739155168675658,0.0,1.6032888756079864,Drug Manufacturers—Specialty & Generic,Healthcare,OPTN
2018Q1,2018,Q1,2018-05-14,2018-03-31,-30572000.0,865000.0,-29047000.0,-0.81,665000.0,0.7687861271676301,220562000.0,126111000.0,217069000.0,22488000.0,94451000.0,3580000.0,-241841000.0,757740963.98,619932963.98,3.3319331275676403,9.652659196015653,0.32627107117273146,0.5706322208213399,-0.14664721265789554,3.3319331275676403,-0.24242135896154973,876.0011144277457,-6.196364025742509,6.008523950963833,0.0,0.055865921787709494,0.0,0.003921799766052176,9.431296691568837,-0.13860955196271343,-32.409793155688625,0.7687861271676301,-0.26562500000000006,-1.6724401843403207,0.0,0.0,0.0,-0.5637051813206485,-0.4747664500406174,-1.6724401843403207,0.0,0.0,Drug Manufacturers—Specialty & Generic,Healthcare,OPTN
2017Q4,2017,Q4,2018-03-13,2017-12-31,-19551000.0,0.0,-19696000.0,-0.64,0.0,0.0,241136000.0,154496000.0,238167000.0,14777000.0,86640000.0,2013000.0,-211269000.0,596622159.0,433631159.0,4.894176919097636,16.117412194626784,0.29801854555105833,0.46514472866611434,-0.08701222394514908,4.894176919097636,-0.1265469656172328,0.0,-7.629049140708915,3.861732077205882,0.0,0.0,0.0,0.0,15.896325370508222,-0.08107872735717603,-39.841212621035055,0.0,-0.733028368533823,-1.9611361046013018,0.0,35.06889601262925,0.0,-0.49609733700642794,-0.49279975746551463,-1.9611361046013018,0.0,35.06889601262925,Drug Manufacturers—Specialty & Generic,Healthcare,OPTN
2017Q3,2017,Q3,2017-11-27,2017-09-30,-13068000.0,0.0,-13194000.0,-0.3692957435783079,0.0,0.0,55135000.0,-13433000.0,50320000.0,9699000.0,68568000.0,241000.0,-191001000.0,672339187.0,622929187.0,-0.37961047776916207,5.188163728219404,0.0,0.0,0.9822079952356138,-0.37961047776916207,0.9728281098786571,0.0,-12.862319922711967,-50.05130551626591,0.0,0.0,0.0,0.0,5.118156510980514,-0.2370182279858529,-76.89148982159195,0.0,-0.5921052631578947,-0.6158493528519262,0.0,0.0,0.0,-0.5921052631578947,-0.5825836631881972,-0.6158493528519262,0.0,0.0,Drug Manufacturers—Specialty & Generic,Healthcare,OPTN
2017Q2,2017,Q2,2017-06-30,2017-06-30,-8208000.0,0.0,-8337000.0,-0.23195435133844133,0.0,0.0,63962000.0,57737000.0,60914000.0,6225000.0,6225000.0,0.0,-174580000.0,672339187.0,613452187.0,1.6316213917187605,9.785381526104418,0.0,0.0,-0.14439614112267696,1.6316213917187605,-0.14216187193653984,0.0,-20.47816724537037,11.644858357725548,0.0,0.0,0.0,0.0,9.494939759036145,-0.128326193677496,-100.08026004763322,0.0,0.23256189413601477,0.0,0.0,0.0,0.0,-0.01647058823529412,-0.14158564973298646,0.0,0.0,0.0,Drug Manufacturers—Specialty & Generic,Healthcare,OPTN
2017Q1,2017,Q1,2017-03-31,2017-03-31,-8075000.0,0.0,-7303000.0,-0.3022450274049216,0.0,0.0,,,,,,,,507617946.0,,,0.0,0.0,0.0,0.0,,0.0,0.0,-15.71572588235294,0.0,0.0,0.0,0.0,0.0,0.0,0.0,-66.61652834645669,0.0,-0.44506084466714396,0.0,0.0,0.0,0.0,-0.4450608446671439,-0.49590331831216716,0.0,0.0,0.0,Drug Manufacturers—Specialty & Generic,Healthcare,OPTN
2016Q4,2016,Q4,2016-12-31,2016-12-31,-5588000.0,0.0,-4882000.0,-0.20915730193668133,0.0,0.0,41551000.0,-3838000.0,40675000.0,5910000.0,45389000.0,0.0,-151102000.0,507617946.0,486076946.0,-0.1436552836136333,6.882402707275804,0.367163245168588,-3.9749869723814486,-0.4275705027150114,-0.1436552836136333,1.4559666492965087,0.0,-22.710180118110237,-132.2610594059406,0.0,0.0,0.0,0.0,6.636040609137056,-0.13448533127963225,-83.10706385068762,0.0,0.08483458892892232,0.0,0.0,0.0,0.0,0.08483458892892237,0.13270563155089715,0.0,0.0,0.0,Drug Manufacturers—Specialty & Generic,Healthcare,OPTN
2016Q3,2016,Q3,2016-09-30,2016-09-30,-6106000.0,0.0,-5629000.0,-0.22854589936030353,0.0,0.0,,,,,,,,507617946.0,,,0.0,0.0,0.0,0.0,,0.0,0.0,-20.78357132328857,0.0,0.0,0.0,0.0,0.0,0.0,0.0,-106.44117131474104,0.0,0.0,0.0,0.0,0.0,0.0,0.0,0.0,0.0,0.0,0.0,Drug Manufacturers—Specialty & Generic,Healthcare,OPTN
