Quarters,Year,Quarter,FillingDate,Date,NetIncome,Revenue,OperatingIncome,EPSDiluted,GrossProfit,GrossProfitRatio,TotalAssets,CommonStockEquity,CurrentAssets,CurrentLiability,TotalLiability,Inventory,RetainedEarnings,MarketCap,EnterpriseValue,bookValuePerShare,currentRatio,debtToAssets,debtToEquity,roic,shareholdersEquityPerShare,roe,priceToSalesRatio,peRatio,pbRatio,payoutRatio,inventoryTurnover,dividendYield,assetTurnover,quickRatio,returnOnAssets,priceToFreeCashFlowsRatio,grossProfitMargin,epsdilutedGrowth,fiveYNetIncomeGrowthPerShare,fiveYRevenueGrowthPerShare,fiveYShareholdersEquityGrowthPerShare,grossProfitGrowth,netIncomeGrowth,operatingIncomeGrowth,threeYNetIncomeGrowthPerShare,threeYRevenueGrowthPerShare,threeYShareholdersEquityGrowthPerShare,Industry,Sector,Symbol
2023Q1,2023,Q1,2023-03-31,2023-03-31,374000000.0,3623000000.0,357000000.0,1.9,642000000.0,0.1772012145,17907000000.0,12230000000.0,9102000000.0,2277000000.0,3655000000.0,3298000000.0,14178252000.0,8099654794.28,7991654794.28,62.30016128049765,3.997364953886693,0.06209862065114201,0.09092395748160262,0.03149458523648151,62.30016128049765,0.030580539656582174,2.2356209755120067,5.414207750187166,0.6622775792542926,0.0,0.9038811400849,0.0,0.2023231138660859,2.5480895915678525,0.020885687161445246,19.5643835610628,0.1772012144631521,5.333333333333333,0.019840534025588687,0.22344378996749062,1.290399424684625,0.5035128805620609,5.338983050847458,3.0568181818181817,33.29148678984631,0.595083111182532,0.8815876722929674,Steel,Basic Materials,TX
2022Q4,2022,Q4,2022-12-31,2022-12-31,59000000.0,3546000000.0,88000000.0,0.3,427000000.0,0.1204173717,17491548000.0,11845959000.0,8844038000.0,2216830000.0,3723155000.0,3470215000.0,13803878000.0,5999162609.12,5616851609.12,60.3438397368433,3.9894976159651394,0.07266446628966172,0.10729515440666307,0.005553365608028181,60.3438397368433,0.004980601401710068,1.6918112264861815,25.420180547118644,0.5064311474588086,3.0,0.89879157343277,0.029504117746520564,0.20272648252744696,2.423190772409251,0.003373057661906196,6.871893023046964,0.12041737168640722,-0.7321428571428571,-0.6726604917829538,0.2152013317398459,1.364262796989604,-0.4664594146797382,-0.731699885858765,-0.7779112553566291,-0.11491148664043488,0.5157927211443598,0.79167563092562,Steel,Basic Materials,TX
2022Q3,2022,Q3,2022-09-30,2022-09-30,219903000.0,4125478000.0,396238000.0,1.12,800314000.0,0.1939930355,17421906000.0,11900248000.0,8778749000.0,2086214000.0,3642482000.0,3966258000.0,0.0,5376867300.42,5228374300.42,60.62038999819457,4.207981060428125,0.07609184666706387,0.11139809859424778,0.016949491068237475,60.62038999819457,0.018478858591854556,1.3033319533930372,6.112771654343052,0.45182817201960834,0.0,0.8383630111808158,0.0,0.2367983158673913,2.3028519605371263,0.012622212517964452,5.990845045782016,0.19399303547370753,-0.7248157248157248,0.1280663595604755,0.6638125001764446,1.4345832919053634,-0.4195441147459181,-0.7248701940520725,-0.6300823785979954,1.3269666250449723,0.7050952676172765,0.8206395329713243,Steel,Basic Materials,TX
2022Q2,2022,Q2,2022-06-30,2022-06-30,799270000.0,4437676000.0,1071152000.0,4.07,1378768000.0,0.3106959589,17790494000.0,11776285000.0,9048965000.0,2584403000.0,4086246000.0,4540431000.0,13787930000.0,7084744062.93,7709693062.93,59.98891729537404,3.501375365993616,0.075551471476846,0.11413599450081244,0.06476676691382965,59.98891729537404,0.06787114951786578,1.59649872206308,2.21600462388492,0.6016111246399013,0.44165300837013777,0.6737043245454011,0.049825370805845544,0.24944085307580555,1.7409196630711232,0.044926801920171525,-42.67918110198795,0.3106959588757719,-0.08948545861297527,2.20085702757861,0.9612763381144818,1.490354773915036,0.04401186087999491,-0.08916968084985151,0.01146064975472491,3.4128819473698213,0.577341783381437,0.7761339675723009,Steel,Basic Materials,TX
2022Q1,2022,Q1,2022-03-31,2022-03-31,877518000.0,4304829000.0,1059015000.0,4.47,1320644000.0,0.3067819883,17720455000.0,11415747000.0,9034686000.0,2821584000.0,4500954000.0,3780542000.0,13342014000.0,8961445500.699999,8792891500.699999,58.152320460944985,3.201990796658898,0.09151971549263267,0.14206437826626675,0.06612585771666475,58.152320460944985,0.07686908268026613,2.0817192740292354,2.5530660056830743,0.7850073675161161,0.0,0.7893537487481954,0.0,0.24292993605412502,1.8612981219059932,0.049520060291905595,15.792456971086489,0.30678198832055814,-0.22797927461139902,2.357828075076052,1.1101265096827038,1.4376787300556901,-0.17956880030067807,-0.2274138749219726,-0.21368641456478643,3.0212169258828165,0.5725081057702565,0.7333125116628433,Steel,Basic Materials,TX
2021Q4,2021,Q4,2021-12-31,2021-12-31,1135819000.0,4329677000.0,1346810000.0,5.79,1609695000.0,0.3717817749,17097907000.0,10535019000.0,8606544000.0,3213764000.0,4862869000.0,3908305000.0,12566393000.0,8543310146.56,9005422146.560001,53.66585304931374,2.6780261400650454,0.1016884113359606,0.16503615228411073,0.08256818726091561,53.66585304931374,0.10781366412343442,1.9731980345323683,1.8804294844865248,0.8109439713929325,0.13826674848721496,0.6959492670096116,0.018382336273164008,0.25322847995371595,1.4599413647050623,0.06643029465536338,8.432182414519053,0.3717817749453366,-0.05081967213114748,8.591526648714208,1.3408961153604158,1.3990671884108403,-0.18325331758387955,-0.05510859247809807,-0.22391061323744654,2.075658081794131,0.4915134134263446,0.6478333806488245,Steel,Basic Materials,TX
2021Q3,2021,Q3,2021-09-30,2021-09-30,1202063000.0,4592007000.0,1735380000.0,6.1,1970862000.0,0.42919403215195445,16174593000.0,9704380000.0,7743176000.0,3096639000.0,4908717000.0,3626356000.0,11725470000.0,8303814779.4,9128746779.4,49.434541220542584,2.500509746211941,0.10958587953341392,0.1826502053711829,0.1089522795648682,49.434541220542584,0.12386808843017277,1.8083192772571992,1.7269924245651018,0.8556770014570739,0.0,0.7228041041751003,0.0,0.2839024759386527,1.327366218664817,0.0743179751107184,17.46656537781966,0.42919403215195445,0.17307692307692296,4.252532182089891,1.474073718879492,1.25130899769171,0.31035083426857224,0.17606260786531364,0.36489227577213573,1.4605866205962001,0.5817870859957631,0.6338382533161628,Steel,Basic Materials,TX
2021Q2,2021,Q2,2021-06-30,2021-06-30,1022108000.0,3919764000.0,1271441000.0,5.2,1504072000.0,0.3837149379401413,14850579000.0,8549548000.0,6408640000.0,2845510000.0,4902822000.0,2945243000.0,10523407000.0,7549993295.88,8633397295.880001,43.55177590150091,2.2521938070855487,0.12471533938171704,0.21663075053792316,0.09408760060889823,43.55177590150091,0.11955111545078173,1.9261346590968231,1.8466720972441268,0.8830868363894793,0.40308851902147325,0.8202012533431028,0.05456958487960866,0.26394688045496406,1.214215729342016,0.06882613802465211,16.16700919888651,0.3837149379401413,0.6774193548387097,5.6378407865854445,1.1041860255384113,1.0883040242891149,0.35374534784819694,0.6952405594034445,0.4037082138681546,2.129828214471629,0.2507395602428494,0.6261350261755011,Steel,Basic Materials,TX
2021Q1,2021,Q1,2021-03-31,2021-03-31,602928000.0,3249296000.0,905773000.0,3.1,1111045000.0,0.34193406817969185,13753236000.0,7841311000.0,5538666000.0,2341149000.0,4660700000.0,2345038000.0,9913545000.0,7624590213.52,8775949213.52,39.943985278049084,2.3657896186872343,0.1444564028422111,0.25336872877507344,0.06536734512317989,39.943985278049084,0.07689122392926387,2.3465360538159654,3.1614845443900434,0.9723616642064064,0.0,0.9118193393881038,0.0,0.236256834391557,1.3613875067328052,0.043838991783461,38.48159957564501,0.34193406817969185,0.013071895424836612,5.387693481231923,0.9627255056170274,0.9259131268578946,0.6692558365247231,0.004193800902716477,0.3375463311625984,0.6440920147031555,0.09724841649633112,0.468498299523567,Steel,Basic Materials,TX
2020Q4,2020,Q4,2020-12-31,2020-12-31,600410000.0,2579676000.0,677190000.0,3.06,665593000.0,0.25801418472707427,12856235000.0,7286115000.0,4566775000.0,1853597000.0,4413082000.0,2001781000.0,9310617000.0,5708627276.24,7187795276.24,37.11579228195038,2.4637367237862384,0.15688854474113145,0.276827362730344,0.06962455397721667,37.11579228195038,0.08240468342868593,2.2129241332012235,2.376970435302543,0.7834939849618074,0.0,0.9561900127936073,0.0,0.20065563518401772,1.3802363728469564,0.04670185322530274,24.354419731567674,0.25801418472707427,3.371428571428572,5.859589225455739,0.45552805387648065,0.844902321899485,0.7420343490072707,3.123864994436584,2.3687525183936007,2.3311510699563365,-0.11595440082110053,0.4541913019736453,Steel,Basic Materials,TX
2020Q3,2020,Q3,2020-09-30,2020-09-30,145594000.0,2138644000.0,201021000.0,0.7,382078000.0,0.178654324889977,12193030000.0,6686081000.0,3967818000.0,1526382000.0,4415951000.0,1667284000.0,8710207000.0,3696473576.74,5180797576.74,34.05919252939256,2.599492132375775,0.17755914649598992,0.3238046323399313,0.018959699320724412,34.05919252939256,0.021775685936200894,1.7284193052887717,6.347228554645109,0.5528610222849528,0.0,1.0535493653150874,0.0,0.17539889592660726,1.5049614054673077,0.011940756317338676,9.504946198868604,0.178654324889977,2.4999999999999996,4.865522520344855,0.09935924291453231,0.5401060785310986,0.6123951840582706,2.305498796712528,2.0649986277559234,-0.25312663513527384,-0.13748113051933578,0.3678556187170137,Steel,Basic Materials,TX
2020Q2,2020,Q2,2020-07-20,2020-06-30,44046000.0,1745760000.0,65586000.0,0.2,236963000.0,0.1357362982311429,12389646000.0,6548335000.0,3872944000.0,1620778000.0,4773616000.0,1803893000.0,0.0,2977987475.2599998,4907884475.26,33.357508308972,2.3895585946995825,0.19245553908481325,0.36413164567787076,0.009888793345694463,33.357508308972,0.006726289965311793,1.705840135677298,16.90271236468692,0.45477017826058075,0.0,0.8364115831703987,0.0,0.14090475224231588,1.270539827169421,0.0035550652536803715,7.579504900127258,0.1357362982311429,3.0000000000000004,0.07366419656786265,-0.1254018519381325,0.4668811620473549,-0.3246570032888924,4.802970126057676,-0.5165983666971314,-0.8236078572715805,-0.22844350002452884,0.3847896212916796,Steel,Basic Materials,TX
2020Q1,2020,Q1,2020-04-08,2020-03-31,-11582000.0,2271355000.0,135676000.0,-0.1,350878000.0,0.15447959477932777,12938814000.0,6499830000.0,4335587000.0,2000652000.0,5361364000.0,2083584000.0,0.0,2336061368.2000003,4052491368.2000003,33.11042169221726,2.167087029628341,0.2027095373656349,0.4035214767155449,-0.0011230939167917084,33.11042169221726,-0.0017818927571951883,1.0284880030642503,-50.424394927473664,0.3594034564288604,0.0,0.9217180588831552,0.0,0.17554584214596486,1.1159761917614857,-0.0008951361384436008,12.614199069079286,0.15447959477932777,-1.2941176470588236,0.7293103045317503,0.06833249062239091,0.30072223991028385,0.08631632394008631,-1.1737473747374738,0.3897100246852882,-1.0443185949069203,0.11336510658155238,0.38795098910109677,Steel,Basic Materials,TX
2019Q4,2019,Q4,2020-02-14,2019-12-31,66660000.0,2339370000.0,97629000.0,0.34,322998000.0,0.13807050616191538,12935533000.0,6611665000.0,4178213000.0,1768125000.0,5220660000.0,2158298000.0,8532149000.0,4318768916.0,6326311916.0,33.68011413185785,2.363075574407918,0.19538731028709833,0.3822696703477868,0.010543797590573431,33.68011413185785,0.01008218050975057,1.8461247754737387,16.19700313531353,0.6532044373089078,0.0,0.9342417034163031,0.0,0.18084836550608313,1.1405030752916225,0.005153247260858907,52.704549699181136,0.13807050616191538,-0.31999999999999995,1.113068714196062,0.08576814560412156,0.4075754829993193,-0.2407443102483698,-0.29461810332056465,-0.5648711046138487,-0.4370835789828405,0.26481078043251177,0.5056288519521759,Steel,Basic Materials,TX
2019Q3,2019,Q3,2019-10-30,2019-09-30,94502000.0,2419500000.0,224368000.0,0.5,425414000.0,0.1758272370324447,13004074000.0,6536301000.0,4564538000.0,1913604000.0,5409277000.0,2336275000.0,0.0,3767144340.82,5821860340.82,33.29620658036615,2.3853096042859443,0.2070416547921828,0.41191263988607624,0.013382770653461806,33.29620658036615,0.01445802450040168,1.5569929079644556,9.965779403663415,0.5763419311350564,0.0,0.8535322254443505,0.0,0.1860570771898099,1.160892744789413,0.007267107215784838,15.050516743188174,0.1758272370324447,-0.4444444444444445,-0.15392053288448798,0.09067746870866848,0.21647990081008694,-0.1288605116905775,-0.47824118549927674,-0.058270479452342275,-0.5870642418310364,0.30357409359979864,0.5163496537564812,Steel,Basic Materials,TX
2019Q2,2019,Q2,2019-07-30,2019-06-30,181122000.0,2813389000.0,238251000.0,0.9,488342000.0,0.17357784508292312,13583257000.0,6630291000.0,4936343000.0,2144929000.0,5815396000.0,2447577000.0,0.0,4418885831.780001,6538963831.780001,33.77499580021521,2.301401584854324,0.21332188590703982,0.4370254638898956,0.019622519665741234,33.77499580021521,0.027317353039255744,1.5706629377522983,6.09932232387562,0.6664693648860963,0.0,0.9499382450480618,0.0,0.20712182652511102,1.1592705399572667,0.013334209902676508,-1048.122825374763,0.17357784508292312,-0.18181818181818185,0.40282855195489187,0.276641730293292,0.22474101004742275,-0.06268689947447419,-0.17001035642602488,-0.22465536767290195,0.1762543673935915,0.5102679187327314,0.619508233360161,Steel,Basic Materials,TX
2019Q1,2019,Q1,2019-04-16,2019-03-31,218222000.0,2737556000.0,307284000.0,1.1,521002000.0,0.19031647206486368,13100941000.0,6586087000.0,4656433000.0,2133887000.0,5431268000.0,2566435000.0,0.0,5482873446.54,7384770446.54,33.549818667815934,2.182136636101162,0.18061557562926206,0.359277671248497,0.02509790409899935,33.549818667815934,0.033133786419766394,2.0028351736147134,6.2813023509774455,0.8324933221410529,0.0,0.8636704222004453,0.0,0.2089587305217236,0.9779116701118663,0.016656971434342006,20.407996063990947,0.19031647206486368,-0.3840888882916417,0.45485212939011693,0.2736414420257254,0.21868455971484702,-0.17451429621672324,-0.40908167769223897,-0.2456400487057622,1.3119431289662988,0.6536108080811742,0.6176161623902087,Steel,Basic Materials,TX
2018Q4,2018,Q4,2019-02-20,2018-12-31,369293000.0,2902875000.0,407344000.0,1.785972,631146000.0,0.21742100503810877,12547862000.0,6393255000.0,4426038000.0,1826530000.0,5063286000.0,2689829000.0,0.0,5319938073.8,7182398073.8,32.56752392537596,2.423194801070883,0.16821869733664588,0.33015811194766986,0.04117642888415652,32.56752392537596,0.05776290793969582,1.832644558859751,3.6014344123771638,0.8321172976519786,0.0,0.8445626097421063,0.0,0.2313441923412929,0.947739155666756,0.029430750832293184,14.305331147532169,0.21742100503810877,-0.28561120000000007,1.9396457561695932,0.37186130570744685,0.1972309109270774,-0.29117691321115796,-0.24406839335389854,-0.40904342981824937,3.9889780047571266,0.6378863079691748,0.6188230619466605,Steel,Basic Materials,TX
2018Q3,2018,Q3,2018-10-31,2018-09-30,488527000.0,2903050000.0,689296000.0,2.5,890414000.0,0.30671672895747576,12495921000.0,5939621000.0,4659477000.0,2318225000.0,5617201000.0,2670511000.0,0.0,5983458025.440001,8207011025.440001,30.25669225225108,2.0099330306592327,0.20987752723468722,0.441545512752413,0.06968875859173931,30.25669225225108,0.08224885055797332,2.0610936861025473,3.0619894219971466,1.0073804415197536,0.0,0.7536520164118403,0.0,0.23231981060059517,0.8555640630223554,0.03909491745346341,17.45125085073804,0.30671672895747576,0.4705882352941177,4.1011868507694915,0.38290314476297693,0.13445248202287682,-0.011675673995735531,0.4959334905227057,0.05988793691992595,18.68121021674321,0.492298320872026,0.36816266603275694,Steel,Basic Materials,TX
2018Q2,2018,Q2,2018-08-01,2018-06-30,326570000.0,3133957000.0,650348000.0,1.7,900933000.0,0.287474588834499,11863791000.0,5257588000.0,4457486000.0,2777466000.0,5834042000.0,2589388000.0,0.0,6835433347.96,9466396347.96,26.78238596454694,1.604875091180234,0.24113506382571978,0.5441232747792334,0.05220758629276422,26.78238596454694,0.06211403403994379,2.181087152108341,5.23274745686989,1.3001082146337826,0.6611140031233732,0.8623752021713239,0.03158541514627368,0.264161514645698,0.6711956149958271,0.027526614384896026,16.815334189323494,0.287474588834499,-0.10526315789473682,2.2473369753044006,0.4994732967650318,0.011812165645407472,0.18884670654415753,-0.10949378824402002,0.2433264317845952,6.960462168486739,0.5700628885445459,0.1777431660118532,Steel,Basic Materials,TX
2018Q1,2018,Q1,2018-04-24,2018-03-31,366724000.0,2961313000.0,523071000.0,1.9,757821000.0,0.25590709256333255,12415591000.0,5339680000.0,4690023000.0,2847948000.0,6200102000.0,2688615000.0,0.0,6378036458.22,9232560458.220001,27.200566245809295,1.6468078068841145,0.24865235976281758,0.5781556198124232,0.05603812323931032,27.200566245809295,0.068679021963863,2.1537866676774797,4.347981355338074,1.1944604280069218,0.0,0.8195639762479938,0.0,0.23851566953196188,0.7008368832576999,0.029537377640742192,71.10963462276878,0.25590709256333255,1.0652173913043477,1.836993772482884,0.3865577577690064,-0.028787976620397972,0.2702840878613957,1.034631410167498,0.49463376442282964,9.570921074158038,0.39285443834295586,0.06855725919049327,Steel,Basic Materials,TX
2017Q4,2017,Q4,2018-02-09,2017-12-31,180241000.0,2918035000.0,349966000.0,0.92,596576000.0,0.2044444292134947,12122566000.0,5010424000.0,4395283000.0,2827274000.0,6269795000.0,2550930000.0,0.0,6201359548.0199995,9162572548.02,25.523321609458392,1.5546010043596765,0.2721323191806091,0.6584157348759306,0.02454064573980128,25.523321609458392,0.03597320306624749,2.125183401850903,8.601482942310573,1.2376915702184086,0.0,0.9100441799657379,0.0,0.2407110012847115,0.6505333405959238,0.014868221793966723,-65.67845316691378,0.2044444292134947,-0.07999999999999996,1.725297196603195,0.43893765817863745,-0.05610005669607789,0.060447588744511796,-0.07539320194113,0.00034586745558747446,1.305724844215608,0.35434302857518163,0.06668289785271651,Steel,Basic Materials,TX
2017Q3,2017,Q3,2017-10-31,2017-09-30,194938000.0,2479533000.0,349845000.0,1.0,562570000.0,0.22688546593249617,11426152000.0,4888002000.0,4298490000.0,2826782000.0,5691798000.0,2357217000.0,0.0,6071796480.54,8975727480.54,24.89969852325389,1.5206301724009845,0.287738601761993,0.6726153139871874,0.029312555031436306,24.89969852325389,0.039880916579003035,2.4487661509405196,7.7868302749335685,1.2421837144379237,0.0,0.8132314504774062,0.0,0.21700507747490144,0.6810939081966703,0.01706068674738442,41.90075482226777,0.22688546593249617,-0.23076923076923078,0.5895140247879975,0.1281090832159894,-0.14428222149006178,-0.05367557138267289,-0.21932680563064416,-0.10940578684493231,0.7452862284455746,0.11773952305005621,-0.0902872759195902,Steel,Basic Materials,TX
2017Q2,2017,Q2,2017-08-02,2017-06-30,249705000.0,2262647000.0,392822000.0,1.3,594479000.0,0.2627360785840655,9095558000.0,4728758000.0,3388543000.0,2344664000.0,3550207000.0,1963622000.0,0.0,5514282675.0199995,6950174675.0199995,24.08850253936578,1.44521475145266,0.1774745430681658,0.3413644766765396,0.05058228794067918,24.08850253936578,0.052805620418723054,2.437093667293219,5.520797215734567,1.1661164887312905,0.0,0.8495362142000854,0.0,0.24876395708762453,0.5867574202529658,0.027453510823635008,-70.76760661464816,0.2627360785840655,0.0,1.2537976225934848,0.04887364084078739,-0.1582799480951305,0.09350386096835073,-0.04450226720492854,0.07873382195847327,0.9340185265505915,0.026729535490089044,-0.1265083464376102,Steel,Basic Materials,TX
2017Q1,2017,Q1,2017-04-26,2017-03-31,261335000.0,2040081000.0,364151000.0,1.3,543646000.0,0.2664825563298712,9061708000.0,4683040000.0,3291803000.0,2255997000.0,3544124000.0,1897371000.0,0.0,5127556549.360001,6274276549.360001,23.855613023959258,1.4591344757993916,0.15810341714829038,0.30593097645973555,0.052826181922378514,23.855613023959258,0.0558045628480645,2.513408315336499,4.905156742648326,1.0949205108989033,0.0,0.7886886644731051,0.0,0.22513206119641022,0.6076967300931695,0.02883948588941511,2714.4290891265223,0.2664825563298712,1.1554046772281497,0.637611775690393,-0.06501122171141069,-0.20383136942214933,0.2555189893881133,1.2068671412526706,0.476088366436968,0.7422797941278433,-0.05085714897182601,-0.13345381855310778,Steel,Basic Materials,TX
2016Q4,2016,Q4,2017-02-22,2016-12-31,118419000.0,1849581000.0,246700000.0,0.603135,433005000.0,0.23410977945815836,8322870000.0,4391298000.0,2700314000.0,1831492000.0,3156277000.0,1647869000.0,0.0,4740830399.55,5776085399.55,22.36946647786984,1.4743793584683962,0.1464200450085127,0.2775113417490683,0.025509093967984776,22.36946647786984,0.02696674195192401,2.563191555033275,10.008593214665721,1.0795966020866723,0.0,0.8596411486592684,0.0,0.22222875041902612,0.5688247614513194,0.014228144858684564,26.684999913035647,0.23410977945815836,-0.4973875,0.13058879143059196,-0.1583624441677469,-0.23714137613596442,-0.23331143663029216,-0.48255656444720213,-0.3819335183941796,-0.05736119402985079,-0.12591185683256992,-0.17766494039833075,Steel,Basic Materials,TX
2016Q3,2016,Q3,2016-11-03,2016-09-30,228854000.0,1856051000.0,399148000.0,1.2,564773000.0,0.30428743606722014,8332749000.0,4310550000.0,2706349000.0,1855466000.0,3260043000.0,1570463000.0,0.0,3853519719.14,5103299719.139999,21.95813247813975,1.4585818333507594,0.16791781439714554,0.3246028929022978,0.04765769907637061,21.95813247813975,0.053091600839800024,2.076192798118155,4.209583095707306,0.8939740216770481,0.0,0.8222275851134347,0.0,0.2227417386507142,0.6047602057919682,0.027464405804134985,33.36554036694547,0.30428743606722014,0.4999999999999999,34.7584375,-0.24767905638198698,-0.2517705259503558,0.19373554788063765,0.48623865127092775,0.3598942469524452,1.389687807523435,-0.11584755180225342,-0.1766959295241714,Steel,Basic Materials,TX
2016Q2,2016,Q2,2016-08-03,2016-06-30,153982000.0,1862841000.0,293514000.0,0.8,473114000.0,0.25397444011593046,8146942000.0,4094015000.0,2529092000.0,1876860000.0,3321334000.0,1362221000.0,0.0,3741624342.68,5089996342.68,20.855093604642402,1.3475123344309112,0.18746935966894082,0.37305725553032903,0.030510258867737183,20.855093604642402,0.03761148896621043,2.008558080201155,6.074775530061955,0.9139254112845214,0.0,1.0201920246421101,0.0,0.22865524266651216,0.6153724838293746,0.01890058871169084,16.170836597127682,0.25397444011593046,0.6000000000000001,-0.2211960589937081,-0.20582419718727785,-0.3237778907563386,0.28321937221482374,0.6313553486105372,0.4504833066476902,0.531161595159758,-0.10870495810278556,-0.21211510233689235,Steel,Basic Materials,TX
2016Q1,2016,Q1,2016-04-27,2016-03-31,94389000.0,1655502000.0,202356000.0,0.5,368693000.0,0.2227076741677147,8014331000.0,4071477000.0,2600539000.0,1725393000.0,3229487000.0,1455321000.0,0.0,3529612050.44,4775030050.440001,20.740284035146093,1.5072154575798093,0.1783100797808326,0.35098712334614685,0.024849853179288738,20.740284035146093,0.023182987402360373,2.1320494028035,9.348578887476295,0.8669119463133403,0.0,0.8842097379203626,0.0,0.20656770976891273,0.6563490172963493,0.011777527032512133,25.2835728285614,0.2227076741677147,1.7942723432781524,-0.5338659830533706,-0.22051207115746055,-0.31258126045798384,-0.007748161863649575,1.748085976508631,0.05601653254845477,-0.2698023440219704,-0.22485426528634242,-0.2594561068615513,Steel,Basic Materials,TX
2015Q4,2015,Q4,2016-02-24,2015-12-31,-126174000.0,1809948000.0,191622000.0,-0.629507,371572000.0,0.20529429574772315,8062593000.0,4033148000.0,2582204000.0,1700617000.0,3259596000.0,1579120000.0,0.0,2491896095.92,3861516095.92,20.11802567614338,1.5183924422724222,0.18865183942684444,0.377130469796794,0.05794811318993747,20.11802567614338,-0.03128424744145268,1.3767777283767269,-4.937419943728502,0.6178538689678632,0.0,0.9108718780080045,0.0,0.22448708498618247,0.5818723439786854,-0.015649307859146554,13.139654705426398,0.20529429574772315,-7.29507,-2.611363298368104,-0.07054311283735946,-0.3211454957487074,0.14501422131008618,-6.083152042542905,0.3638382371781185,0.5028233004046797,-0.12603092683944375,-0.25599796195564445,Steel,Basic Materials,TX
2015Q3,2015,Q3,2015-11-04,2015-09-30,24822000.0,1945355000.0,140502000.0,0.1,324513000.0,0.16681428325421324,8834751000.0,4341312000.0,2903815000.0,1915226000.0,3605129000.0,1769770000.0,0.0,2412621362.62,3903867362.62,22.11483546761732,1.5161735481870025,0.1914795334922286,0.3896688374390046,0.012982330238362375,22.11483546761732,0.005717626376542391,1.2401959347368474,24.29922410180485,0.5557355386159759,0.0,0.9158489521237223,0.0,0.22019352894043082,0.584520573551111,0.0028095868236693937,17.721489945130415,0.16681428325421324,-0.5,-0.8328838147521754,0.058283363721096354,-0.23353596813745015,0.059392138939670935,-0.39493954758190325,0.3631838865226208,-0.7976027397260274,-0.11492500983869106,-0.23998847372432808,Steel,Basic Materials,TX
2015Q2,2015,Q2,2015-08-05,2015-06-30,41024000.0,1996071000.0,103069000.0,0.2,306320000.0,0.15346147506777064,9211537000.0,4464121000.0,3055847000.0,2059159000.0,3849813000.0,1816490000.0,0.0,3398085906.18,5067562906.18,22.74042994894983,1.4840267313014681,0.20988886002411974,0.43309735556003076,0.009942617698784309,22.74042994894983,0.009189715063726992,1.702387292926955,20.707914307356667,0.761199328194733,0.0,0.9302286277381103,0.0,0.2166925020221924,0.5932795864719529,0.00445354559179429,11.673380028581537,0.15346147506777064,2.0,-0.7767364155786085,0.05802743028895774,-0.18754034988000415,-0.22991060205343763,1.9587958959497043,-0.49512113879282477,-0.6297238995243382,-0.07470044724311338,-0.2053853972164323,Steel,Basic Materials,TX
2015Q1,2015,Q1,2015-04-16,2015-03-31,-42787000.0,2126075000.0,204146000.0,-0.2,397772000.0,0.18709217689874533,9860192000.0,4997093000.0,3380615000.0,2044968000.0,3901753000.0,2060162000.0,0.0,3547279741.46,5238966741.46,25.455412905449375,1.653138337617019,0.1984961347608647,0.391669716773332,-0.009909728028753452,25.455412905449375,-0.0085623781666661,1.668464067100173,-20.726387345805968,0.7098686659343743,0.0,0.8389160658239497,0.0,0.21562206902259104,0.6363058003841625,-0.004339367833810944,14.782611241983139,0.18709217689874533,-1.6373628474822572,-1.2128999591695915,0.3154020611453599,-0.08253130795235543,0.021182426621414507,0.9274246759833298,0.06726265161020493,-1.2681175313159923,-0.02559934296730732,-0.15043888357132043,Steel,Basic Materials,TX
2014Q4,2014,Q4,2014-12-31,2014-12-31,-589553000.0,2154576000.0,191280000.0,0.313793,389521000.0,0.18078777448556005,9606159000.0,4697201000.0,3348869000.0,2091386000.0,3971456000.0,2134034000.0,0.0,3462867422.28,5414476422.280001,23.927749906591785,1.6012677717073749,0.2253573983108129,0.4608742525601949,0.03236435181564845,23.927749906591785,-0.12551155464711858,1.6072152582596297,-1.4684292261594802,0.7372193402581665,-0.05704660988918723,0.8270978812896139,0.009712182390701006,0.22429110323907817,0.5717012545747174,-0.06137239660513635,34.75413665612863,0.18078777448556005,-0.47701166666666667,-4.779829563605481,0.6117105748732891,-0.09429943045217824,-0.1506672190484497,-6.2782871058427485,-0.39188158095528763,-6.628674568728665,-0.019576823888852474,-0.1839997442959298,Steel,Basic Materials,TX
2014Q3,2014,Q3,2014-10-03,2014-09-30,111694000.0,2218346000.0,314544000.0,0.6,458620000.0,0.20673961591203535,10500435000.0,5373127000.0,3648924000.0,2128890000.0,4132887000.0,2202471000.0,0.0,4721199655.900001,6499535655.900001,27.370946744120726,1.714003072023449,0.2020736283782529,0.3949024469363929,0.023755696540263584,27.370946744120726,0.020787522796315815,2.1282521553896463,10.56726336217702,0.8786689121437108,0.0,0.7989780569187971,0.0,0.21126229532395563,0.6709242844862816,0.010637083130365552,24.453938600471346,0.20673961591203535,-0.14285714285714282,0.2891582885192645,0.7714801326221272,0.0815073758151531,0.04059410658250308,-0.13490612801288804,0.359614087867628,16.452187499999997,-0.10082850310080665,-0.06732737371984031,Steel,Basic Materials,TX
2014Q2,2014,Q2,2014-07-30,2014-06-30,129112000.0,2203742000.0,231348000.0,0.7,440729000.0,0.19999119679163896,10607847000.0,5413627000.0,3494220000.0,2233784000.0,4220155000.0,2115975000.0,0.0,5482873446.54,7542009446.54,27.577255536586808,1.5642604656493198,0.21577177725131216,0.42279861541993935,0.02711135724047305,27.577255536586808,0.023849445113230002,2.4879833694416136,10.61650630177675,1.0127911373539402,0.0,0.8331917910183249,0.0,0.20774639754890883,0.6085449622703001,0.012171367102108468,-53.325488932395764,0.19999119679163896,-0.1250000000000001,-0.7744955950554344,0.9736181907027,0.10003028632607902,-0.1392314332699241,-0.13923037947678604,-0.27474615112119855,-0.3469825406138096,-0.06048955759395777,-0.10581317640545158,Steel,Basic Materials,TX
2014Q1,2014,Q1,2014-04-30,2014-03-31,149996000.0,2149393000.0,318989000.0,0.8,512018000.0,0.23821516121063016,10471781000.0,5404259000.0,3442604000.0,1972216000.0,4110100000.0,2095652000.0,0.0,5806781115.24,7590490115.24,27.529534529973912,1.7455511972319462,0.19089493945681255,0.3698952992445403,0.027278872967272612,27.529534529973912,0.0277551464502349,2.7015911539862647,9.678226611442971,1.0744823879166412,0.0,0.781320085586729,0.0,0.2052557248857668,0.6739951404917108,0.014323828964719563,-45.541952528861835,0.23821516121063016,0.25036729539302166,2.309026750169932,0.8686459049638877,0.26444107196175815,0.012253370764303507,0.19399800995024877,0.07940498709068329,-0.2592543833929101,0.012034958483077958,-0.08755743678802634,Steel,Basic Materials,TX
2013Q4,2013,Q4,2013-12-31,2013-12-31,125625000.0,2116012000.0,295523000.0,0.639812,505820000.0,0.23904401298291314,10372624000.0,5340035000.0,3219462000.0,1849159000.0,4034580000.0,1941130000.0,0.0,6144430290.1,7840905290.1,27.202374770091136,1.7410411976471467,0.19308749647148107,0.37505821591056987,0.026422244247449496,27.202374770091136,0.023525126707971016,2.9037785655752426,12.22772197034826,1.150634834809135,0.3128676616915423,0.8295127065163075,0.00639668742980569,0.20399968224048226,0.6812248162543081,0.01211120734734046,69.46234091253378,0.23904401298291314,0.31151210532896856,1.384114080290346,0.27885347103676056,0.18619520231701422,0.08872148084373654,0.28450920245398775,0.11057121382938745,0.6384047113115132,0.1096928698242498,-0.08209409132496427,Steel,Basic Materials,TX
2013Q3,2013,Q3,2013-11-06,2013-09-30,97800000.0,2143800000.0,266100000.0,0.487843,464600000.0,0.2167179774232671,10471400000.0,5346800000.0,3249100000.0,2432800000.0,4079900000.0,1831400000.0,0.0,4815393742.88,6587793742.88,26.670744461944718,1.335539296284117,0.20014515728555876,0.3919727687588838,0.020319658544212152,26.670744461944718,0.018291314431061568,2.2461954206922288,12.309288708793456,0.9006122807810278,0.0,0.91689417931637,0.0,0.20472907156636172,0.5760440644524827,0.00933972534713601,66.41922403972414,0.2167179774232671,-0.04771172296670791,-0.5379229210074981,-0.12414842656806975,-0.030831303054092166,-0.033291718684977115,-0.04771178188899708,-0.035869565217391305,-0.3552385221908705,0.14199934584606927,-0.07563561288930595,Steel,Basic Materials,TX
2013Q2,2013,Q2,2013-07-23,2013-06-30,102700000.0,2134400000.0,276000000.0,0.512285,480600000.0,0.22516866566716642,10586000000.0,5306500000.0,3338500000.0,2231600000.0,4238300000.0,1911500000.0,0.0,4586852990.72,6432752990.72,26.469721232757845,1.4960118300770748,0.21080672586434915,0.42054084613210213,0.02165898643342524,26.469721232757845,0.019353622915292565,2.1490128329835083,11.165659665822785,0.864383867091303,1.5092502434274586,0.8651844101490975,0.03379223191011178,0.2016247874551294,0.6328643126008245,0.009701492537313432,-56.00553102222223,0.22516866566716642,-0.2681642857142857,-0.752907606211234,-0.1012265495251795,-0.008729309220788196,0.004107522658231551,-0.20550806482806638,0.01543012295534315,-0.4526957531961609,0.10783540256612534,-0.054301941528004986,Steel,Basic Materials,TX
2013Q1,2013,Q1,2013-04-01,2013-03-31,129265000.0,2135730000.0,271806000.0,0.7,478634000.0,0.22410791626282348,10822286000.0,5497955000.0,3538263000.0,2231541000.0,4250596000.0,1937008000.0,0.0,3961488942.04,5646798942.04,28.006826100810994,1.5855693442334244,0.19777078521118366,0.38929602006564257,0.025041696005547127,28.006826100810994,0.023511469264481066,1.8548641176740506,7.66156527683441,0.7205386260964304,0.0,0.8554925947647093,0.0,0.19734555157755024,0.7109445894115322,0.011944334126819417,30.550778844905103,0.22410791626282348,1.5529239010834939,-0.6872758708349834,-0.10158544261341064,0.14522456266770972,0.4106305536316883,1.5093564924088092,1.2157676348547717,-0.35680199074351443,0.3213756071869427,0.009427197530005423,Steel,Basic Materials,TX
2012Q4,2012,Q4,2013-02-05,2012-12-31,-253781000.0,2070952000.0,122669000.0,-1.265997,339305000.0,0.16384010831733425,10866999000.0,5420883000.0,3655628000.0,2125446000.0,4371353000.0,2000137000.0,0.0,4721170801.2,6586167801.2,27.04028301995591,1.7199345455024497,0.2230940667244011,0.4472265865173626,0.01765502905839802,27.04028301995591,-0.046815435787859655,2.2797103946397597,-4.650831623722816,0.8709228369621702,0.0,0.865764195152632,0.0,0.190572576660769,0.7727639281355536,-0.023353365542777726,-131.40644625918503,0.16384010831733425,-3.1099950000000005,-2.5323829191121416,-0.00515066239958813,0.2174427535776207,-0.24009370471815797,-3.0693166992824525,-0.5141244504297541,-2.5932610933929334,0.5169586873718136,0.023514531350128105,Steel,Basic Materials,TX
2012Q3,2012,Q3,2012-10-11,2012-09-30,122640000.0,2197955000.0,252470000.0,0.6,446509000.0,0.20314747117206677,11126469000.0,5712166000.0,3674177000.0,2104927000.0,4298089000.0,2091498000.0,5817887000.0,3837815104.9,5809221104.9,29.09802641545177,1.745512789754704,0.2066237725553363,0.40247307238620167,0.02174103992169181,29.09802641545177,0.021469964283250872,1.7460844762062917,7.823334770262558,0.671866872373807,0.0,0.8374122279820493,0.0,0.19754290422235482,0.7518925834482622,0.011022364777181333,119.18680450000001,0.20314747117206677,0.0,-0.21634438834203423,-0.04213754123978042,0.3623530504561719,-0.046192000991171316,0.10692913812244456,-0.019827080834080683,0.41549566229164137,0.7551967163361657,0.14974942168322847,Steel,Basic Materials,TX
2012Q2,2012,Q2,2012-08-01,2012-06-30,110793000.0,2157216000.0,257577000.0,0.6,468133000.0,0.21700793986323114,11313610000.0,5617970000.0,4006098000.0,2139432000.0,4599205000.0,2221235000.0,5695248000.0,3841741258.46,5899607258.46,28.618187822485478,1.8725054126515823,0.2249457069847732,0.4530013510218104,0.019115657931771605,28.618187822485478,0.01972118042638177,1.78087927145914,8.668736423916673,0.6838308603392328,1.4721146642838447,0.7604251688812755,0.042454707130740045,0.19067441780298242,0.8309915902912549,0.009792895459539439,-51.56699675785235,0.21700793986323114,-0.25000000000000006,-0.5224515402143652,0.12337144534111509,0.39132608817619474,-0.0031854932297622164,-0.3057343200716868,-0.09043494228195503,-0.8064911895329385,0.9319506271037695,0.14155207731735528,Steel,Basic Materials,TX
2012Q1,2012,Q1,2012-03-31,2012-03-31,159583000.0,2181931000.0,283187000.0,0.8,469629000.0,0.2152354955312519,11519461000.0,5881970000.0,4052116000.0,2021034000.0,4516145000.0,2154789000.0,0.0,4648565815.04,6544471815.04,29.96301550670881,2.0049717124996413,0.22070294782021485,0.43223256834019896,0.023830711200794403,29.96301550670881,0.027130876220041924,2.1304825015273168,7.282363746514353,0.7903076375840067,0.0,0.7946494993245279,0.0,0.18941259491220988,0.932875448903878,0.013853339144947841,41.9716113497359,0.2152354955312519,0.5094339622641509,-0.26633963408513417,0.23908777959720195,0.5250606546839677,0.025511741559048447,0.5235962994433889,0.03496833187753774,2.392693244302303,0.8969338915981212,0.3762116974865384,Steel,Basic Materials,TX
2011Q4,2011,Q4,2012-01-17,2011-12-31,104741000.0,2197598000.0,273619000.0,0.53,457946000.0,0.20838479103093469,10746574000.0,5756372000.0,5554228000.0,1970600000.0,3905375000.0,2137024000.0,5572103000.0,3610098198.42,3441552198.42,29.32321373593956,2.818546635542474,0.18517948138634693,0.3457116739501895,0.023323447396754394,29.32321373593956,0.018195662128854772,1.6427473079334802,8.616726493016108,0.6271481756946911,9.547359677681137e-05,0.8140535623371568,2.77000775335602e-06,0.20449289233945628,1.7340677966101694,0.009746455009754736,12.509349526043689,0.20838479103093469,16.666666666666668,-0.23815795583685592,0.41367107562583993,0.5644607582063332,-0.17871951219512194,15.36578125,-0.22267329545454545,1.3202586481890153,0.3281615680473981,0.2786771649191327,Steel,Basic Materials,TX
2011Q3,2011,Q3,2011-11-02,2011-09-30,6400000.0,2467100000.0,352000000.0,0.03,557600000.0,0.22601434883061083,10902600000.0,5761000000.0,5583700000.0,2087300000.0,4063400000.0,2313200000.0,0.0,4089088932.74,4592388932.74,29.346788972767534,2.6750826426483973,0.18241520371287584,0.34521784412428397,0.0273927920454482,29.346788972767534,0.0011109182433605277,1.6574475832921243,159.73003643515622,0.7097880459538274,21.96390625,0.8254798547466713,0.034376606210373646,0.22628547318988132,1.5669046136156757,0.0005870159411516519,-117.27676406745633,0.22601434883061083,-0.97,-0.7460606126005188,13.450689143754072,15.375919306391298,-0.031158943101438144,-0.9676303384652735,0.009622968922542987,-0.9691200164491408,0.02932972885689075,0.06641152326536065,Steel,Basic Materials,TX
2011Q2,2011,Q2,2011-07-01,2011-06-30,197716000.0,2345628000.0,348645000.0,1.0,575533000.0,0.24536414128753578,11658866000.0,6054246000.0,5906345000.0,2014366000.0,4356905000.0,2472663000.0,5460968000.0,5796965731.34,6353908731.34,30.84059707537267,2.9321111456408615,0.1716802474614598,0.33061045091329294,0.029313248417845324,30.84059707537267,0.03265741101369188,2.471391768575409,7.32991479108924,0.957504160111763,0.0,0.7158658498954367,0.0,0.20118834884970802,1.702732274075317,0.016958424601500696,-16.71129880549686,0.24536414128753578,0.0,-0.131935985273597,0.4015877498968154,0.8867663626357013,0.2198690544066435,-0.034071034246909965,0.1979939798779482,-0.5142058688909568,0.008683867425715643,0.15495662754143844,Steel,Basic Materials,TX
2011Q1,2011,Q1,2011-04-19,2011-03-31,204690000.0,2146873000.0,291024000.0,1.0,471799000.0,0.21976101986470556,11372550000.0,5987102000.0,5717704000.0,1878490000.0,4194424000.0,2053024000.0,5311154000.0,7131836813.58,7191015813.58,30.171252021677557,3.043776650394732,0.15592211069636977,0.296175344933158,0.025617773364444735,30.171252021677557,0.03418849386564652,3.3219649292622337,8.710533994797009,1.191200152190492,0.0,0.8159057078728743,0.0,0.1887767475192459,1.8317121730751826,0.01799860189667225,51.32442509556982,0.21976101986470556,1.564102564102564,-0.0829303436472479,0.2237323260607409,0.6582853430460449,0.4604067355909119,1.6409227553640315,1.1769546093773375,-0.5101185114533039,-0.10659012616531476,0.23372990489137882,Steel,Basic Materials,TX
2010Q4,2010,Q4,2010-12-31,2010-12-31,77507000.0,1927531000.0,133684000.0,0.39,323060000.0,0.16760301131343672,11112331000.0,5880740000.0,5522932000.0,1555636000.0,4096230000.0,1953390000.0,5106464000.0,8415726189.869999,8575967189.869999,29.635254020051782,3.5502726858982436,0.1745499661592154,0.3298321299700378,0.011309422328099197,29.635254020051782,0.01317980390222999,4.366065287598487,27.14505202713948,1.4310658505341165,0.0,0.8213777074726502,0.0,0.17345874596428057,2.1765316565057637,0.006974864229656226,88.31791906589427,0.16760301131343672,-0.5125,1.9539625596799426,0.28236578793018347,1.781567830484376,-0.24709556381602713,-0.4890232325096912,-0.5003718694756827,-0.5271922334261985,-0.0645423520705141,0.3342769093991133,Steel,Basic Materials,TX
2010Q3,2010,Q3,2010-10-05,2010-09-30,151684000.0,1877234000.0,267567000.0,0.8,429085000.0,0.22857299622742822,11091793000.0,5784299000.0,5630508000.0,1687715000.0,4199463000.0,2026181000.0,5028957000.0,6545487331.599999,6248778331.599999,28.853063611970217,3.3361722802724394,0.17402885178257474,0.3337123478575364,0.023129606478491556,28.853063611970217,0.026223402351780223,3.4867722039980094,10.78803191437462,1.1315956058979662,0.0,0.7147184777667938,0.0,0.16924531498198714,1.979289749750402,0.013675336350038267,-314.59614205517636,0.22857299622742822,-0.11111111111111108,-0.10985235743740682,1.5028361564226964,0.0,-0.18680150326636355,-0.19165241117630444,-0.25507604673888534,-0.05090133213197438,-0.1989101073249835,0.35088403129292817,Steel,Basic Materials,TX
2010Q2,2010,Q2,2010-07-01,2010-06-30,187647000.0,1926640000.0,359187000.0,0.9,527651000.0,0.2738710916414068,10795649000.0,5611199000.0,5525577000.0,1552937000.0,4188142000.0,1630502000.0,4877273000.0,6599615404.4800005,6007163404.4800005,27.989611478663825,3.5581462738024787,0.18940445359051597,0.36440411398704625,0.033037950858342595,27.989611478663825,0.03344151579724761,3.425453330399037,8.792593812424393,1.1761506595078877,0.0,0.8580112137243622,0.0,0.17846449064803793,2.21453413757287,0.017381724804131738,53.40358799546853,0.2738710916414068,-0.09999999999999998,-0.5418233236019006,0.22920900530432506,1.2666359567625411,0.21292946103875207,-0.0857102485894425,0.22380996187380536,-0.20799989870340355,-0.01755373613507766,0.36076668759520014,Steel,Basic Materials,TX
2010Q1,2010,Q1,2010-04-08,2010-03-31,205238000.0,1650599000.0,293499000.0,1.0,435022000.0,0.26355401887436014,10561786000.0,5562214000.0,5192426000.0,1325233000.0,3997066000.0,1378909000.0,4689626000.0,8225462334.320001,7879169334.320001,27.74526599772787,3.9181230772249105,0.193212303297946,0.3668803465670325,0.023541325540409608,27.74526599772787,0.036898616270427564,4.983319591445288,10.019419325758387,1.4788108358146594,0.0,0.8815498339629374,0.0,0.15628029198849513,2.3554695664837806,0.019432130134051193,31.80299234574966,0.26355401887436014,0.2658227848101265,-0.5006039394007286,0.049452350382828414,0.0,0.23074268028053857,0.2885035534014716,0.3582948828900541,-0.07605803730197665,-0.0821301089422024,0.41218141136033637,Steel,Basic Materials,TX
2009Q4,2009,Q4,2010-02-09,2009-12-31,159284000.0,1365200000.0,216079000.0,0.79,353463000.0,0.25890931731614414,10292673000.0,5296342000.0,5033292000.0,1158767000.0,4031434000.0,1350568000.0,4484388000.0,7100801264.4800005,7331732264.4800005,26.41905140739605,4.343661840559837,0.2260568270263711,0.43930867757406905,0.017854066267646056,26.41905140739605,0.030074341875958917,5.201290114620568,11.144875292684766,1.3406991588685173,0.0,0.7491196296669254,0.0,0.13263804261536338,2.3445412235591796,0.015475474641038338,729.8593138534279,0.25890931731614414,0.975,2.940560020336213,-0.10097585698226867,1.4796947398191203,0.2925016089398549,0.8002260397830018,0.3600309671571898,0.13448526374268163,-0.14004666374388358,0.40951703207242585,Steel,Basic Materials,TX
2009Q3,2009,Q3,2009-11-05,2009-09-30,88480000.0,1278835000.0,158878000.0,0.4,273472000.0,0.21384463202836956,10086894000.0,5073634000.0,4606091000.0,1252324000.0,4096462000.0,1093019000.0,0.0,5332617550.400001,5254769550.400001,25.30814616358091,3.6780345980752585,0.17909566611882707,0.3560601730436212,0.01821785454794958,25.30814616358091,0.017439176732101686,4.169902724276392,15.067296424050634,1.051044980855931,0.0,0.9198037728529879,0.0,0.12678184186331293,2.033118426221968,0.008771778507834027,21.481787915678037,0.21384463202836956,-0.8576512455516014,-0.48076090151935436,0.7050162505573727,0.0,1.9855021834061135,-0.8486745339490337,4.0494817658349325,2.437745265262402,6.334910253484584,13.12230004971728,Steel,Basic Materials,TX
2009Q2,2009,Q2,2009-07-01,2009-06-30,584700000.0,1140300000.0,-52100000.0,2.81,91600000.0,0.08032973778830133,10440700000.0,5025800000.0,4611800000.0,1412100000.0,5414900000.0,1151300000.0,0.0,3460187177.4400005,4466687177.440001,25.06954206569196,3.2659160116139083,0.27033628013447375,0.5616021329937523,-0.005146387885224057,25.06954206569196,0.11633968721397589,3.0344533696746474,1.4794711721566616,0.6884848536432011,0.0,0.9108833492573613,0.0,0.10921681496451387,1.733800722328447,0.05600199220358788,9.76971039017435,0.08032973778830133,6.62,0.42765886313113866,-0.2724810920833566,1.0301648527341802,-0.29583419816578643,5.996667179408296,-0.9672997772155723,1.5137467164801526,-0.33279580965576633,0.5337047003541762,Steel,Basic Materials,TX
2009Q1,2009,Q1,2009-04-02,2009-03-31,-117018000.0,1174655000.0,-26483000.0,-0.5,130083000.0,0.1107414517454061,9808061000.0,4364747000.0,4680951000.0,1562800000.0,4556199000.0,1344973000.0,0.0,1373249256.3999999,3230449256.3999996,21.77209768048923,2.9952335551574096,0.29951047408860937,0.6730325950163892,-0.001987204504507108,21.77209768048923,-0.026809801347019654,1.1690660290893922,-2.9338419226101964,0.3146228765149503,0.0,0.7766490479734537,0.0,0.1197642429018335,1.2906821090350653,-0.011930798554372776,4.026828697016347,0.1107414517454061,0.6998889589147985,-1.284734445956429,-0.25315327911931285,0.0,-0.6074696133930404,0.6496393636992392,-1.1491621842349826,-1.518946864896753,-0.33724206897121256,0.196647406113001,Steel,Basic Materials,TX
2008Q4,2008,Q4,2009-02-25,2008-12-31,-333993000.0,1689736000.0,177545000.0,-1.66605,331396000.0,0.19612294464934169,10671247000.0,4597370000.0,5179839000.0,1734819000.0,5109783000.0,1826547000.0,3766988000.0,1718065128.0800002,3919840128.08,22.93246062448769,2.985809470613361,0.30618043045953297,0.7106948102937114,0.01590769643239521,22.93246062448769,-0.07264871002333943,1.0167654166568032,-1.2860038444518298,0.3737060815379228,-0.058668894258262896,0.7436655065541703,0.011405271942105083,0.15834475577221668,1.9289868280206754,-0.03129840401969892,3.062209926459842,0.19612294464934169,-2.514590909090909,-3.069043110872108,0.11274059429109973,1.1524429891427381,-0.5364293437892113,-2.5780215730464486,-0.6617430203359993,-3.069043110872108,0.11274059429109973,1.1524429891427381,Steel,Basic Materials,TX
2008Q3,2008,Q3,2008-11-06,2008-09-30,211653000.0,2447675000.0,524882000.0,1.1,714877000.0,0.29206369309651,12428403000.0,5516893000.0,5886482000.0,2108851000.0,5696384000.0,2761104000.0,4100981000.0,3536367428.1600003,6131058428.16,27.519197169688706,2.7913219094189206,0.2580510947383988,0.581335001421996,0.044095213143859155,27.519197169688706,0.03836452873021101,1.444786349560297,4.177081624356848,0.6410070719442991,0.0,0.6275743325858063,0.0,0.19694203672024474,0.8143036184159052,0.017029782507052595,-19.669871003081443,0.29206369309651,-0.47619047619047616,0.24207180052807512,2.263380851386627,0.0,-0.09586149503207399,-0.4907707261677341,-0.14004099240280687,0.24207180052807512,2.263380851386627,0.0,Steel,Basic Materials,TX
2008Q2,2008,Q2,2008-07-14,2008-06-30,415634000.0,2374792000.0,610357000.0,2.1,790672000.0,0.3329436851732699,12434102000.0,5353230000.0,5658016000.0,1876994000.0,5885277000.0,2337968000.0,3797633000.0,8419922448.0,10896975448.0,26.70281839156436,3.0144028164181664,0.2546075301618082,0.591384267068667,0.050469054137970454,26.70281839156436,0.0776417228477013,3.545541019171363,5.0645053388317605,1.5728676795131162,0.0,0.6775627382410708,0.0,0.19099022993377407,1.0658979197589338,0.033426941487209934,-20.28383769889546,0.3329436851732699,0.0,0.014851315065243254,0.5151329320084024,1.1624297414545337,0.1965628811748433,-0.01537696180041457,0.40358740269745086,0.014851315065243254,0.5151329320084024,1.1624297414545337,Steel,Basic Materials,TX
2008Q1,2008,Q1,2008-04-10,2008-03-31,422125000.0,2427678000.0,434855000.0,2.1,660786000.0,0.27218848628195336,13221104000.0,4902663000.0,4682762000.0,2118469000.0,7886400000.0,2128354000.0,3381999000.0,7193019462.72,9371989462.720001,24.455313843052156,2.210446317600116,0.24019196884012106,0.6477302233500447,0.05850017681234312,24.455313843052156,0.0861011658357917,2.9629215500243444,4.260005604216761,1.4671657959602773,0.0,0.8301682896736163,0.0,0.18362142828617034,1.1711953302125262,0.03192812037481892,-196.77790290310227,0.27218848628195336,1.530120481927711,0.027137090014848264,0.543519887672708,0.0,0.27265373570689827,1.5488793082626864,0.5109309743368797,0.027137090014848264,0.543519887672708,0.0,Steel,Basic Materials,TX
2007Q4,2007,Q4,2007-12-31,2007-12-31,165612000.0,2081674000.0,287806000.0,0.83,519219000.0,0.2494237810531332,13767310000.0,4452680000.0,4378871000.0,1771586000.0,7400420000.0,1913051000.0,2959874000.0,8041025937.84,10999885937.84,22.210722385503853,2.4717236419795596,0.2967101779505219,0.9174027776530089,0.037219343978080625,22.210722385503853,0.0371937799257975,3.8627690684708558,12.138350388015361,1.805884531976248,0.12076419583121996,0.8167346296570243,0.0024872448061487597,0.15120412048541074,1.3915457674648593,0.012029365213683718,20.4463705656616,0.2494237810531332,0.037499999999999895,3.017654165439849,0.37084323461199314,1.0847005676932873,-0.19174495442835016,0.036247254706887166,-0.3346464429294365,3.017654165439849,0.37084323461199314,1.0847005676932873,Steel,Basic Materials,TX
2007Q3,2007,Q3,2007-11-07,2007-09-30,159819000.0,2343350000.0,432561000.0,0.8,642395000.0,0.27413531909445876,13724994000.0,4281862000.0,4502384000.0,1898195000.0,7585786000.0,1982507000.0,2794262000.0,6369069908.88,9424099908.880001,21.358653254902283,2.3719291221397167,0.3011862883145887,0.9654164473306239,0.04111429704021135,21.358653254902283,0.037324649883625396,2.7179336884716325,9.962942311114448,1.4874533342924177,0.0,0.8579818381473558,0.0,0.1707359580630782,1.3269511298891843,0.011644376675137345,184.47169984591324,0.27413531909445876,-0.33333333333333326,-0.06211264150001917,2.1242887712203835,0.0,-0.015220963815527254,-0.3254533022690438,-0.04008867664093949,-0.06211264150001917,2.1242887712203835,0.0,Steel,Basic Materials,TX
2007Q2,2007,Q2,2007-07-02,2007-06-30,236928000.0,1961064000.0,450626000.0,1.2,652324000.0,0.3326377925452713,8923003000.0,4123557000.0,2829578000.0,1451605000.0,2984134000.0,1215880000.0,2634443000.0,6072367879.76,5908878879.76,20.569001088737817,1.949275457166378,0.06358330261684324,0.1375884945933814,0.08327928989480039,20.569001088737817,0.05745719047899665,3.096465938776093,6.407397901218936,1.4726043267402391,0.0,1.0763726683554298,0.0,0.21977623452552913,1.1107036693866443,0.026552495835762916,22.306429900854074,0.3326377925452713,0.09090909090909079,-0.4214941694476922,0.25117174395741854,0.6657050598205255,0.13565562853954455,0.0666042416030036,0.08475841084599534,-0.4214941694476922,0.25117174395741854,0.6657050598205255,Steel,Basic Materials,TX
2007Q1,2007,Q1,2007-04-30,2007-03-31,222133000.0,1798293000.0,415416000.0,1.1,574403000.0,0.3194156903241018,9041230000.0,3938739000.0,2979230000.0,1629312000.0,3354850000.0,1181399000.0,2397517000.0,5601253171.360001,5577077171.360001,19.64709758571401,1.8285202588577265,0.10612648942677047,0.24360943946780936,0.06424711645659288,19.64709758571401,0.05639698390779384,3.1147611492454237,6.303940850031288,1.422093002699595,0.0,1.0359666801817167,0.0,0.19889915420800047,1.0974128957498626,0.024568891622047,13.089853826897372,0.3194156903241018,0.5714285714285716,-0.4594941232661693,0.14335633035460923,0.0,0.3241560393556299,0.5821213373028874,0.6029387364513676,-0.4594941232661693,0.14335633035460923,0.0,Steel,Basic Materials,TX
