Quarters,Year,Quarter,FillingDate,Date,NetIncome,Revenue,OperatingIncome,EPSDiluted,GrossProfit,GrossProfitRatio,TotalAssets,CommonStockEquity,CurrentAssets,CurrentLiability,TotalLiability,Inventory,RetainedEarnings,MarketCap,EnterpriseValue,bookValuePerShare,currentRatio,debtToAssets,debtToEquity,roic,shareholdersEquityPerShare,roe,priceToSalesRatio,peRatio,pbRatio,payoutRatio,inventoryTurnover,dividendYield,assetTurnover,quickRatio,returnOnAssets,priceToFreeCashFlowsRatio,grossProfitMargin,epsdilutedGrowth,fiveYNetIncomeGrowthPerShare,fiveYRevenueGrowthPerShare,fiveYShareholdersEquityGrowthPerShare,grossProfitGrowth,netIncomeGrowth,operatingIncomeGrowth,threeYNetIncomeGrowthPerShare,threeYRevenueGrowthPerShare,threeYShareholdersEquityGrowthPerShare,Industry,Sector,Symbol
2024Q1,2024,Q1,2023-06-08,2023-04-30,1450000.0,121815000.0,1975000.0,0.13,27906000.0,0.229085088,364068000.0,231031000.0,169228000.0,39757000.0,133037000.0,73188000.0,180152000.0,172103680.0,234286680.0,21.048742711370263,4.256558593455241,0.25588351626619205,0.4032316009539845,0.003930308557802731,21.048742711370263,0.006276214014569474,1.4128283052169273,29.673048275862072,0.7449376057758482,1.6855172413793102,1.2831201836366617,0.014200742250252871,0.3345940868189459,2.2257464094373316,0.0039827724491029145,8.967469779074614,0.2290850880433444,1.0812499999999998,-0.7830234324250088,-0.08738705893517085,0.050997045999101674,35.14766839378238,1.0811052690457545,1.0834530550156343,1.0447626718832592,0.2518313817177138,0.04307439792314433,"Furnishings, Fixtures & Appliances",Consumer Cyclical,HOFT
2023Q4,2023,Q4,2023-04-14,2023-01-29,-17878000.0,131299000.0,-23666000.0,-1.6,772000.0,0.0058797097,381716000.0,236021000.0,187303000.0,50038000.0,145695000.0,96675000.0,184386000.0,228903000.0,305246000.0,21.137470893784705,3.7432151564810745,0.2497799411080489,0.4039682909571606,-0.04443295948462976,21.137470893784705,-0.07574749704475449,1.7433719982635054,-3.200903344893165,0.969841666631359,-0.13899765074393108,1.3501629169899148,0.010856126831015757,0.3439703863605403,1.6829209800551581,-0.046835867503589056,12.240147585690604,0.005879709670294519,-4.809523809523809,-3.2065045997969466,-0.21301020267845255,0.08211396578614544,-0.9758810297425644,-4.693038628382566,-4.687441570582736,-3.690577673998543,-0.15917744467293662,-0.09087307489130106,"Furnishings, Fixtures & Appliances",Consumer Cyclical,HOFT
2023Q3,2023,Q3,2022-12-08,2022-10-30,4841000.0,151580000.0,6418000.0,0.42,32008000.0,0.2111624225,400251000.0,259589000.0,226417000.0,59536000.0,140662000.0,133943000.0,207725000.0,173121500.0,245654500.0,22.641866550370693,3.803026740123623,0.19747858218967598,0.30448516693696576,0.012800985430968248,22.641866550370693,0.01864871007631294,1.1421130756036417,8.94037905391448,0.6669061477951685,0.47985953315430696,0.8927080922481951,0.013418321814448235,0.3787123579953579,1.4203171190540178,0.01209491044369658,29.797160068846814,0.2111624224831772,-0.0869565217391305,-0.31527913031862426,-0.022317442400641485,0.18756168070139362,0.030687489937208177,-0.12664622045823562,-0.11973666163763544,0.2698485408118764,-0.014618912470899133,-0.008609454053326863,"Furnishings, Fixtures & Appliances",Consumer Cyclical,HOFT
2023Q2,2023,Q2,2022-09-08,2022-07-31,5543000.0,152908000.0,7291000.0,0.46,31055000.0,0.2030959793,412631000.0,264828000.0,236991000.0,64354000.0,147803000.0,131088000.0,210994000.0,199041760.00000003,269119760.0,22.2994274166386,3.682614911272027,0.19807285443895392,0.3086191792408658,0.013986823791882652,22.2994274166386,0.02093056625432356,1.3017092630863005,8.977167598773228,0.7515888048091591,0.43406097780985026,0.929551141218113,0.01208791562132489,0.370568377072978,1.5055629797681573,0.013433309664082438,-10.165564862104189,0.20309597928165957,0.7692307692307693,-0.30601131768654954,-0.047369570608721163,0.23783432084469486,0.054176991751247495,0.7419861722187303,0.8585266377772113,0.3224663874459154,-0.0031915606344642715,-0.016058102293916618,"Furnishings, Fixtures & Appliances",Consumer Cyclical,HOFT
2023Q1,2023,Q1,2022-06-09,2022-05-01,3182000.0,147314000.0,3923000.0,0.26,29459000.0,0.1999742048,387071000.0,262262000.0,214097000.0,66978000.0,124809000.0,107681000.0,208678000.0,205044480.0,249662480.0,22.10197202090005,3.1965272178924424,0.14136424583603524,0.2086386895547201,0.008047850023319708,22.10197202090005,0.012132905262676255,1.3918872612243236,16.109717159019485,0.781830688395574,0.7504714016341923,1.0944827778345299,0.011646253534842782,0.38058650738495003,1.4668249275881633,0.008220714029209111,-6.646929460580913,0.19997420475990063,1.787878787878788,-0.3477909915392482,0.09499373477372229,0.2640430015074458,0.7967187118809466,1.8009061162849231,1.7357464366091524,0.5883182537157292,0.07815762140330854,-0.017020093892523427,"Furnishings, Fixtures & Appliances",Consumer Cyclical,HOFT
2022Q4,2022,Q4,2022-04-15,2022-01-30,-3973000.0,134805000.0,-5332000.0,-0.33,16396000.0,0.1216275361,374559000.0,261128000.0,227714000.0,56937000.0,113431000.0,75023000.0,207884000.0,261460520.0,246135520.0,22.011969990727472,3.9994028487626676,0.14427900544373518,0.20695214607395607,-0.011145427014444646,22.011969990727472,-0.015214760577188199,1.9395461592670895,-16.452335766423356,1.0012733984865658,-0.6003020387616411,1.5783026538528184,0.009121836061520875,0.3599032462175518,2.5897746632242655,-0.010607140664087633,18.452997388665395,0.12162753607062053,-2.3,-1.3519282599365496,-0.24623258890327293,0.2830593995918841,-0.18048682960963663,-2.259228876127974,-2.3429467084639497,-1.2681397573288786,-0.33324029584671916,-0.016145837762838407,"Furnishings, Fixtures & Appliances",Consumer Cyclical,HOFT
2022Q3,2022,Q3,2021-12-09,2021-10-31,-1219000.0,133428000.0,-1595000.0,-0.1,20007000.0,0.1499460383,367385000.0,267353000.0,218289000.0,41826000.0,100032000.0,77864000.0,214242000.0,306421290.0,304025290.0,22.536710781421224,5.218978625735189,0.1492249275283422,0.20505848073520777,-0.003179606271396567,22.536710781421224,-0.0045595149484015515,2.296529139311089,-62.84275840853158,1.1461299854499483,-1.7653814602132896,1.4566551936710161,0.0070230107052940095,0.36318303686868,3.2014058241285324,-0.003318045102549097,13.915589918256131,0.1499460383127979,-1.161290322580645,-1.1835425593558142,-0.1069295859382898,0.38410778907355647,-0.36920263581044865,-1.163251640551761,-1.1650967808715453,-1.1295246842081474,-0.22843545255078754,0.0586019268195454,"Furnishings, Fixtures & Appliances",Consumer Cyclical,HOFT
2022Q2,2022,Q2,2021-09-09,2021-08-01,7467000.0,162519000.0,9661000.0,0.62,31717000.0,0.1951587199,368008000.0,270431000.0,247083000.0,64928000.0,97577000.0,103595000.0,217613000.0,391761000.0,382093000.0,22.821181434599158,3.805492237555446,0.0753869481098237,0.10258809086236415,0.02291548499399245,22.821181434599158,0.0276114794531692,2.41055507356063,13.116412213740459,1.448654185355969,0.2872639614302933,1.2626285052367392,0.005475277018386209,0.44161811699745657,2.0900844011828488,0.02029031977565705,-18.035217751588252,0.19515871990351896,-0.20512820512820515,0.3586184096873663,0.16163308179502278,0.4424897812409958,-0.05553570365076529,-0.20925553319919518,-0.21089602221677695,-0.14755681495514353,-0.04373460087979638,0.10651345811211238,"Furnishings, Fixtures & Appliances",Consumer Cyclical,HOFT
2022Q1,2022,Q1,2021-06-10,2021-05-02,9443000.0,162861000.0,12243000.0,0.78,33582000.0,0.2062003795,367315000.0,264563000.0,240647000.0,63645000.0,102752000.0,81475000.0,212291000.0,460540360.0,433305360.0,22.35806642440632,3.7810825673658575,0.09354641111852224,0.12987832765730659,0.028395730593116744,22.35806642440632,0.035692821747561075,2.8278124290038744,12.192638991845811,1.7407587606732613,0.22662289526633486,1.586732126419147,0.004646715436623187,0.44338238296829696,2.4028910362165137,0.025708179627839865,-236.1745435897436,0.20620037946469688,0.09859154929577474,2.675691540606778,0.3008534286352254,0.4450507677116265,-0.0008628127696289905,0.10755336617405582,0.16323040380047507,0.31070228322630183,0.13175438096003245,0.11637365179105347,"Furnishings, Fixtures & Appliances",Consumer Cyclical,HOFT
2021Q4,2021,Q4,2021-04-16,2021-01-31,8526000.0,155260000.0,10525000.0,0.71,33611000.0,0.2164820301,352273000.0,257503000.0,223722000.0,54110000.0,94770000.0,70159000.0,204988000.0,365994690.0,336244690.0,21.761429899433786,4.134577712068009,0.10245179165022582,0.1401575903970051,0.025564717070945046,21.761429899433786,0.033110293860654054,2.357301880716218,10.731723258268824,1.4213220428499862,0.2508796622097115,1.733904417109708,0.0058443470860191984,0.44073772329982713,2.756070966549621,0.024202819972010344,4159.030568181818,0.21648203014298595,-0.15476190476190477,0.8754570466331966,1.337352364644185,0.5044377979443366,0.0038228354687453335,-0.1552561181016546,-0.1926823655749022,-0.007034883990691141,-0.1218473332457433,0.11405699044996374,"Furnishings, Fixtures & Appliances",Consumer Cyclical,HOFT
2021Q3,2021,Q3,2020-12-10,2020-11-01,10093000.0,149687000.0,13037000.0,0.84,33483000.0,0.2236867597,369257000.0,251136000.0,237797000.0,74835000.0,118121000.0,64083000.0,198601000.0,328247420.0,297823420.0,21.223358404462097,3.1776174250016704,0.17183154280081353,0.2526519495412844,0.0285354674734555,21.223358404462097,0.04018937945973496,2.1928919679063648,8.130571187952045,1.3070504427879714,0.18854651738828893,1.813335830095345,0.00579745607749179,0.40537349325808314,2.2605866239059265,0.02733326653252342,22.98490441845809,0.22368675970525162,0.75,0.9872160971650285,1.0884499032505637,0.5013599091649897,0.2401111111111111,0.7480083131278144,0.7354898828541001,0.3831776096825411,-0.0645528774266275,0.11316119282217102,"Furnishings, Fixtures & Appliances",Consumer Cyclical,HOFT
2021Q2,2021,Q2,2020-09-09,2020-08-02,5774000.0,130537000.0,7512000.0,0.48,27000000.0,0.206837908,357678000.0,242454000.0,223363000.0,71040000.0,115224000.0,67707000.0,190411000.0,252087680.0,236332680.0,20.505243572395127,3.144186373873874,0.18579560386716543,0.2740932300560106,0.01687162086713148,20.505243572395127,0.02381482673001889,1.9311588285313743,10.91477658468999,1.0397340526450378,0.32940768964322825,1.5291919594724326,0.007544993868799935,0.3649567488075867,2.1019847972972974,0.016143011311850322,7.383939074399532,0.2068379080260769,1.1627118644067795,0.33713806387366835,0.9794538822472417,0.48570150944159984,0.4474883396772637,1.1658290014072776,7.464716006884681,-0.2739106666351192,-0.18316631827023594,0.1382397304180129,"Furnishings, Fixtures & Appliances",Consumer Cyclical,HOFT
2021Q1,2021,Q1,2020-07-27,2020-05-03,-34819000.0,104597000.0,-1162000.0,-2.95,18653000.0,0.1783320745,339482000.0,238078000.0,204305000.0,57513000.0,101404000.0,82050000.0,186540000.0,167295640.0,182968640.0,20.17952195287337,3.552327299914802,0.19710323375024302,0.28105494837826256,-0.0025763080053970745,20.17952195287337,-0.14625038852812944,1.599430576402765,-1.2011806772164622,0.7026925629415569,-0.054395588615411126,1.0474588665447897,0.01132127531835259,0.3081076463553296,2.029280336619547,-0.10256508445219481,9.021550905953408,0.17833207453368644,-6.0,-10.142794939859368,0.564390499474714,0.4880057732393616,-0.40247301150014414,-5.9627993158494865,-1.1285398230088495,-8.177924136934363,-0.21804314196258914,0.15409536643041613,"Furnishings, Fixtures & Appliances",Consumer Cyclical,HOFT
2020Q4,2020,Q4,2020-04-17,2020-02-02,7016000.0,164882000.0,9040000.0,0.59,31217000.0,0.1893293386,393708000.0,274121000.0,221967000.0,50129000.0,119587000.0,92813000.0,223252000.0,283785300.0,317971300.0,23.250296861747245,4.427915976779908,0.17834791266623995,0.2561533045625837,0.018268156760191497,23.250296861747245,0.025594536719186052,1.7211417862471343,10.112075969213228,1.0352555988049073,0.270096921322691,1.4401538577569952,0.00667758337024504,0.41879260771942656,2.4822956771529454,0.017820313531856095,19.659528922757186,0.18932933855727127,0.7878787878787877,0.48783989712950104,1.3154825174808726,0.7482991979255044,0.0992288460861298,0.789795918367347,0.8105347486481074,-0.37467486892433477,-0.07234748096791783,0.35524044164756685,"Furnishings, Fixtures & Appliances",Consumer Cyclical,HOFT
2020Q3,2020,Q3,2019-12-13,2019-11-03,3920000.0,158176000.0,4993000.0,0.33,28399000.0,0.1795405118,402441000.0,269243000.0,227183000.0,62027000.0,133198000.0,103615000.0,218131000.0,280342420.0,328629420.0,22.83849351089999,3.6626469118287197,0.1808588091173613,0.2703320049174909,0.010229937975557442,22.83849351089999,0.014559338590046909,1.7723448563625328,17.87898086734694,1.0412245443706987,0.4528061224489796,1.2524923997490711,0.006331542689829102,0.39304146446311383,1.925758137585245,0.009740558243320138,19.31797271223815,0.17954051183491807,-0.05714285714285704,0.11481226971671782,1.281663749362632,0.7517893927287299,-0.01481301602719767,-0.057692307692307696,-0.1343619972260749,-0.40606802395073066,0.0653612035286763,0.4026419855909906,"Furnishings, Fixtures & Appliances",Consumer Cyclical,HOFT
2020Q2,2020,Q2,2019-09-12,2019-08-04,4160000.0,152248000.0,5768000.0,0.35,28826000.0,0.1893358205,400610000.0,267133000.0,224002000.0,59363000.0,133477000.0,113593000.0,215986000.0,230671590.0,292939590.0,22.663357936709936,3.7734278927951754,0.18860487756171837,0.2828441263340733,0.011503440661551543,22.663357936709936,0.015572767123492792,1.5151042378225001,13.862475360576923,0.8635084021816848,0.42620192307692306,1.0865282191684347,0.007686252130138783,0.3800404383315444,1.7425500732779677,0.01038416414967175,-20.223705944239875,0.1893358205033892,1.0588235294117645,0.6669474725676534,1.525519144228083,0.7643552645354744,0.1296782537132108,1.093608454957222,0.9855421686746988,-0.23904365743647876,0.09403569860050012,0.43251401449126214,"Furnishings, Fixtures & Appliances",Consumer Cyclical,HOFT
2020Q1,2020,Q1,2019-06-14,2019-05-05,1987000.0,135518000.0,2905000.0,0.17,25517000.0,0.1882923302,401919000.0,264622000.0,224220000.0,60161000.0,137297000.0,110765000.0,213599000.0,356836080.0,406600080.0,22.484663097969243,3.726999218762986,0.19411373933553774,0.2948280944139187,0.00596663811769303,22.484663097969243,0.007508823907309294,2.6331268171017874,44.89633618520383,1.3484747299922153,0.8897835933568193,0.9931025143321446,0.004954655930532585,0.3371773914644493,1.770216585495587,0.004943782204872126,19.022126979050057,0.1882923301701619,-0.8629032258064516,-0.3542906125997249,1.0112874730100019,0.7654526802066348,-0.41394120349104274,-0.8647563299754969,-0.8484295105916727,-0.2223534709830912,0.08833740115093314,0.4532329878038855,"Furnishings, Fixtures & Appliances",Consumer Cyclical,HOFT
2019Q4,2019,Q4,2019-04-19,2019-02-03,14692000.0,200475000.0,19166000.0,1.24,43540000.0,0.2171841876,369716000.0,263176000.0,234931000.0,64415000.0,106540000.0,105204000.0,213380000.0,350066880.0,374088880.0,22.373204114596618,3.6471474035550724,0.09590334202468923,0.13472733075964374,0.049876724486336635,22.373204114596618,0.05582575918776788,1.7461872053872054,5.956760141573645,1.330162628811138,0.12033759869316635,1.4917208471160792,0.005050463500003199,0.54224053056941,1.9248932702010402,0.03973861017645977,-24.992281002355966,0.21718418755455793,0.5696202531645569,5.70049417295573,2.1745897794935702,0.7798583186200168,0.21497935037392565,0.574367766823832,0.5631677677187832,2.251018799414697,2.0359988077079065,0.5467317215216032,"Furnishings, Fixtures & Appliances",Consumer Cyclical,HOFT
2019Q3,2019,Q3,2018-12-06,2018-10-28,9332000.0,171474000.0,12261000.0,0.79,35836000.0,0.2089879515,360282000.0,250424000.0,227837000.0,65849000.0,109858000.0,100743000.0,200457000.0,339009660.0,347246660.0,21.289126923403895,3.459991799419885,0.10460139557346745,0.15048877104430886,0.03280240962956681,21.289126923403895,0.037264798901063795,1.9770324364043528,9.081913309044149,1.3537426923937002,0.17681097299614232,1.3463764231758037,0.004867117945842605,0.4759438439888754,1.8288356694862489,0.025901932375194985,88.67634318597959,0.20898795152617888,0.06756756756756763,3.020663941451095,1.6440266812895057,0.7053309913322182,0.005358395286856501,0.07350741976302773,0.03337547408343868,0.8483164162475266,1.40666157467056,0.5060124347334037,"Furnishings, Fixtures & Appliances",Consumer Cyclical,HOFT
2019Q2,2019,Q2,2018-09-06,2018-07-29,8693000.0,168661000.0,11865000.0,0.74,35645000.0,0.2113410925,350050000.0,242543000.0,217417000.0,59804000.0,107507000.0,98465000.0,192775000.0,529200000.0,539532000.0,20.624404761904763,3.635492609190021,0.11302099700042852,0.16311746783044656,0.03158941774372542,20.624404761904763,0.03584106735712843,3.137654822395219,15.21914183826067,2.1818811509711677,0.18969285632117797,1.3508962575534453,0.003116024187452759,0.48181974003713757,1.8864122801150425,0.024833595200685617,-38.97768284598954,0.21134109248729702,0.21311475409836067,3.6953256480317243,1.7806745846201992,0.665247434802347,0.11509103422386285,0.21512440592675428,0.26492537313432835,1.0240733710955179,1.5714822486194344,0.4943352990621074,"Furnishings, Fixtures & Appliances",Consumer Cyclical,HOFT
2019Q1,2019,Q1,2018-06-08,2018-04-29,7154000.0,142892000.0,9380000.0,0.61,31966000.0,0.2237074154,344274000.0,235322000.0,211139000.0,59935000.0,108952000.0,84203000.0,185728000.0,443562500.0,438434500.0,20.027404255319148,3.5227996996746476,0.1203401941476847,0.1760566372884813,0.026932319381106518,20.027404255319148,0.030400897493647,3.1041800800604653,15.500506709533127,1.884917262304417,0.23022085546547386,1.3173639894065532,0.0037131182189657605,0.41505312628894425,2.0250437974472346,0.020779960148021633,15.72414832145769,0.22370741539064468,-0.18666666666666668,2.0691706731250377,1.3151197268190178,0.6243638382570368,-0.18618091091932076,-0.16072266541529798,-0.3899583766909469,0.8861757035003432,1.1458748088959878,0.4767888567682393,"Furnishings, Fixtures & Appliances",Consumer Cyclical,HOFT
2018Q4,2018,Q4,2018-04-13,2018-01-28,8524000.0,175518000.0,15376000.0,0.75,39279000.0,0.2237890131,349716000.0,229460000.0,213149000.0,59987000.0,120256000.0,84459000.0,180122000.0,455783599.99999994,478174599.99999994,19.533497914361114,3.5532532048610532,0.15242654039277584,0.23231064237775648,0.029958024131258646,19.533497914361114,0.03714808681251634,2.596791212297314,13.367656030032848,1.986331386734071,0.19321914594087283,1.6130785351472312,0.003613556959925719,0.5018872456507566,2.056712287662327,0.02437406352583239,205.03085919928023,0.22378901309267427,0.2295081967213115,1.102527771034184,1.6843673726711923,0.5971721939210145,0.1458953264484509,0.18356012218828102,0.37224453369031685,0.8142490208582903,1.4738693357773514,0.4688156000512531,"Furnishings, Fixtures & Appliances",Consumer Cyclical,HOFT
2018Q3,2018,Q3,2017-12-08,2017-10-29,7202000.0,157934000.0,11205000.0,0.61,34278000.0,0.2170400294,342517000.0,222670000.0,201931000.0,57275000.0,119847000.0,83550000.0,173245000.0,545993250.0,568822250.0,19.065844678482748,3.5256394587516366,0.16111901015132096,0.2478376072214488,0.02591296308090263,19.065844678482748,0.03234382718821575,3.45709758506718,18.95283428214385,2.4520287869942066,0.1931407942238267,1.4800239377618192,0.002547650543298841,0.4610982812531933,1.9757485814054998,0.021026693565574846,53.861423498076356,0.217040029379361,-0.08955223880597023,1.7167094328195696,1.5527895257911224,0.5941351648566476,0.03505752332638826,-0.0740550269992286,-0.05002119542178889,1.067474202499038,1.299630170597769,0.46241451763179015,"Furnishings, Fixtures & Appliances",Consumer Cyclical,HOFT
2018Q2,2018,Q2,2017-09-08,2017-07-30,7778000.0,156308000.0,11795000.0,0.67,33117000.0,0.2118701538,312859000.0,208342000.0,207471000.0,50817000.0,104517000.0,82036000.0,167434000.0,488043000.00000006,486905000.00000006,18.014872460008647,4.082708542416908,0.14281193764603223,0.21445507866872737,0.030185076179100413,18.014872460008647,0.03733284695356673,3.1223161962279606,15.686648238621753,2.3425089516276123,0.17870917973772177,1.5016699985372275,0.0028481096952522626,0.4996116461409133,2.384812169155991,0.024861039637664253,-102.63785488958992,0.21187015379890983,0.6341463414634149,3.9140607538888514,1.90052988120349,0.5246326441318994,0.17674021959279396,0.6388537715971344,0.6593978615644345,2.1765388374344643,1.6426394948924834,0.4024680346801952,"Furnishings, Fixtures & Appliances",Consumer Cyclical,HOFT
2018Q1,2018,Q1,2017-06-08,2017-04-30,4746000.0,130872000.0,7108000.0,0.41,28143000.0,0.2150421786,310583000.0,201831000.0,206221000.0,53396000.0,108752000.0,79444000.0,161047000.0,506737700.0,499089700.0,17.48514251061249,3.8621057757135366,0.14854000379930646,0.22857737413975057,0.019215492071564227,17.48514251061249,0.02351472271355738,3.872010055626872,26.69288348082596,2.5107030139076754,0.292456805731142,1.2930995418156186,0.0027390896710467764,0.42137528454551604,2.3080005992958275,0.015280939394622372,29.852,0.2150421786172749,-0.568421052631579,3.342153890058146,1.3609234729423205,0.4820785704396094,-0.2984944413978763,-0.5677201930959104,-0.5832551594746717,0.5724897897744624,0.9803628541371031,0.3728998995739373,"Furnishings, Fixtures & Appliances",Consumer Cyclical,HOFT
2017Q4,2017,Q4,2017-04-14,2017-01-29,10979000.0,173927000.0,17056000.0,0.95,40118000.0,0.2306599895,318696000.0,197927000.0,211917000.0,64060000.0,120769000.0,75303000.0,157688000.0,379567300.0,387364300.0,17.15584640721158,3.308101779581642,0.14932412079222834,0.2404371308613782,0.04447036823618797,17.15584640721158,0.0554699459901883,2.1823368424683918,8.643029875216323,1.9177136014793332,0.12642317150924492,1.7769411577227998,0.0036567955142605807,0.5457457890905439,2.066344052450827,0.034449757762883754,-661.2670731707317,0.23065998953583974,0.6964285714285712,15.31264116172337,1.9855522645363355,0.4529016432122022,0.2972256353876997,0.6997987304536306,0.716068014890834,4.105213437090392,1.8081454716958285,0.36480120524719023,"Furnishings, Fixtures & Appliances",Consumer Cyclical,HOFT
2017Q3,2017,Q3,2016-12-09,2016-10-30,6459000.0,145298000.0,9939000.0,0.56,30926000.0,0.2128453248,304733000.0,187851000.0,196278000.0,57787000.0,116882000.0,74722000.0,148097000.0,303423100.0,309360100.0,16.28248244777672,3.396577084811463,0.16093760767622806,0.2610739362579917,0.027339629236406572,16.28248244777672,0.03438363383745628,2.088281325276329,11.744198018269081,1.6152328174989752,0.17897507354079578,1.5306335483525602,0.0038098615431718945,0.47680428440634914,2.030681641199578,0.021195604020568824,47.2695279638573,0.21284532478079532,0.21739130434782614,1.6659803280096899,1.5016164885007497,0.37028523696413085,0.08596109277336891,0.20751542344363433,0.20853599221789884,1.8373540673690125,1.2842960842411426,0.3042818540149356,"Furnishings, Fixtures & Appliances",Consumer Cyclical,HOFT
2017Q2,2017,Q2,2016-09-09,2016-07-31,5349000.0,136163000.0,8224000.0,0.46,28478000.0,0.2091463907,296721000.0,182460000.0,187762000.0,52394000.0,114261000.0,76862000.0,142793000.0,268372910.0,279758910.0,15.820688459204023,3.583654616940871,0.1701834383141065,0.27675654938068617,0.022927863987255447,15.820688459204023,0.029316014468924696,1.9709679575215,12.543134698074407,1.4708588731776828,0.2161151617124696,1.4010174078218105,0.004307439227006929,0.458892360163251,2.033553460319884,0.018027035497993064,29.224971142328215,0.2091463907228836,1.090909090909091,2.032166926772232,1.2861135303807483,0.34348507346507656,0.0706417534493778,1.1396,1.055486128467883,1.9460062676112186,1.289072972488269,0.27738769567590055,"Furnishings, Fixtures & Appliances",Consumer Cyclical,HOFT
2017Q1,2017,Q1,2016-06-10,2016-05-01,2500000.0,121831000.0,4001000.0,0.22,26599000.0,0.2183270268,285665000.0,178162000.0,175478000.0,44099000.0,107503000.0,77670000.0,138601000.0,287184100.0,306880100.0,15.47216673903604,3.979183201433139,0.1822064306092801,0.292149841155802,0.011149366619446632,15.47216673903604,0.014032172966176851,2.357233380666661,28.718410000000002,1.6119267857343318,0.4616,1.2261104673619159,0.004018328312744333,0.42648206815675704,2.134152701875326,0.00875150963541211,20.87397150748655,0.2183270267830027,-0.42105263157894735,3.4671137239729704,0.9497804428003257,0.3195116997841719,0.4732207144835226,-0.3968636911942099,-0.3864437969636559,0.09442508013393293,1.0141753372040632,0.2549019248811753,"Furnishings, Fixtures & Appliances",Consumer Cyclical,HOFT
2016Q4,2016,Q4,2016-04-15,2016-01-31,4145000.0,60565000.0,6521000.0,0.38,18055000.0,0.2981094692,181653000.0,156061000.0,128067000.0,16605000.0,25592000.0,43713000.0,137255000.0,311909990.0,257987990.0,14.464825285012513,7.7125564588979225,0.0,0.0,0.026637740543412863,14.464825285012513,0.02656012712977618,5.1500039626847185,18.81242400482509,1.99864149274963,0.2607961399276236,0.9724795827328254,0.003465743434508141,0.3334104033514448,4.944173441734417,0.022818230362284135,56.87636579139314,0.2981094691653595,-0.11627906976744183,23.797945404303736,0.1030265167573279,0.23231137554733094,-0.006055601431323975,-0.10475161987041037,-0.017921686746987953,0.11318824167454977,0.008527598370121814,0.18272809286053707,"Furnishings, Fixtures & Appliances",Consumer Cyclical,HOFT
2016Q3,2016,Q3,2015-12-10,2015-11-01,4630000.0,65338000.0,6640000.0,0.43,18165000.0,0.278015856,178421000.0,152486000.0,126169000.0,16656000.0,25935000.0,42019000.0,134191000.0,269675000.0,220201000.0,14.136089737647168,7.574987992315082,0.0,0.0,0.03021328680607193,14.136089737647168,0.030363443201343075,4.127383758302979,14.561285097192224,1.768523011948638,0.23347732181425487,1.1226587972107855,0.0040085287846481875,0.3662012879649817,4.810818924111431,0.025949860162200637,38.5360102886539,0.278015856010285,0.19444444444444448,2.9462593070639795,0.16903717281305977,0.1905135703046364,0.12875163114397564,0.17572371762315897,0.13329919781532684,0.8909325789229084,0.14343160097829138,0.18194803977317656,"Furnishings, Fixtures & Appliances",Consumer Cyclical,HOFT
2016Q2,2016,Q2,2015-09-10,2015-08-02,3938000.0,60140000.0,5859000.0,0.36,16093000.0,0.2675922847,174327000.0,148824000.0,122792000.0,16525000.0,25503000.0,47019000.0,130642000.0,264722650.0,221091650.0,13.801724937401465,7.430680786686838,0.0,0.0,0.026232444087534598,13.801724937401465,0.026460785894748158,4.401773362154972,16.805653250380903,1.7787631699188304,0.2745048247841544,0.9367915098151811,0.004083519109528406,0.34498385218583466,4.381724659606657,0.022589730793279295,57.59848781549173,0.2675922846691054,0.12499999999999993,2.3348936190982883,0.12398580404387949,0.16307338993354872,-0.017221374045801527,0.13421658986175114,0.11770316673025563,1.668420855935476,0.19692129383730353,0.16806602053964634,"Furnishings, Fixtures & Appliances",Consumer Cyclical,HOFT
2016Q1,2016,Q1,2015-06-09,2015-05-03,3472000.0,60956000.0,5242000.0,0.32,16375000.0,0.2686363935,168947000.0,145867000.0,117995000.0,14090000.0,23080000.0,43956000.0,127786000.0,267501720.0,226967720.0,13.561454072145779,8.374378992193044,0.0,0.0,0.023217851009255698,13.561454072145779,0.023802505021697846,4.388439530152898,19.261356566820275,1.8338741456258099,0.31077188940092165,1.0142187642187641,0.004033618924020376,0.36079954068435666,5.04151880766501,0.02055082363107957,85.98576663452266,0.2686363934641381,-0.20000000000000004,2.2330752295890632,0.18711014278647686,0.14356930102121357,-0.06439264084104673,-0.19218241042345277,-0.1945298094652735,2.40898504437104,0.18010196404838832,0.14949823555222358,"Furnishings, Fixtures & Appliances",Consumer Cyclical,HOFT
2015Q4,2015,Q4,2015-04-17,2015-02-01,4298000.0,64903000.0,6508000.0,0.4,17502000.0,0.2696639601,170755000.0,142909000.0,119938000.0,19067000.0,27846000.0,44973000.0,125392000.0,195684660.0,157021660.0,13.298808859110366,6.290344574395553,0.0,0.0,0.029322642472542765,13.298808859110366,0.03007508274496358,3.015032587091506,11.382309213587716,1.3692955657096475,0.25058166589111214,1.0539879483245502,0.005503752823547844,0.38009428713654064,3.7188860334609535,0.02517056601563644,30.41415293751943,0.26966396006347937,0.3333333333333335,0.45441009762617784,0.23772121456221354,0.1256750868266972,0.09175971555111971,0.3414481897627965,0.3327872209707147,5.856049829235823,0.19610278116554478,0.12625520102840063,"Furnishings, Fixtures & Appliances",Consumer Cyclical,HOFT
2015Q3,2015,Q3,2014-12-12,2014-11-02,3204000.0,63168000.0,4883000.0,0.3,16031000.0,0.2537835613,165705000.0,140046000.0,115151000.0,17103000.0,25659000.0,47432000.0,122171000.0,164460020.0,131132020.0,13.03723701359151,6.732795416008887,0.0,0.0,0.022486762630994743,13.03723701359151,0.02287819716378904,2.6035337512664642,12.832398564294632,1.1743285777530241,0.3364544319600499,0.9937805700792713,0.006554784561013673,0.3812075676654295,3.6960182424136114,0.019335566217072508,-66.93529507529507,0.2537835612968592,0.42857142857142855,2.3510790854636157,0.20191625685512243,0.11658732173120838,0.17383027019111078,0.4102112676056338,0.4302870533099004,0.4203386591050266,0.16806218869928807,0.09717504488795613,"Furnishings, Fixtures & Appliances",Consumer Cyclical,HOFT
2015Q2,2015,Q2,2014-09-12,2014-08-03,2272000.0,54883000.0,3414000.0,0.21,13657000.0,0.2488384381,160411000.0,137841000.0,110297000.0,14176000.0,22570000.0,44595000.0,120045000.0,158496870.0,121553870.0,12.84512161028795,7.780544582392777,0.0,0.0,0.016235470178635157,12.84512161028795,0.016482759121016242,2.887904633493067,17.440236575704223,1.1498528739634797,0.4735915492957746,0.9244534140598721,0.006788777595418761,0.3421398781879048,4.387909142212189,0.01416361720829619,23.29466049382716,0.2488384381320263,-0.19230769230769237,5.91673041890504,0.19601555376735513,0.09971293080402624,-0.1251121076233184,-0.18972895863052783,-0.1953806269149187,0.384174782115113,-0.00967299376595793,0.09080140189637503,"Furnishings, Fixtures & Appliances",Consumer Cyclical,HOFT
2015Q1,2015,Q1,2014-06-12,2014-05-04,2804000.0,61396000.0,4243000.0,0.26,15610000.0,0.2542510913,158560000.0,136580000.0,109312000.0,13762000.0,21980000.0,43587000.0,118849000.0,148312920.0,116626920.0,12.73591943304737,7.943031536113937,0.0,0.0,0.020309904740528722,12.73591943304737,0.02053009225362425,2.4156772428171216,13.223334522111271,1.085905110557915,0.3833808844507846,1.0504508224929452,0.007248188492277005,0.38720988900100906,4.511117570120622,0.017684157416750758,16.49204047592572,0.25425109127630463,0.368421052631579,7.165177957949704,0.18234260169530503,0.07729093826015893,0.11867564855955282,0.4027013506753377,0.22135866436384571,4.3798745224342674,0.055055037337106476,0.08615651465384953,"Furnishings, Fixtures & Appliances",Consumer Cyclical,HOFT
2014Q4,2014,Q4,2014-04-18,2014-02-02,1999000.0,57572000.0,3474000.0,0.19,13954000.0,0.2423747655,155481000.0,134803000.0,107050000.0,12907000.0,20678000.0,49016000.0,117120000.0,160109320.0,136227320.0,12.570216337187617,8.293949019911675,0.0,0.0,0.014786483551074354,12.570216337187617,0.014829046831301974,2.7810275828527757,20.02367683841921,1.1877281662871004,0.5382691345672836,0.8898726946303248,0.0067204082810419785,0.37028318572687335,4.180444719919423,0.012856876402904534,-32.31920064594267,0.2423747655110123,-0.050000000000000044,3.774028228314534,0.016495116684857553,0.03693866940025827,0.02618032063538756,-0.055293005671077505,0.1011093502377179,12.061355652925963,0.05487241576128035,0.07090270917114672,"Furnishings, Fixtures & Appliances",Consumer Cyclical,HOFT
2014Q3,2014,Q3,2013-12-12,2013-11-03,2116000.0,59125000.0,3155000.0,0.2,13598000.0,0.229987315,158762000.0,133877000.0,110632000.0,17034000.0,24885000.0,48995000.0,116197000.0,161932400.0,131986400.0,12.483867959716523,6.494775155571211,0.0,0.0,0.015760593953124527,12.483867959716523,0.015805552858220606,2.7388143763213533,19.131899810964082,1.2095610149614946,0.5080340264650284,0.9292172670680682,0.006638572638953045,0.3724127939935249,3.316367265469062,0.013328126377848604,75.9532833020638,0.22998731501057082,0.25000000000000006,-0.28023707318923496,-0.14010966752658027,0.024721224690761944,0.025722259938145885,0.25355450236966826,0.19507575757575757,0.8141122874804336,0.06408791676737187,0.0513667139755625,"Furnishings, Fixtures & Appliances",Consumer Cyclical,HOFT
2014Q2,2014,Q2,2013-09-12,2013-08-04,1688000.0,55301000.0,2640000.0,0.16,13257000.0,0.2397244173,155888000.0,132794000.0,108389000.0,15423000.0,23094000.0,48494000.0,115155000.0,183775080.0,154801080.0,12.385189330348815,7.027750761849187,0.0,0.0,0.01281823632053843,12.385189330348815,0.012711417684533939,3.3231782427080883,27.217873222748818,1.3839110200762084,0.6368483412322274,0.8669938549098858,0.005849541733297028,0.35474828081699683,3.579588925630552,0.010828286975264292,101.58932006633499,0.23972441727997684,-0.20000000000000004,-0.14724886349266644,-0.10345749343982069,0.07673128723988999,-0.04735556194308709,-0.20602069614299154,-0.1836734693877551,0.43761474194720146,0.039427467991136216,0.04370172603437716,"Furnishings, Fixtures & Appliances",Consumer Cyclical,HOFT
2014Q1,2014,Q1,2013-06-12,2013-05-05,2126000.0,56295000.0,3234000.0,0.2,13916000.0,0.2471977973,152760000.0,132134000.0,105893000.0,13069000.0,20626000.0,46506000.0,114542000.0,185189760.0,156461760.0,12.329383222916862,8.10260922794399,0.0,0.0,0.01625052386819063,12.329383222916862,0.016089727095221516,3.289630695443645,21.77678269049859,1.4015299620082644,0.5056444026340545,0.9112587623102395,0.005804856596822632,0.36851924587588375,4.220904430331318,0.013917255826132496,59.489161580469,0.2471977973177014,-0.411764705882353,-0.12173698593924984,-0.14706602662559515,0.005144498080118864,-0.1716173581760819,-0.4250946457544619,-0.3910751270947091,0.9869041493969883,0.10032743502667214,0.03967495515197368,"Furnishings, Fixtures & Appliances",Consumer Cyclical,HOFT
2013Q4,2013,Q4,2013-04-19,2013-02-03,3698000.0,59641000.0,5311000.0,0.34,16799000.0,0.2816686508,155823000.0,131045000.0,109667000.0,17467000.0,24778000.0,49872000.0,113483000.0,154617450.0,128275450.0,12.230051329911339,6.27852521898437,0.0,0.0,0.028460458892356093,12.230051329911339,0.028219313976115074,2.592469106822488,10.452775148729042,1.1798805753748713,0.581665765278529,0.8590391401989093,0.01391175446238442,0.3827483747585401,3.12669605541879,0.023732054959794125,-34.82375,0.28166865076038294,0.4782608695652174,-0.11468278926332451,-0.20192176419244728,0.02477245461032614,0.23886430678466078,0.5193097781429745,0.40539825350621855,0.254995121537352,0.14066375195867012,0.035210313836623396,"Furnishings, Fixtures & Appliances",Consumer Cyclical,HOFT
2013Q3,2013,Q3,2012-12-05,2012-10-28,2434000.0,56803000.0,3779000.0,0.23,13560000.0,0.2387197859,152464000.0,128247000.0,105955000.0,16792000.0,24217000.0,38854000.0,110860000.0,146797870.0,113745870.0,11.959992539401288,6.309849928537399,0.0,0.0,0.018809768295371038,11.959992539401288,0.018979001458123777,2.584333045789835,15.077842029580935,1.1446495434591062,0.44207066557107644,1.1129613424615226,0.007329806624578409,0.37256663868191836,3.722486898523106,0.015964424388708154,-17.49259652049571,0.23871978592679965,0.6428571428571428,-0.5289724939015428,-0.22432502391131326,-0.00018899816466962758,0.20372836218375498,0.6512890094979648,0.6274763135228252,1.550243127230396,0.08272258988504391,0.024325631540884476,"Furnishings, Fixtures & Appliances",Consumer Cyclical,HOFT
2013Q2,2013,Q2,2012-09-06,2012-07-29,1474000.0,50185000.0,2322000.0,0.14,11265000.0,0.224469463,152705000.0,127257000.0,106605000.0,18149000.0,25448000.0,35820000.0,109853000.0,126978299.99999999,83653299.99999999,11.815877437325906,5.873877348614249,0.0,0.0,0.011483945621663945,11.815877437325906,0.011582859881971129,2.530204244296104,21.536346675712345,0.9978099436573232,0.7327001356852103,1.0865438302624233,0.008505390291096983,0.32864018859893257,3.6936470328943742,0.009652598146753545,-37.215211019929654,0.22446946298694828,0.5555555555555558,-0.6453091379198963,-0.2011865410516494,-0.011555425306588245,0.031404504669474455,0.44509803921568625,0.5196335078534031,4.178264557776882,0.08967604828808151,0.011595966223907855,"Furnishings, Fixtures & Appliances",Consumer Cyclical,HOFT
2013Q1,2013,Q1,2012-06-06,2012-04-29,1020000.0,51730000.0,1528000.0,0.09,10922000.0,0.2111347381,152786000.0,127085000.0,105848000.0,18574000.0,25701000.0,30524000.0,109683000.0,127540480.0,79562480.0,11.797716301522465,5.698718638957683,0.0,0.0,0.007801474459451465,11.797716301522465,0.008026124247550852,2.4655031896385076,31.25992156862745,1.0035840579139945,1.057843137254902,1.3369152142576333,0.008460059112212844,0.3385781419763591,3.8728868310541618,0.0066760043459479276,14.411353672316384,0.21113473806301952,0.5,-0.7089930358151888,-0.18162552958346323,-0.01650853675982285,-0.15529775715390565,0.6242038216560509,-0.6431574030826717,3.2326890378564306,-0.008240887052925482,-0.002068682154560158,"Furnishings, Fixtures & Appliances",Consumer Cyclical,HOFT
2012Q4,2012,Q4,2012-04-13,2012-01-29,628000.0,54358000.0,4282000.0,0.06,12930000.0,0.2378674712,149171000.0,127113000.0,104492000.0,14958000.0,22058000.0,34136000.0,109742000.0,130256500.0,89901500.0,11.807988852763586,6.985693274501939,0.0,0.0,0.026443951444777482,11.807988852763586,0.004940486024246143,2.396271018065418,51.85370222929936,1.0247299646770982,1.7197452229299364,1.213616123740333,0.008291332870144675,0.36440058724551017,4.423184917769755,0.004209933566175731,14.869463470319635,0.2378674712093896,-0.7142857142857143,1.03837298674229,0.24670802861198252,-0.11878399991666982,0.015152704718536547,-0.7221238938053097,0.5824094604582409,1.868161448882337,-0.043906819911989685,-0.02593878093770434,"Furnishings, Fixtures & Appliances",Consumer Cyclical,HOFT
2012Q3,2012,Q3,2011-12-08,2011-10-30,2260000.0,54180000.0,2706000.0,0.21,12737000.0,0.2350867479,151802000.0,127880000.0,107489000.0,17184000.0,23922000.0,42937000.0,110193000.0,104391399.99999999,71693399.99999999,11.882549711949451,6.255179236499069,0.0,0.0,0.016940363524917255,11.882549711949451,0.01767281826712543,1.9267515688445918,11.547721238938053,0.8163231154207069,0.47743362831858405,0.9652048349908005,0.010336100483373153,0.35691229364567,3.439362197392924,0.014887814389797235,31.528662035638774,0.23508674787744555,0.4,-0.2806257100355617,-0.3297784553144552,-0.11445264642390791,0.047192304530132366,0.3730255164034022,0.08500400962309543,-0.2339694908954608,-0.21481005247009577,-0.024637161129170162,"Furnishings, Fixtures & Appliances",Consumer Cyclical,HOFT
2012Q2,2012,Q2,2011-09-07,2011-07-31,1646000.0,55574000.0,2494000.0,0.15,12163000.0,0.218861338,148817000.0,126720000.0,103967000.0,15564000.0,22097000.0,42108000.0,109013000.0,97171830.0,66744830.0,11.775857262336213,6.679966589565664,0.0,0.0,0.01285015215623109,11.775857262336213,0.012989267676767677,1.7485124338719544,14.758783414337787,0.7668231534090909,0.6549210206561361,1.0309442386244894,0.011093750112558342,0.37343851844883313,3.652081727062452,0.011060564317248701,8.253085612366231,0.21886133803577212,1.9999999999999998,0.5135431666693547,-0.25507504769506856,-0.11169141253810806,0.10242001268920511,2.147227533460803,2.3386880856760377,-0.17148024711902513,-0.10229689244173529,0.023757781187780647,"Furnishings, Fixtures & Appliances",Consumer Cyclical,HOFT
2012Q1,2012,Q1,2011-06-07,2011-05-01,523000.0,58393000.0,747000.0,0.05,11033000.0,0.1889438803,148439000.0,126180000.0,104555000.0,15860000.0,22259000.0,49441000.0,108444000.0,129239610.0,109246610.0,11.725676052411487,6.592370744010088,0.0,0.0,0.003865442804198034,11.725676052411487,0.004144872404501506,2.213272310037162,61.77801625239006,1.0242479790775083,2.0611854684512427,0.9579094273983132,0.008341096046328211,0.3933804458397052,3.0975409836065575,0.0035233328168473247,27.9376588845655,0.18894388025962017,3.958579881656805,-0.9005970730304487,-0.28633034580559164,-0.11385465772163024,0.01387612571218526,3.8736263736263736,-0.72271714922049,-0.7848290576566656,-0.11889639688517115,-0.044072314303253174,"Furnishings, Fixtures & Appliances",Consumer Cyclical,HOFT
2011Q4,2011,Q4,2011-04-13,2011-01-30,-182000.0,54964000.0,2694000.0,-0.0169,10882000.0,0.1979841351,150411000.0,126770000.0,106696000.0,17399000.0,23641000.0,57438000.0,109000000.0,144828000.0,128205000.0,11.737962962962962,6.13230645439393,0.0,0.0,0.004528919677691754,11.737962962962962,-0.001435670900055218,2.6349610654246414,-198.93956043956047,1.1424469511714128,-5.928571428571429,0.767471012221874,0.007450216808904355,0.3654254010677411,2.545721018449336,-0.0012100178843302684,-36.75837563451777,0.19798413507022777,-1.1536363636363638,-1.056273824386184,-0.291049648178745,-0.08224548029080879,-0.1134826883910387,-1.1555555555555554,0.618018018018018,-1.0432286634460548,-0.27029503439622754,-0.01646029168645742,"Furnishings, Fixtures & Appliances",Consumer Cyclical,HOFT
2011Q3,2011,Q3,2010-12-08,2010-10-31,1170000.0,55735000.0,1665000.0,0.11,12275000.0,0.2202386292,153840000.0,127728000.0,109948000.0,19430000.0,26112000.0,55622000.0,110261000.0,113916630.0,93456630.0,11.873942549037835,5.658672156459084,0.0,0.0,0.00901391853966274,11.873942549037835,0.00916009019165727,2.043897550910559,24.341160256410255,0.8918688932732056,0.9213675213675213,0.7813455107691202,0.00946306083668381,0.3622919916796672,2.5151312403499744,0.007605304212168487,-13.982647600343684,0.22023862922759488,0.0,-0.6777131652360943,-0.3167723244359998,-0.050161299067627244,0.02668116426898628,-0.006791171477079796,0.06118546845124283,-0.7742973313345064,-0.24131473286374808,-0.007382458092823638,"Furnishings, Fixtures & Appliances",Consumer Cyclical,HOFT
2011Q2,2011,Q2,2010-09-08,2010-08-01,1178000.0,53377000.0,1569000.0,0.11,11956000.0,0.2239916069,153674000.0,127649000.0,109667000.0,19459000.0,26025000.0,46955000.0,110169000.0,129299140.0,99495140.0,11.866598494003904,5.635798345238707,0.0,0.0,0.008976694592474035,11.866598494003904,0.009228431088375153,2.422375555014332,27.4403947368421,1.0129271674670386,0.9151103565365025,0.8821424768395272,0.00833725576210329,0.3473391725340656,2.936841564314713,0.00766557778153754,-16.081982587064676,0.22399160687187367,0.09999999999999995,0.9459480573591195,-0.2894551057035158,-0.03080355222926082,0.015889200441838728,0.09683426443202979,-0.08030480656506447,-0.7161934976384061,-0.14935149947695825,-0.007312409621802088,"Furnishings, Fixtures & Appliances",Consumer Cyclical,HOFT
2011Q1,2011,Q1,2010-06-09,2010-05-02,1074000.0,51353000.0,1706000.0,0.1,11769000.0,0.2291784316,151676000.0,127566000.0,106102000.0,18011000.0,24110000.0,38541000.0,110069000.0,178888910.0,140141910.0,11.85888258808218,5.8909555271778355,0.0,0.0,0.008360364468459221,11.85888258808218,0.008419171252528104,3.4835143029618525,41.64080772811918,1.402324365426524,1.0027932960893855,1.027062089722633,0.0060204961839166,0.33857037369128934,3.505357836877464,0.007080882934676547,86.04565175565176,0.2291784316398263,-0.6428571428571429,-0.7581108061693191,-0.3664059687915785,-0.029302754007499723,-0.20570965782547074,-0.6383838383838384,-0.6233164053875028,-0.6931595096721791,-0.1864568542909628,-0.011409539705467618,"Furnishings, Fixtures & Appliances",Consumer Cyclical,HOFT
2010Q4,2010,Q4,2010-04-15,2010-01-31,2970000.0,52701000.0,4529000.0,0.28,14817000.0,0.2811521603,149099000.0,127592000.0,103533000.0,15639000.0,21507000.0,36176000.0,110073000.0,138240000.0,100245000.0,11.814074074074075,6.620180318434683,0.0,0.0,0.02315970757955306,11.814074074074075,0.023277321462160636,2.6231001309273068,11.636363636363637,1.0834535080569314,0.362962962962963,1.0472136222910218,0.007798032407407407,0.35346313523229533,4.085235628876527,0.019919650701882643,33.310843373493974,0.28115216030056356,2.1111111111111116,0.09692372881355939,-0.28694221259110236,-0.0055282630991735525,0.16880965528121794,2.103448275862069,1.540100953449243,1.1808892207439587,0.20478741317498178,-0.11832986717232906,"Furnishings, Fixtures & Appliances",Consumer Cyclical,HOFT
2010Q3,2010,Q3,2009-12-09,2009-11-01,957000.0,52605000.0,1783000.0,0.09,12677000.0,0.2409846973,145689000.0,125540000.0,100626000.0,13787000.0,20149000.0,33545000.0,108180000.0,132357120.0,97738120.0,11.675967261904763,7.298614636976862,0.0007618969174062558,0.0008841803409271945,0.008035457844421992,11.675967261904763,0.007623068344750677,2.516055888223553,34.57605015673982,1.0543023737454198,1.1253918495297806,1.1902817111342971,0.008137076418707206,0.3610773634248296,4.422862116486545,0.006568786936556638,19.168301230992036,0.24098469727212243,3.088167053364269,-0.8077213517762072,-0.37370443961930094,0.005901868952178753,0.3075812274368231,3.0669546436285096,4.006745362563238,-0.6950966872626454,-0.34865641434353256,-0.12984820936006553,"Furnishings, Fixtures & Appliances",Consumer Cyclical,HOFT
2010Q2,2010,Q2,2009-09-10,2009-08-02,-463000.0,45978000.0,-593000.0,-0.0431,9695000.0,0.2108617165,151213000.0,125588000.0,105332000.0,19510000.0,25625000.0,41518000.0,108299000.0,145582080.0,116718080.0,11.680431547619047,5.3988723731419785,0.04262199678599062,0.051318597318215115,-0.003960900106863616,11.680431547619047,-0.003686657960951683,3.1663421636434816,-78.60803455723541,1.159203745580788,-2.326133909287257,0.8739101112770364,0.0073978885313357255,0.30406115876280476,2.9960533059969245,-0.0030619060530509942,16.904561077566186,0.21086171647309582,-0.016509433962264133,-1.1572433024099429,-0.40676844786948685,0.05037849164976999,-0.13645675603455953,-0.015350877192982455,-1.8213296398891967,-1.4260978545602125,-0.3831858661357527,-0.1188898253550727,"Furnishings, Fixtures & Appliances",Consumer Cyclical,HOFT
2010Q1,2010,Q1,2009-06-15,2009-05-03,-456000.0,52063000.0,722000.0,-0.0424,11227000.0,0.2156425869,149379000.0,127112000.0,103016000.0,14821000.0,22267000.0,47139000.0,109840000.0,132679680.0,110987680.0,11.822172619047619,6.950678091896633,0.030211743283861853,0.03550412234879476,0.003970298014742459,11.822172619047619,-0.0035873875007867077,2.5484447688377543,-72.74105263157894,1.0438013720183774,-2.361842105263158,0.8662890600140012,0.008117294223199815,0.34852957912424104,3.49247689089805,-0.003052637920992911,8.251223880597015,0.21564258686591245,0.369047619047619,-1.09059771555521,-0.3765886166895029,0.09797025325450133,11.700226244343892,0.3657858136300417,-0.7798780487804878,-1.086741255144033,-0.36316194428517873,-0.10656211589391389,"Furnishings, Fixtures & Appliances",Consumer Cyclical,HOFT
2009Q4,2009,Q4,2009-04-17,2009-02-01,-719000.0,56511000.0,3280000.0,-0.0672,884000.0,0.0156429722,153467000.0,129710000.0,107049000.0,15788000.0,23757000.0,60248000.0,112450000.0,86563000.0,79977000.0,12.122429906542056,6.780402837598176,0.03400079495917689,0.040228201372292036,0.011605815955120977,12.122429906542056,-0.005543134685066687,1.5317902709207056,-30.098400556328233,0.667357952355254,-1.497913769123783,0.9233003585181251,0.012441805390293775,0.36822900037141537,2.664365340765138,-0.004685046296597966,35.0315661675435,0.015642972164711295,-1.2488888888888887,-1.1930395576940873,-0.21638477546651905,0.16723708047726474,-0.9553715670436187,-1.243728813559322,-0.07605633802816901,-1.2243902131681192,-0.2642835582727621,-0.05218521546787187,"Furnishings, Fixtures & Appliances",Consumer Cyclical,HOFT
2009Q3,2009,Q3,2008-12-09,2008-11-02,2950000.0,68996000.0,3550000.0,0.27,19808000.0,0.2870891066,160852000.0,131098000.0,110912000.0,20280000.0,29754000.0,56035000.0,114246000.0,105457800.00000001,98948800.00000001,12.182696775392621,5.469033530571992,0.036741849650610496,0.04508077926436711,0.016112382452919627,12.182696775392621,0.022502250225022502,1.528462519566352,8.937101694915256,0.8044195945018231,0.3644067796610169,0.8778085125368074,0.010193650920083673,0.4289408897620173,2.477120315581854,0.018339840350135528,-65.46108007448791,0.28708910661487624,0.5000000000000001,-0.11522617154870325,-0.06592696191386692,0.2161320681828146,0.08240437158469946,0.4223722275795564,0.4567090685268773,-0.18769849729688373,-0.15452670356520873,-0.025462955441905927,"Furnishings, Fixtures & Appliances",Consumer Cyclical,HOFT
2009Q2,2009,Q2,2008-09-09,2008-08-03,2074000.0,64628000.0,2437000.0,0.18,18300000.0,0.2831590023,161214000.0,129220000.0,110967000.0,21647000.0,31994000.0,57820000.0,112392000.0,188618860.0,179409860.0,11.502581449172157,5.126206864692567,0.040877343158782734,0.05099829747717072,0.011315367370341872,11.502581449172157,0.01605014703606253,2.9185315962121683,22.736121022179365,1.4596723417427642,0.5549662487945998,0.801245243860256,0.0061022529772473445,0.40088329797660255,2.279022497343743,0.012864887664843004,-24.668958932775308,0.2831590022900291,-0.21739130434782614,-0.3982118988477238,-0.11492769750899991,0.17758843654449616,-0.14052226188239714,-0.20383877159309022,-0.3830379746835443,2.2805862045297087,-0.17621320242103974,-0.06053439944358266,"Furnishings, Fixtures & Appliances",Consumer Cyclical,HOFT
2009Q1,2009,Q1,2008-06-10,2008-05-04,2605000.0,71027000.0,3950000.0,0.23,21292000.0,0.2997733256,172810000.0,141467000.0,122721000.0,20297000.0,31343000.0,46155000.0,123495000.0,245537570.0,214140570.0,12.266279372236191,6.046262994531212,0.04199409756379839,0.051298182615026826,0.016723926295732865,12.266279372236191,0.018414188467981932,3.4569610148253482,23.56406621880998,1.7356526257006935,0.4437619961612284,1.0775647275484779,0.004708037144783994,0.4110120942075111,3.6065921072079616,0.015074359122735952,29.78017828987265,0.2997733256367297,-0.41025641025641024,0.000981183759028081,-0.11597370551271018,0.30957529782684284,-0.16603344953194157,-0.43369565217391304,-0.44600280504908835,-0.4527713962423245,-0.18263204776608757,0.004044311659709449,"Furnishings, Fixtures & Appliances",Consumer Cyclical,HOFT
2008Q4,2008,Q4,2008-04-16,2008-02-03,4600000.0,82298000.0,7130000.0,0.39,25531000.0,0.3102262509,175232000.0,140826000.0,125417000.0,23110000.0,34406000.0,50560000.0,122835000.0,252638000.0,227474000.0,11.934406779661018,5.4269580268282125,0.04515157048940833,0.05618280715208839,0.02959051868319619,11.934406779661018,0.03266442276284209,3.069795134754186,13.730326086956522,1.7939727039041085,0.2584782608695652,1.1227650316455695,0.004706338713891022,0.4696516617969321,3.0854608394634355,0.0262509130752374,24.03329528158295,0.3102262509416997,-0.18749999999999994,-0.11005233148480822,0.06702102514209628,0.2900776134667012,-0.04148520798918757,-0.22178988326848248,-0.19932622122403143,0.5549612180407929,0.019147164596170024,0.004600967002204653,"Furnishings, Fixtures & Appliances",Consumer Cyclical,HOFT
2008Q3,2008,Q3,2007-12-06,2007-10-28,5911000.0,83768000.0,8905000.0,0.48,26636000.0,0.3179734505,183816000.0,146729000.0,135036000.0,25259000.0,37087000.0,51321000.0,127929000.0,251698320.0,222898320.0,11.962253383336051,5.3460548715309395,0.04654110632371502,0.05830476592902562,0.036789167947971026,11.962253383336051,0.040285151537869136,3.0047072867920925,10.64533581458298,1.7153958658479236,0.2099475554051768,1.113228502952008,0.004930505694277181,0.4557165861513688,3.1078823389682886,0.032157157157157154,29.885813345998574,0.3179734504822844,0.23076923076923067,-0.07061913302741601,0.10470007918170518,0.34889666927012963,0.15803660710403897,0.2167558666117744,0.1943401287553648,0.041037507995087555,-0.12578802710870957,0.030565842235350207,"Furnishings, Fixtures & Appliances",Consumer Cyclical,HOFT
2008Q2,2008,Q2,2007-09-06,2007-07-29,4858000.0,73441000.0,7456000.0,0.39,23001000.0,0.3131901799,185429000.0,150501000.0,134559000.0,22765000.0,34928000.0,56637000.0,131017000.0,258472700.0,230507700.0,11.954011119936457,5.910784098396662,0.0495337838202223,0.06102949482063242,0.029215346451775343,11.954011119936457,0.032278855289998076,3.5194605193284407,13.301394606834089,1.7174151666766335,0.26327706875257306,0.8905838939209351,0.004948298214859828,0.3960599474731568,3.1620470019767186,0.026198706782649964,66.22410965923649,0.31319017987227843,0.1818181818181818,0.37581869555593156,0.20554034849968286,0.4180366232075907,0.04180632303650693,0.13345776948203453,0.2014179825974863,0.40900391982595746,-0.19076199054480472,0.07498050205883966,"Furnishings, Fixtures & Appliances",Consumer Cyclical,HOFT
2008Q1,2008,Q1,2007-06-08,2007-04-29,4286000.0,77294000.0,6206000.0,0.33,22078000.0,0.28563666,198605000.0,158008000.0,146949000.0,27883000.0,40597000.0,54591000.0,137788000.0,290179160.0,253298160.0,11.99574855754631,5.270200480579565,0.04937438634475466,0.06206014885322262,0.023520161109129235,11.99574855754631,0.027125208850184802,3.754226201257536,16.925989267382178,1.8364839754949118,0.3096126924871675,1.0114487736073712,0.004573036878320276,0.38918456232219734,3.0795466771868165,0.021580524155988018,15.370473012341755,0.2856366600253577,1.2171052631578947,0.18967380753106738,0.06251423146290541,0.6282462037072156,0.6215938303341902,1.2327450448004345,1.4348679139513698,-0.3049082968114402,-0.24450976556192203,0.11409091256929056,"Furnishings, Fixtures & Appliances",Consumer Cyclical,HOFT
2007Q4,2007,Q4,2007-03-16,2007-01-28,-18415000.0,49061000.0,-14271000.0,-1.52,13615000.0,0.2775116691,202463000.0,162310000.0,154361000.0,27168000.0,40153000.0,62803000.0,141539000.0,182179520.0,145509520.0,13.399653265087096,5.681721142520613,0.05144149795271235,0.06416733411373297,-0.08889841636022265,13.399653265087096,-0.11345573285687881,3.7133266749556673,-2.4732489818083083,1.122417103074364,0.0,0.5643997898189577,0.0,0.24232081911262798,3.122386631330978,-0.09095489052320671,11.533269182071411,0.27751166914657266,-6.241379310344828,-6.292922584037988,-0.25268412227059606,0.8824685962124058,-0.5132110550967143,-6.207861990950226,-2.1033709602597805,-5.367382274015398,-0.3990500142814311,0.290217578251967,"Furnishings, Fixtures & Appliances",Consumer Cyclical,HOFT
2007Q3,2007,Q3,2007-02-28,2006-11-30,3536000.0,90987000.0,12934000.0,0.29,27969000.0,0.307395562,201299000.0,162536000.0,149804000.0,25776000.0,38763000.0,68139000.0,166326000.0,,,,,,,,,,,,,,,,,,,,,,,,,,,,,,,"Furnishings, Fixtures & Appliances",Consumer Cyclical,HOFT
2007Q2,2007,Q2,2006-10-06,2006-08-31,1210000.0,83006000.0,7451000.0,0.1,23460000.0,0.2826301713,195822000.0,158720000.0,143782000.0,23672000.0,37102000.0,83784000.0,163049000.0,,,,,,,,,,,,,,,,,,,,,,,,,,,,,,,"Furnishings, Fixtures & Appliances",Consumer Cyclical,HOFT
2007Q1,2007,Q1,2006-07-10,2006-05-31,5832000.0,90694000.0,9360000.0,0.49,26806000.0,0.2955653075,199000000.0,157834000.0,143265000.0,27223000.0,41166000.0,83072000.0,162791000.0,,,,,,,,,,,,,,,,,,,,,,,,,,,,,,,"Furnishings, Fixtures & Appliances",Consumer Cyclical,HOFT
