Quarters,Year,Quarter,FillingDate,Date,NetIncome,Revenue,OperatingIncome,EPSDiluted,GrossProfit,GrossProfitRatio,TotalAssets,CommonStockEquity,CurrentAssets,CurrentLiability,TotalLiability,Inventory,RetainedEarnings,MarketCap,EnterpriseValue,bookValuePerShare,currentRatio,debtToAssets,debtToEquity,roic,shareholdersEquityPerShare,roe,priceToSalesRatio,peRatio,pbRatio,payoutRatio,inventoryTurnover,dividendYield,assetTurnover,quickRatio,returnOnAssets,priceToFreeCashFlowsRatio,grossProfitMargin,epsdilutedGrowth,fiveYNetIncomeGrowthPerShare,fiveYRevenueGrowthPerShare,fiveYShareholdersEquityGrowthPerShare,grossProfitGrowth,netIncomeGrowth,operatingIncomeGrowth,threeYNetIncomeGrowthPerShare,threeYRevenueGrowthPerShare,threeYShareholdersEquityGrowthPerShare,Industry,Sector,Symbol
2023Q1,2023,Q1,2023-05-15,2023-03-31,-5965000.0,6000.0,-10119000.0,-0.62,-121000.0,-20.1666666667,38292000.0,10154000.0,30767000.0,8019000.0,28138000.0,906000.0,-555591000.0,6715850.399999999,-1124149.6000000015,1.0583618717891632,3.8367626886145403,0.5117518019429645,1.9298798503052983,-0.215211489900453,1.0583618717891632,-0.5874532204057514,1119.3084,-0.2814690025146689,0.6613994878865471,0.0,0.1401766004415011,0.0,0.00015669069257286117,3.421374236189051,-0.15577666353285283,-0.6176062534485929,-20.166666666666668,0.20512820512820515,0.8220117749535708,0.0,-0.9247402623588148,0.4692982456140351,0.20064805800360344,-0.08259334545843586,0.5815303004736428,0.0,-0.8583719954147567,Biotechnology,Healthcare,TRVN
2022Q4,2022,Q4,2023-03-30,2022-12-31,-7462295.0,0.0,-9347000.0,-0.78,-228000.0,0.0,48680000.0,15599000.0,41008000.0,8732000.0,33081000.0,906000.0,-547772000.0,13719522.959999999,-4835477.039999999,1.6258998264761824,4.696289509848832,0.4060188989317995,1.2670684018206295,-0.2387871084500954,1.6258998264761824,-0.47838290916084364,0.0,-0.45962813584828793,0.8795129790371178,0.0,0.25165562913907286,0.0,0.0,4.388456252863032,-0.15329283073130648,-1.2899103838387789,0.0,0.6405529953917051,0.8635416515966796,0.0,-0.8787610539954192,0.9187455452601568,0.49698045163464777,0.4067280228498889,0.5349725900882953,-1.0,-0.791705950526568,Biotechnology,Healthcare,TRVN
2022Q3,2022,Q3,2022-11-09,2022-09-30,-14835000.0,-438000.0,-15755000.0,-2.17,-2806000.0,6.4063926941,51019000.0,21863000.0,42540000.0,9257000.0,29156000.0,785000.0,-540767000.0,26155127.45,23802127.45,3.2014865979940006,4.595441287674192,0.39353966169466276,0.9183552120020125,-0.31516655144853845,3.2014865979940006,-0.6785436582353749,-59.71490285388128,-0.4407672303673744,1.1963192356950099,0.0,3.0165605095541403,0.0,-0.008585036947019738,4.363400669763422,-0.29077402536310004,-2.45957564886214,6.406392694063927,0.052401746724890876,0.6735118768291396,0.0,-0.8355462470853597,-11.99074074074074,0.020727440755165357,-0.06359279011678931,0.060965239414246065,0.0,-0.6572269091183153,Biotechnology,Healthcare,TRVN
2022Q2,2022,Q2,2022-08-11,2022-06-30,-15149000.0,0.0,-14813000.0,-2.29,-216000.0,0.0,64802000.0,35942000.0,55783000.0,9509000.0,28860000.0,2990000.0,-525472000.0,68528209.05,69129209.05,5.428417073158576,5.866337154274897,0.31156445788710224,0.5617383562406099,-0.23833120148953457,5.428417073158576,-0.42148461410049526,0.0,-1.130903179252756,1.906633160369484,0.0,0.07224080267558529,0.0,0.0,5.208013460931749,-0.2337736489614518,-5.734578163179916,0.0,0.06910569105691054,0.7384937435811334,0.0,-0.7720237621745785,-0.15508021390374332,0.07163868121093271,0.10006075334143377,-0.8029775327210332,0.0,-0.5266415702302565,Biotechnology,Healthcare,TRVN
2022Q1,2022,Q1,2022-05-11,2022-03-31,-16318000.0,20000.0,-16460000.0,-2.46,-187000.0,-9.35,64417000.0,49395000.0,54249000.0,8926000.0,15022000.0,2745000.0,-510491000.0,91019448.0,49266448.0,7.4605787820203,6.0776383598476365,0.1072853439309499,0.1399129466545197,-0.25924501978335956,7.4605787820203,-0.3303573236157506,4550.9724,-1.3944639048903051,1.842685453993319,0.0,0.07540983606557378,0.0,0.0003104770479842278,5.4519381581895585,-0.25331822345033145,-4.985454784466232,-9.35,-1170.4285714285716,0.7292153136150822,0.0,-0.7477163714027099,-1.900484431731723,-1168.4975990826345,-1178.6746219451013,-0.6955027155605962,0.0,-0.42809381062893204,Biotechnology,Healthcare,TRVN
2021Q4,2021,Q4,2022-03-31,2021-12-31,-13953.0,208000.0,-13953.0,-0.0021,207666.0,0.9983942308,80124.0,64629.0,70723.0,9186.0,15495.0,2352.0,-494102.0,95827409.9375,95760486.9375,0.009821405098122111,7.69899847594165,0.009884678747940691,0.012254560646149562,-0.21328013940477827,0.009821405098122111,-0.21589379380773338,460.70870162259615,-1716.9678552551422,1482.7308164678395,0.0,0.14200680272108843,0.0,2.595976236832909,7.285325495318964,-0.17414257900254607,-7.586083750593731,0.9983942307692307,0.9989965225560962,0.9998734821758816,0.0,-0.999730783438982,12.537,0.9989867838210733,0.9989932900432901,0.9991245891453838,-0.5513529376035763,-0.9992211805033426,Biotechnology,Healthcare,TRVN
2021Q3,2021,Q3,2021-11-15,2021-09-30,-13771000.0,181000.0,-13860000.0,-2.092722674293816,-18000.0,-0.09944751381215469,91648000.0,77715000.0,82404000.0,7417000.0,13933000.0,1310000.0,-480149000.0,202348007.25,130988007.25,11.810031057273978,11.110152352703249,0.07949982541899442,0.09375281477192306,-0.1501836661718335,11.810031057273978,-0.17719873898217847,1117.9447914364641,-3.6734443259385667,2.60371880911021,0.0,0.15190839694656488,0.0,0.001974947625698324,10.617365511662397,-0.15025968924581007,-16.96269655880627,-0.09944751381215469,0.02470655179039283,0.8538383828364363,0.0,-0.7339312251655528,0.775,0.01790044216231636,0.01520534318601677,-0.44610586814718756,-0.9715972318192919,-0.247894229914031,Biotechnology,Healthcare,TRVN
2021Q2,2021,Q2,2021-08-12,2021-06-30,-14022000.0,178000.0,-14074000.0,-2.145736422340914,-80000.0,-0.449438202247191,112201000.0,90508000.0,103132000.0,14974000.0,21693000.0,1045000.0,-466378000.0,276096102.75,192610102.75,13.850115818050966,6.887404835047415,0.06654129642338304,0.0824899456401644,-0.13347875569044007,13.850115818050966,-0.15492553144473417,1551.1017008426966,-4.922552110077023,3.050516006872321,0.0,0.24688995215311005,0.0,0.0015864386235416796,6.68418592226526,-0.12497214819832266,-23.65659350098535,-0.449438202247191,-0.39975070935493184,0.7669628640609346,-0.9696817535726697,-0.7610843849385827,-2.739130434782609,-0.4247104247104247,-0.4133360112472384,0.3573399096633584,-0.9696386510475654,-0.0026169955917711134,Biotechnology,Healthcare,TRVN
2021Q1,2021,Q1,2021-05-06,2021-03-31,-9842000.0,209000.0,-9958000.0,-1.5329418360000446,46000.0,0.22009569377990432,118496000.0,98069000.0,109591000.0,13513000.0,20427000.0,0.0,-452356000.0,287309991.25,197225991.25,15.274748124513753,8.110042181602902,0.06444099378881987,0.07786354505501229,-0.08785876249547825,15.274748124513753,-0.10035791126655721,1374.6889533492822,-7.298059115271287,2.929671876433939,0.0,0.0,0.0,0.0017637726167971915,7.919484940427736,-0.08305765595463138,-20.526540776594985,0.22009569377990432,0.18381040243770336,0.8228984079435765,-0.9643392119985431,-0.7736764435626747,1.407079646017699,0.17092073119366524,0.1711336773763942,0.5611567032721888,0.0,0.08618192607669678,Biotechnology,Healthcare,TRVN
2020Q4,2020,Q4,2021-03-09,2020-12-31,-11871000.0,69000.0,-12014000.0,-1.8781687987429183,-113000.0,-1.6376811594202898,127739000.0,104068000.0,119044000.0,16564000.0,23671000.0,0.0,-442514000.0,338147713.0,236548713.0,16.46510618275274,7.186911374064236,0.00550340929551664,0.006755198524041973,-0.10671996446813235,16.46510618275274,-0.11406964676942,4900.691492753624,-7.121297974054419,3.249295777760695,0.0,0.0,0.0,0.0005401639280094568,7.152499396281091,-0.09293168100580089,-47.23393113563347,-1.6376811594202898,-0.9534192912606544,0.7533531290370291,-0.9881759762095448,-0.7663856221452018,0.0,-1.138533597549991,-1.2289424860853433,0.6704925009727979,0.0,0.2277583692082969,Biotechnology,Healthcare,TRVN
2020Q3,2020,Q3,2020-11-02,2020-09-30,-5551000.0,3000000.0,-5390000.0,-0.9614775522826067,0.0,0.0,122565000.0,111208000.0,113690000.0,4049000.0,11357000.0,0.0,-430643000.0,431562098.5,326848098.5,19.262113213586574,28.07853791059521,0.005564394402969853,0.006132652327170707,-0.04753909913819527,19.262113213586574,-0.04991547370692756,143.85403283333332,-19.436232142857143,3.8806749379541037,0.0,0.0,0.0,0.024476808224207565,27.829587552482096,-0.04529025415085873,-158.48773356591994,0.0,0.31205413919132335,0.8398144481494969,-0.5098693561478268,-0.7840380689518998,0.0,0.10784313725490197,0.13870246085011187,0.8554969441152905,0.0,-0.010545035851207704,Biotechnology,Healthcare,TRVN
2020Q2,2020,Q2,2020-08-10,2020-06-30,-6222000.0,0.0,-6258000.0,-1.397606420877938,0.0,0.0,66324000.0,55328000.0,57246000.0,3523000.0,10996000.0,0.0,-425092000.0,166946137.5,120277137.5,12.427960485159472,16.249219415271074,0.009966226403715096,0.011946934644303065,-0.09760586446229431,12.427960485159472,-0.11245662232504337,0.0,-6.7078968780135,3.0173897032244072,0.0,0.0,0.0,0.0,15.55350553505535,-0.09381219468065859,-31.374955365532795,0.0,0.059321051105719655,0.8019378330253707,-1.0,-0.7811025560874769,0.0,-0.0868122270742358,-0.07470376094796496,0.8402605999172532,0.0,-0.4780652191853256,Biotechnology,Healthcare,TRVN
2020Q1,2020,Q1,2020-05-07,2020-03-31,-5725000.0,0.0,-5823000.0,-1.4857422104754787,0.0,0.0,39050000.0,28795000.0,29756000.0,2617000.0,10255000.0,0.0,-418870000.0,54610795.0425,34798795.0425,7.472829084110655,11.370271303018724,0.0164404609475032,0.022295537419690918,-0.15439480312872864,7.472829084110655,-0.19881923945129362,0.0,-2.3847508752183404,1.8965374211668693,0.0,0.0,0.0,0.0,10.73366450133741,-0.146606914212548,-8.78269460316822,0.0,0.11171450737005423,0.8195863013937803,-1.0,-0.865287065644236,0.0,0.11171450737005431,0.1,0.8367658215288362,0.0,-0.7473021206115761,Biotechnology,Healthcare,TRVN
2019Q4,2019,Q4,2020-03-12,2019-12-31,-6445000.0,31000.0,-6470000.0,-1.6725953793038357,0.0,0.0,46994000.0,30078000.0,37488000.0,9107000.0,16916000.0,0.0,-413145000.0,81005852.0925,62161852.0925,7.8057910467747975,4.116393982650708,0.12037706941311657,0.18807766473834697,-0.14651599900360063,7.8057910467747975,-0.21427621517388123,2613.092002983871,-3.1421975210434447,2.6931927685517656,0.0,0.0,0.0,0.0006596586798314678,3.9315910837817065,-0.13714516746818742,-11.903872460323292,0.0,0.27699209640911315,0.8025064676517658,0.0,-0.8764615865095616,0.0,0.2476068176511791,0.2609937178754997,0.9002003955944692,0.0,-0.7860338515066885,Biotechnology,Healthcare,TRVN
2019Q3,2019,Q3,2019-11-04,2019-09-30,-8566000.0,0.0,-8755000.0,-2.3133846407442205,0.0,0.0,56771000.0,34584000.0,47045000.0,14213000.0,22187000.0,0.0,-406700000.0,89533704.0,77004704.0,9.339958949983796,3.3099978892563144,0.15426890489862782,0.2532384917881101,-0.16865729146599884,9.339958949983796,-0.24768679157992135,0.0,-2.6130546346019146,2.588876474670368,0.0,0.0,0.0,0.0,3.1461338211496517,-0.15088689647883602,-14.532333062814478,0.0,-0.822985444548668,0.8429458862850568,0.0,-0.846709641702409,0.0,-0.8260498827542102,-0.425663572708028,0.8384267399240112,0.0,-0.7895796020539994,Biotechnology,Healthcare,TRVN
2019Q2,2019,Q2,2019-08-07,2019-06-30,-4691000.0,0.0,-6141000.0,-1.2690088380365345,0.0,0.0,65184000.0,42392000.0,55267000.0,14658000.0,22792000.0,0.0,-398134000.0,96111236.0,92251236.0,11.467878740004966,3.7704325283121847,0.18162432498772704,0.27927439139460275,-0.09757066365846295,11.467878740004966,-0.11065767125872807,0.0,-5.122108079300789,2.267202207963767,0.0,0.0,0.0,0.0,3.6816755355437305,-0.07196551300932744,-31.846002650762095,0.0,0.12701528941370074,0.8837464762016846,0.0,-0.8472947105384867,0.0,0.09247436641516735,-0.17779056386651323,0.8621796485734028,-1.0,-0.8021781666946667,Biotechnology,Healthcare,TRVN
2019Q1,2019,Q1,2019-05-10,2019-03-31,-5169000.0,0.0,-5214000.0,-1.4536438297805516,0.0,0.0,71889000.0,46387000.0,61644000.0,17207000.0,25502000.0,0.0,-393443000.0,142235680.0,145148680.0,13.045109356527139,3.582495496019062,0.2071666040701637,0.3210597796796516,-0.0743540014830871,13.045109356527139,-0.11143208226442754,0.0,-6.879264848133101,3.0662832259038093,0.0,0.0,0.0,0.0,3.490614284884059,-0.07190251637941827,-18.51303917740466,0.0,0.39985510390647205,0.9006020226552868,0.0,-0.9069405875203405,0.0,0.3519307923771314,0.3443158953722334,0.8320597621309096,-1.0,-0.8067126528296168,Biotechnology,Healthcare,TRVN
2018Q4,2018,Q4,2019-03-13,2018-12-31,-7976000.0,232000.0,-7952000.0,-2.4221547816912743,0.0,0.0,66779000.0,41526000.0,62089000.0,17490000.0,25253000.0,0.0,-388274000.0,35399062.0,19880062.0,12.610630756261282,3.5499714122355632,0.26015663606822503,0.4183643982083514,-0.13496495188309374,12.610630756261282,-0.19207243654577855,152.58216379310346,-1.1095493355065196,0.8524553773539469,0.0,0.0,0.0,0.003474146063882358,3.5152658662092624,-0.1194387457134728,-6.447916575591986,0.0,-0.6737489361816498,0.77519196058165,0.0,-0.7927073422302032,0.0,-0.7791657372295338,-0.8675434476279944,0.6819152610936177,-0.9236913849525166,-0.8210746638508452,Biotechnology,Healthcare,TRVN
2018Q3,2018,Q3,2018-11-08,2018-09-30,-4483000.0,3000000.0,-4258000.0,-1.4471434331226372,0.0,0.0,76111000.0,48644000.0,71235000.0,16585000.0,27467000.0,0.0,-380298000.0,181997336.25,178039336.25,15.702619933262897,4.295146216460657,0.267779952963435,0.4189828139133295,-0.061667245973815316,15.702619933262897,-0.09215936189458104,60.66577875,-10.14930494367611,3.7414138691308283,0.0,0.0,0.0,0.03941611593593567,4.223032861018993,-0.05890081591359987,-43.707333393371755,0.0,0.566572491033414,0.9092965728991814,0.0,-0.814982439709387,0.0,0.5181642304385211,0.5045956951716114,0.7589007875080452,-0.0865457625619507,-0.8239462053981763,Biotechnology,Healthcare,TRVN
2018Q2,2018,Q2,2018-08-02,2018-06-30,-9304000.0,2500000.0,-8595000.0,-3.3388361448793065,0.0,0.0,72328000.0,38696000.0,67291000.0,19802000.0,33632000.0,0.0,-375815000.0,100317600.0,99648600.0,13.886456613794588,3.398192101807898,0.3230699037717067,0.6038608641720075,-0.1504821147989672,13.886456613794588,-0.2404382881951623,40.12704,-2.6955503009458295,2.5924540004134795,0.0,0.0,0.0,0.03456476053533901,3.32027067972932,-0.12863621280831766,-18.786067415730336,0.0,0.04417369625971417,0.6073462992315187,4.265798563395197,-0.8544449186115051,0.0,-0.03137124487307394,0.11327762302692665,0.5268359980542364,-0.21893011794540543,-0.755413620650663,Biotechnology,Healthcare,TRVN
2018Q1,2018,Q1,2018-05-03,2018-03-31,-9021000.0,0.0,-9693000.0,-3.4931410987686364,0.0,0.0,68641000.0,36317000.0,63438000.0,15429000.0,32324000.0,0.0,-366511000.0,105882049.0,112791049.0,14.062789812463867,4.111608010888586,0.36501507845165426,0.6898972932786298,-0.15786644951140066,14.062789812463867,-0.24839606795715505,0.0,-2.934321278128811,2.9154954704408405,0.0,0.0,0.0,0.0,3.991898373193337,-0.13142291050538307,-10.036213175355451,0.0,0.3871603260869565,0.33314311230385296,-1.0,0.0,0.0,0.3871603260869565,0.3132837407013815,0.5758277480069843,-1.0,-0.7464896280187291,Biotechnology,Healthcare,TRVN
2017Q4,2017,Q4,2018-03-07,2017-12-31,-14720000.0,0.0,-14115000.0,-5.699926501925987,0.0,0.0,72722000.0,34633000.0,67493000.0,18213000.0,38089000.0,0.0,-357490000.0,103299560.0,114892560.0,13.410705718398026,3.705759622247845,0.38709056406589476,0.8128085929604713,-0.22471105167637787,13.410705718398026,-0.42502815234025354,0.0,-1.7544082880434784,2.9826916524701876,0.0,0.0,0.0,0.0,3.6292757920166916,-0.20241467506394215,-8.672618587859962,0.0,0.14334259469656108,-0.007670411416472084,-1.0,189.39986168538272,0.0,0.07994249640602538,0.08421462401868553,0.326974810285934,0.0,-0.787755360307451,Biotechnology,Healthcare,TRVN
2017Q3,2017,Q3,2017-11-07,2017-09-30,-15999000.0,0.0,-15413000.0,-6.65368263513347,0.0,0.0,84241000.0,46810000.0,78684000.0,15992000.0,37431000.0,0.0,-342770000.0,153288978.75,163286978.75,19.467397619413,4.920210105052527,0.3331631865718593,0.599572740867336,-0.20575357095180885,19.467397619413,-0.34178594317453537,0.0,-2.3952899985936624,3.2747058053834652,0.0,0.0,0.0,0.0,4.788206603301651,-0.18991939791787846,-11.726513062270502,0.0,0.2395175776854846,0.10153058547489494,-1.0,0.0,0.0,0.21696358653093187,0.2248541540937437,0.5482859509895881,0.0,-0.6804949173564981,Biotechnology,Healthcare,TRVN
2017Q2,2017,Q2,2017-08-03,2017-06-30,-20432000.0,0.0,-19884000.0,-8.749291817795209,0.0,0.0,92008000.0,55606000.0,87662000.0,12261000.0,36402000.0,0.0,-326771000.0,134278312.5,148229312.5,23.811328430270525,7.149661528423456,0.30419093991826796,0.5033269791029745,-0.23782128718200193,23.811328430270525,-0.36744236233499983,0.0,-1.6429903154365701,2.4148169711901595,0.0,0.0,0.0,0.0,6.867302830111736,-0.2220676462916268,-6.647770310411406,0.0,0.03874077782033001,-0.0289338997967086,-1.0,-0.7504143825867517,0.0,0.01361398088249493,0.05201430274135876,0.198480011995267,0.0,-0.6829303934193809,Biotechnology,Healthcare,TRVN
2017Q1,2017,Q1,2017-05-04,2017-03-31,-20714000.0,0.0,-20975000.0,-9.101906765540367,0.0,0.0,103140000.0,67300000.0,100838000.0,11045000.0,35840000.0,0.0,-306339000.0,208803457.25,218059457.25,29.572187555338,9.129741964689904,0.27061275935621487,0.4147251114413076,-0.2202631606582167,29.572187555338,-0.3077860326894502,0.0,-2.5200764851066912,3.102577373699851,0.0,0.0,0.0,0.0,8.864463558171119,-0.20083381811130502,-7.061805237080628,0.0,0.4569118657110349,-0.7375959607589895,-1.0,0.0,0.0,0.4262057331947518,0.41468255214034333,0.37762529056156163,0.0,-0.7890419831351508,Biotechnology,Healthcare,TRVN
2016Q4,2016,Q4,2017-03-08,2016-12-31,-36100047.0,0.0,-35835255.0,-16.759538997214484,0.0,0.0,114654000.0,78581000.0,112389000.0,22048000.0,36073000.0,0.0,-285625000.0,316638000.0,310681000.0,36.48142989786444,5.0974691582002905,0.15968915170861897,0.2329952533055064,-0.3697863437487101,36.48142989786444,-0.45939918046347084,0.0,-2.192781078650673,4.029447321871699,0.0,0.0,0.0,0.0,5.016373367198839,-0.3148607724109059,-11.282592347322462,0.0,-0.1705333481714572,-1.9628607795914244,-1.0,513.5081775087725,0.0,-0.20741370448223492,-0.20955206185895842,-0.5555072914275321,0.0,-0.40032083176996647,Biotechnology,Healthcare,TRVN
2016Q3,2016,Q3,2016-11-03,2016-09-30,-29898656.0,0.0,-29626881.0,-14.317865461411513,0.0,0.0,122130182.0,92689485.0,121258832.0,15119173.0,29440697.0,0.0,-249391918.0,352384762.5,345436561.5,44.38713661391645,8.020202692303343,0.14967498369895166,0.1972158222693761,-0.26695371492180575,44.38713661391645,-0.32256793745266793,0.0,-2.9464933348509046,3.8017771109635574,0.0,0.0,0.0,0.0,7.911414202350882,-0.2448097227923561,-14.30217477542504,0.0,-0.5549877129409116,-0.9333902673586327,-1.0,0.0,0.0,-0.555899314322338,-0.5572582893049245,0.10259094872513053,0.0,-0.4770044897287097,Biotechnology,Healthcare,TRVN
2016Q2,2016,Q2,2016-08-04,2016-06-30,-19216318.0,1875000.0,-19025027.0,-9.207703277817206,0.0,0.0,148574351.0,120983956.0,147640472.0,8758681.0,27590395.0,0.0,-219493262.0,328699822.5,417854682.5,57.97074341285962,16.85647325207985,0.12283284346973186,0.1508448773157988,-0.13662796989825457,57.97074341285962,-0.15883360600309682,175.306572,-4.276311186409384,2.716887704515134,0.0,0.0,0.0,0.01261994407096552,16.499128807179986,-0.12933805781860694,-17.640184399328053,0.0,-0.06377070163052667,-0.0828439930401116,4.273284788408815,-0.3923621763072215,0.0,-0.08084485616412505,-0.06907177223527053,-0.0828439930401116,4.273284788408815,-0.3923621763072215,Biotechnology,Healthcare,TRVN
2016Q1,2016,Q1,2016-05-05,2016-03-31,-17778979.0,1875000.0,-17795837.0,-8.65572182398314,0.0,0.0,166905751.0,138627027.0,165955241.0,9538380.0,28278724.0,0.0,-200276944.0,424667601.25,537451532.25,67.49075688346969,17.398682061314396,0.1091621342634263,0.1314302729726722,-0.11344963115048892,67.49075688346969,-0.12825045292214193,226.48938733333333,-5.971484656824218,3.06338244742131,0.0,0.0,0.0,0.011233884924672248,17.137991461862498,-0.10652106888755439,-20.39457270158514,0.0,-0.1366960358668515,-0.6524169638689054,11.195352766972286,0.0,0.0,-0.14968177270158595,-0.14852116542018667,-0.6524169638689054,11.195352766972286,0.0,Biotechnology,Healthcare,TRVN
2015Q4,2015,Q4,2016-03-09,2015-12-31,-15464261.0,1875000.0,-15494566.0,-7.6148077857790994,0.0,0.0,175353974.0,143131465.0,174530230.0,13573314.0,32222509.0,0.0,-182497965.0,533088675.0,630365454.0,70.47984945937934,12.85833584929959,0.1037096427595077,0.12705730357751877,-0.09604547780027442,70.47984945937934,-0.1080423581216052,284.31396,-8.61807549355252,3.724468795173724,0.0,0.0,0.0,0.010692657584138926,12.718928700831647,-0.08818882542120203,-44.33431989201191,0.0,-0.2686539861753608,-0.3461957000030295,1.011602048045338,991.1338653294848,0.0,-0.45676470868070723,-0.4679483286663048,-0.3461957000030295,1.011602048045338,991.1338653294848,Biotechnology,Healthcare,TRVN
2015Q3,2015,Q3,2015-11-10,2015-09-30,-10615483.0,1875000.0,-10555253.0,-6.0022731720062055,0.0,0.0,170672845.0,157743220.0,169958959.0,10698092.0,12929625.0,0.0,-167033704.0,457619298.75,550299631.75,89.19216975003067,15.886847766872823,0.010415640519732356,0.011269371831004845,-0.06616488537366647,89.19216975003067,-0.06729596999478013,244.063626,-10.777166209724042,2.9010394155133894,0.0,0.0,0.0,0.010985930421444606,15.794600009048342,-0.06219784406828163,-38.17257017354858,0.0,0.1493861532101618,0.18949259456937922,2.95955296816184,0.0,0.0,0.07842518320620694,0.08276869127915985,0.18949259456937922,2.95955296816184,0.0,Biotechnology,Healthcare,TRVN
2015Q2,2015,Q2,2015-08-11,2015-06-30,-11518851.0,1875000.0,-11507733.0,-7.0564019086432666,0.0,0.0,107986859.0,92679773.0,107265105.0,13172758.0,15307086.0,0.0,-156418221.0,255470130.5,276269205.5,56.775265453195516,8.142949638944252,0.01619333144970908,0.018867838616738953,-0.121855193703638,56.775265453195516,-0.12428656897983555,136.25073626666668,-5.54460966853378,2.756482048137947,0.0,0.0,0.0,0.017363223797443723,8.075904833293073,-0.10666900682795116,-24.767529365799557,0.0,0.1431408064363466,0.17015305654319576,5.741776484254623,-0.40489293894570505,0.0,0.10911312723589858,0.1191004174571893,0.17015305654319576,5.741776484254623,-0.40489293894570505,Biotechnology,Healthcare,TRVN
2015Q1,2015,Q1,2015-05-07,2015-03-31,-12929645.0,625000.0,-13063615.0,-8.235194255541437,0.0,0.0,103198167.0,87094034.0,102495578.0,12117737.0,16104133.0,0.0,-144899370.0,255917661.0,300137605.0,55.47224637224236,8.458310161377492,0.016663735897557173,0.019744946020068377,-0.1470734890601975,55.47224637224236,-0.1484561502800525,409.4682576,-4.948273154444689,2.9384063321719602,0.0,0.0,0.0,0.006056309120296682,8.316079726767464,-0.1252894830971174,-41.78911376452129,0.0,0.027620180571302864,-0.57213699048642,4.318192706683851,0.0,0.0,0.027620180571302742,0.013717983582722162,-0.57213699048642,4.318192706683851,0.0,Biotechnology,Healthcare,TRVN
2014Q4,2014,Q4,2015-03-18,2014-12-31,-13296908.0,0.0,-13245314.0,-8.46911267695772,0.0,0.0,108337459.0,99203628.0,107573354.0,6959108.0,9133831.0,0.0,-131969725.0,234722026.5,271006392.5,63.18513267437217,15.45792276826283,0.016534308784185162,0.0180566480895235,-0.1311344649340695,63.18513267437217,-0.1340365092292794,0.0,-4.413094128725264,2.3660629276582505,0.0,0.0,0.0,0.0,15.361767485143211,-0.12273601506566625,-17.962933288314147,0.0,0.4250376428606034,-0.49722540376918095,-1.0,888.6542746063831,0.0,0.14406066557870575,0.1478482633276235,-0.49722540376918095,-1.0,888.6542746063831,Biotechnology,Healthcare,TRVN
2014Q3,2014,Q3,2014-11-12,2014-09-30,-15534872.0,0.0,-15543375.0,-14.729855914557598,0.0,0.0,73956363.0,64259791.0,73148895.0,7523233.0,9696572.0,0.0,-118672817.0,169271646.0,98832434.0,60.929852690745385,9.72306653269944,0.023987280174932346,0.027606874725129436,-0.23534473454638657,60.929852690745385,-0.24175105082430162,0.0,-2.724059232673433,2.6341767280257726,0.0,0.0,0.0,0.0,9.600202067382467,-0.21005456961154242,-15.138531915635724,0.0,-0.3493975689951781,-0.989022516553156,-1.0,0.0,0.0,-0.35136596083346433,-0.35079240143507473,-0.989022516553156,-1.0,0.0,Biotechnology,Healthcare,TRVN
2014Q2,2014,Q2,2014-08-12,2014-06-30,-11495681.0,0.0,-11506857.0,-10.91587553809372,0.0,0.0,84688613.0,79087022.0,84150972.0,5191973.0,5601591.0,0.0,-103137945.0,148752635.0,67133451.0,75.0981107494331,16.20789861580559,0.0,0.0,-0.14549614726927004,75.0981107494331,-0.14535483457703086,0.0,-3.2349678761962863,1.8808728820260803,0.0,0.0,0.0,0.0,15.720263568396831,-0.13574057470984913,-15.190201957178175,0.0,0.253588931686926,-0.28372831020482636,-1.0,-0.21283651213101118,0.0,-0.22641344978467823,-0.19188017783441993,-0.28372831020482636,-1.0,-0.21283651213101118,Biotechnology,Healthcare,TRVN
2014Q1,2014,Q1,2014-05-09,2014-03-31,-9373414.0,0.0,-9654374.0,-14.62448240855289,0.0,0.0,95155194.0,89847251.0,94740030.0,4894228.0,5307943.0,0.0,-91642264.0,125944710.0,34600044.0,140.1804396667395,19.35750234766341,0.0,0.0,-0.1074531929752642,140.1804396667395,-0.10432610787390702,0.0,-3.3590938691068164,1.4017647573880696,0.0,0.0,0.0,0.0,18.66375371151487,-0.09850659334476267,-20.38893754522746,0.0,-0.3573454952760005,-1.7918807342393501,-1.0,0.0,0.0,-0.35734549527600046,-0.149740859830892,-1.7918807342393501,-1.0,0.0,Biotechnology,Healthcare,TRVN
2013Q4,2013,Q4,2013-12-31,2013-12-31,-6905695.0,0.0,-8397000.0,-10.774325666862858,0.0,0.0,42392926.0,38991529.0,41922242.0,2736959.0,3401397.0,0.0,-82268850.0,104152750.0,66187552.0,60.83491278434799,15.317088052835281,0.0,0.0,-0.21535446840261124,60.83491278434799,-0.17710757123681917,0.0,-3.770538302082556,2.671163523748966,0.0,0.0,0.0,0.0,13.871306804376683,-0.16289734282554594,-9.812965020035255,0.0,0.32469159705908274,-0.904755314179418,-1.0,855.6372871704913,0.0,0.21365152588630945,-0.07093568302344389,-0.904755314179418,-1.0,855.6372871704913,Biotechnology,Healthcare,TRVN
2013Q3,2013,Q3,2013-09-30,2013-09-30,-8781978.0,0.0,-7840807.0,-15.95467436795023,0.0,0.0,50448802.0,46715783.0,49879907.0,3458323.0,3733019.0,0.0,-75363155.0,89445362.5,41461406.5,84.87097067217991,14.423148734227544,0.0,0.0,-0.16784064178053057,84.87097067217991,-0.1879873874745929,0.0,-2.5462760923564143,1.9146711615643903,0.0,0.0,0.0,0.0,13.929942923202951,-0.17407703754788864,-13.154931134152104,0.0,-0.876300990027933,-1.1544136028180645,-1.0,0.0,0.0,-0.876300990027933,-0.8353188550006238,-1.1544136028180645,-1.0,0.0,Biotechnology,Healthcare,TRVN
2013Q2,2013,Q2,2013-06-30,2013-06-30,-4680474.0,93779.0,-4272177.0,-8.503259579750425,0.0,0.0,56448001.0,52513206.0,55750018.0,2232628.0,3934795.0,0.0,-66584688.0,89445362.5,34677730.5,95.40344783107118,24.970580858073983,0.0,0.0,-0.08135433589790728,95.40344783107118,-0.08912946583379426,953.7888279892087,-4.777580352972797,1.7032927393539827,0.0,0.0,0.0,0.0016613342959655914,24.556192074989653,-0.08291655890524803,-20.678001395866357,0.0,-0.6233113029291559,0.0,0.0,0.0,0.0,-0.6233113029291559,-0.5067802301130532,0.0,0.0,0.0,Biotechnology,Healthcare,TRVN
2013Q1,2013,Q1,2013-03-31,2013-03-31,-2883288.0,41201.0,-2835302.0,-5.238218673403472,0.0,0.0,,,,,,,,89445362.5,,,0.0,0.0,0.0,0.0,,0.0,2170.9512511832236,-7.755500187633008,0.0,0.0,0.0,0.0,0.0,0.0,0.0,-33.87481404811571,0.0,0.0739536207269783,0.0,0.0,0.0,0.0,0.07395362072697818,0.09643414726331566,0.0,0.0,0.0,Biotechnology,Healthcare,TRVN
2012Q4,2012,Q4,2012-12-31,2012-12-31,-3113546.0,252635.0,-3137903.0,-5.656540310125346,0.0,0.0,8087686.0,-39181.0,7008213.0,3931600.0,8126867.0,0.0,-59017415.0,89445362.5,87574910.5,-0.07118214205906986,1.782534591514905,0.6019282895008535,-124.24917689696537,-0.6498003945309054,-0.07118214205906986,79.46571042086725,354.0497654719259,-7.181952868208788,-2282.875947525586,0.0,0.0,0.0,0.031236994116734997,1.7169940990945163,-0.3849736500650495,-28.37220505809546,0.0,0.23617824419512617,0.0,0.0,0.0,0.0,0.23617824419512629,0.22602591734056454,0.0,0.0,0.0,Biotechnology,Healthcare,TRVN
2012Q3,2012,Q3,2012-09-30,2012-09-30,-4076273.0,147379.0,-4054274.0,-7.405576323451002,0.0,0.0,,,,,,,,89445362.5,,,0.0,0.0,0.0,0.0,,0.0,606.9071068469727,-5.485731849903085,0.0,0.0,0.0,0.0,0.0,0.0,0.0,-24.36111402382311,0.0,0.0,0.0,0.0,0.0,0.0,0.0,0.0,0.0,0.0,0.0,Biotechnology,Healthcare,TRVN
