Year,Date,FillingDate,NetIncome,Revenue,OperatingIncome,EPSDiluted,GrossProfit,GrossProfitRatio,TotalAssets,CommonStockEquity,CurrentAssets,CurrentLiability,TotalLiability,Inventory,RetainedEarnings,EnterpriseValue,bookValuePerShare,currentRatio,debtToAssets,debtToEquity,roic,shareholdersEquityPerShare,roe,priceToSalesRatio,peRatio,pbRatio,payoutRatio,inventoryTurnover,dividendYield,assetTurnover,quickRatio,returnOnAssets,priceToFreeCashFlowsRatio,grossProfitMargin,epsdilutedGrowth,fiveYNetIncomeGrowthPerShare,fiveYRevenueGrowthPerShare,fiveYShareholdersEquityGrowthPerShare,grossProfitGrowth,netIncomeGrowth,operatingIncomeGrowth,threeYNetIncomeGrowthPerShare,threeYRevenueGrowthPerShare,threeYShareholdersEquityGrowthPerShare,Industry,Sector,Price,MarketCap,AvgVolume,Symbol
2022,2022-09-30,2022-11-16,72198000.0,1737076000.0,103993000.0,0.58,535979000.0,0.308552418,2190863000.0,710093000.0,831389000.0,483716000.0,1480770000.0,229351000.0,61016000.0,4796789660.0,5.861851772358797,1.7187543930736218,0.6758843432930312,2.0853184019558,0.06349780897042813,5.861851772358797,0.10167400608089364,2.3061936610718243,55.48676777750076,5.641561964418745,0.0,5.236938142846554,0.0,0.7928729455013847,1.1201614170298275,0.03295413725093719,41.69650755651776,0.3085524179713496,0.38095238095238093,30.214051435360492,0.30222556943112566,2.140607643717093,0.17191791005614931,0.4023930694223224,0.047081567103315645,9.375174867223777,0.1817412924592532,0.923536508679758,Pollution & Treatment Controls,Industrials,49.88,6102768120,2148617,AQUA
2021,2021-09-30,2021-11-17,51482000.0,1464429000.0,99317000.0,0.42,457352000.0,0.3123073908,1868891000.0,580671000.0,678458000.0,405989000.0,1286672000.0,158503000.0,-11182000.0,5126133000.0,4.856123771691407,1.671124094495171,0.6884681878183372,2.215836506386577,0.05885996767596735,4.856123771691407,0.08865949909673464,3.066886137873533,87.23897672973078,7.7345639785696205,0.0,6.3536778483688,0.0,0.7835818140276773,1.2241341514178956,0.027546817872203356,45.078257989400996,0.31230739079873454,-0.5531914893617021,3.164737175871162,0.21249750799586375,1.7571870550615016,0.016782902737420603,-0.5470087726244841,-0.410399648556231,6.996352209784006,0.04174969390858145,0.5419212970185888,Pollution & Treatment Controls,Industrials,49.88,6102768120,2148617,AQUA
2020,2020-09-30,2020-11-20,113649000.0,1429456000.0,168448000.0,0.94,449803000.0,0.314667258,1844458000.0,480144000.0,695712000.0,349555000.0,1362395000.0,142379000.0,-62664000.0,3197648620.0,4.11360423574164,1.9902790691021441,0.7386424629891274,2.8374716751641174,0.12130558769084823,4.11360423574164,0.23669774067779667,1.732700845636382,21.793589208879972,5.158493327001899,0.0,6.880600369436504,0.0,0.7750005692729246,1.528340318404829,0.06161647486687146,39.08319978539757,0.31466725803382545,14.202247191011235,2.1860663808573095,0.20995334406132696,1.4729990226810876,0.05596978134199764,14.416243654822335,1.8228985118648613,49.994342055603724,0.11216593799208044,1.2039480709691401,Pollution & Treatment Controls,Industrials,49.88,6102768120,2148617,AQUA
2019,2019-09-30,2019-11-25,-8471000.0,1444441000.0,59672000.0,-0.0712,425962000.0,0.2948974724,1737848000.0,362759000.0,637293000.0,322221000.0,1372026000.0,137164000.0,-174976000.0,2881154250.0,3.047434631943715,1.977813364119657,0.7894971251801078,3.78219699580162,-0.32968959458791613,3.047434631943715,-0.023351591552518338,1.4026313639670986,-239.17108369732028,5.585025457673001,0.0,7.425264646700301,0.0,0.8311664771602579,1.3684179491715314,-0.004874419396863247,67.75754155379418,0.2948974724478189,-2.424,0.9133151381562218,0.19884446328691113,0.8320437345433135,0.05245186332718113,-2.380766096169519,-0.10732130568770008,-1.6883724223698802,0.20134828719277778,0.7302580645333824,Pollution & Treatment Controls,Industrials,49.88,6102768120,2148617,AQUA
2018,2018-09-30,2018-12-11,6135000.0,1339541000.0,66846000.0,0.05,404733000.0,0.3021430475065713,1663617000.0,358855000.0,565560000.0,284719000.0,1301601000.0,134988000.0,-163871000.0,2892007000.0,3.1493979498701115,1.9863795531734798,0.7823922212865101,3.6270945089242175,0.041890051325744304,3.1493979498701115,0.01709604157668139,1.5098500157889905,329.6668296658517,5.635997826420142,0.0,6.925119269861025,0.0,0.8051979512111261,1.428489141925899,0.003687747840999461,-1228.7399756986633,0.3021430475065713,1.6186236514088197,1.0655866551237938,0.16147905221585657,0.8933416064655594,0.012462758066896644,1.8363384188626908,-0.034073174960984914,1.0655866551237938,0.16147905221585657,0.8933416064655594,Pollution & Treatment Controls,Industrials,49.88,6102768120,2148617,AQUA
2017,2017-09-30,2017-12-04,2163000.0,1247424000.0,69204000.0,0.019094,399751000.0,0.32046120645426096,1473309000.0,211438000.0,512240000.0,291899000.0,1256734000.0,120047000.0,-170006000.0,3205705526.16,1.8664705806488302,1.754853562362324,0.853000965853056,5.9437471031697235,0.025875304097388807,1.8664705806488302,0.010229949204967887,1.8961744572494996,1093.5430079334258,11.18688942460674,0.0,7.061176039384574,0.0,0.846681856962796,1.2749170089654298,0.0014681237948047559,-69.18809858016205,0.32046120645426096,-0.8121704239195807,1.02325878387771,0.08792519418981061,0.12207681081779662,0.2002191764370318,-0.8141592920353983,0.8625756964069439,1.02325878387771,0.08792519418981061,0.12207681081779662,Pollution & Treatment Controls,Industrials,49.88,6102768120,2148617,AQUA
2016,2016-09-30,2016-09-30,11639000.0,1137196000.0,37155000.0,0.10165598197285447,333065000.0,0.2928826693023894,1296231000.0,198295000.0,418336000.0,284862000.0,1092296000.0,112392000.0,-172169000.0,3064841560.0,1.7612601810155701,1.4685567046499708,0.8426707893886197,5.508439446279533,-0.08258785654777734,1.7612601810155701,0.058695378098287905,2.067204386930661,201.97753758913996,11.855147936155728,0.0,7.15469962274895,0.0,0.8773096770560186,1.016945047075426,0.008979109433426604,-146.4044690789064,0.2928826693023894,1.1238298155548072,1.1259272728348786,-0.0020841781959146967,0.05882687218532385,0.13900696607926352,1.1352569987565513,7.743194192377495,1.1259272728348786,-0.0020841781959146967,0.05882687218532385,Pollution & Treatment Controls,Industrials,49.88,6102768120,2148617,AQUA
2015,2015-09-30,2015-09-30,-86051000.0,1060966000.0,-5510000.0,-0.820933,292417000.0,0.27561392165253173,1039871000.0,174360000.0,481473000.0,249359000.0,865511000.0,92611000.0,-183808000.0,2578318480.0,1.6634071416987055,1.9308426806331433,0.832325355741241,4.963930947465015,-0.01993488340001129,1.6634071416987055,-0.49352489103005276,2.062895964620921,-25.43448048250456,12.552549208534066,0.0,8.298679422530801,0.0,1.020286170111485,1.496549152025794,-0.0827516105363069,-319.9798947368421,0.27561392165253173,0.0,0.0,0.0,0.0,0.0,0.0,0.0,0.0,0.0,0.0,Pollution & Treatment Controls,Industrials,49.88,6102768120,2148617,AQUA
TTM,,,,,,,,,,,,,,,,6937734120.0,6.049365037803161,1.7796775913557896,0.4291373434650181,1.2825680875957826,0.04800464700514,6.049365037803161,0.11090370307803844,3.2850797024098854,77.3782328226349,8.24549348374487,0.0,5.379431744095565,0.0,0.8407622297551107,1.129639972096415,0.03565444860312188,73.23878358755266,0.3115588276616051,,,,,,,,,,,Pollution & Treatment Controls,Industrials,49.88,6102768120,2148617,AQUA
