Quarters,Year,Quarter,FillingDate,Date,NetIncome,Revenue,OperatingIncome,EPSDiluted,GrossProfit,GrossProfitRatio,TotalAssets,CommonStockEquity,CurrentAssets,CurrentLiability,TotalLiability,Inventory,RetainedEarnings,MarketCap,EnterpriseValue,bookValuePerShare,currentRatio,debtToAssets,debtToEquity,roic,shareholdersEquityPerShare,roe,priceToSalesRatio,peRatio,pbRatio,payoutRatio,inventoryTurnover,dividendYield,assetTurnover,quickRatio,returnOnAssets,priceToFreeCashFlowsRatio,grossProfitMargin,epsdilutedGrowth,fiveYNetIncomeGrowthPerShare,fiveYRevenueGrowthPerShare,fiveYShareholdersEquityGrowthPerShare,grossProfitGrowth,netIncomeGrowth,operatingIncomeGrowth,threeYNetIncomeGrowthPerShare,threeYRevenueGrowthPerShare,threeYShareholdersEquityGrowthPerShare,Industry,Sector,Symbol
2023Q1,2023,Q1,2023-05-10,2023-03-31,304090000.0,1788686000.0,369609000.0,2.04,781385000.0,0.436848614,12029585000.0,3095849000.0,5290507000.0,3084584000.0,8933736000.0,830521000.0,2770616000.0,5545442560.0,11169431560.0,21.197476172217353,1.7151444084518366,0.5972931734552771,2.3209106774910535,0.027608580700728993,21.197476172217353,0.09822507493098016,3.1002884575604663,4.559047124206649,1.791250981556271,0.07932848827649709,1.2128543408294312,0.004350058582159401,0.14869058242657582,1.3422753278886228,0.025278511270338918,3547.9478950735765,0.4368486140105083,6.285714285714286,1.0032054515736732,0.33532968170907174,0.7856781140802965,0.6969402801938033,6.262544481860954,11.976746258018531,3.5709628001347307,0.4433941951380716,0.9168624296189406,Recreational Vehicles,Consumer Cyclical,HOG
2022Q4,2022,Q4,2023-02-24,2022-12-31,41871000.0,1142282000.0,-33672000.0,0.28,460467000.0,0.4031114909,11492476000.0,2906808000.0,4750653000.0,3533907000.0,8585668000.0,950960000.0,2490649000.0,6081379200.0,11560506200.0,19.884175747501487,1.3443061744409233,0.601463253001355,2.3779699243981716,-0.006003216066938194,19.884175747501487,0.014404460150102794,5.323886045652475,36.310209930500825,2.0921158879430632,0.5497122113157078,0.7169754774122992,0.003784832230162526,0.0993938991040747,0.9813588756014235,0.0036433402166774157,-65.41579304039155,0.4031114908577742,-0.8426966292134831,4.797007135727454,0.06991041666509468,0.8142232089907443,-0.19394778577955474,-0.8396889572948014,-1.099410128779693,2.2671625326955245,0.12184084762711758,0.6968463972544395,Recreational Vehicles,Consumer Cyclical,HOG
2022Q3,2022,Q3,2022-11-03,2022-09-25,261186000.0,1648575000.0,338718000.0,1.78,571262000.0,0.3465186601,11927611000.0,2840210000.0,5012182000.0,3679907000.0,9087401000.0,680762000.0,2471795000.0,5427575040.0,10868532040.0,19.42462230793957,1.3620403993905281,0.6012274377492693,2.5248861879931415,0.02580160020458935,19.42462230793957,0.09196010154178741,3.2922827532869294,5.1951243941099445,1.910976667218269,0.08812493778380158,1.582510480902283,0.004240752054162295,0.1382150205938138,1.043075816861676,0.02189759541956893,18.056646151184687,0.3465186600548959,0.21917808219178087,3.448113844776367,0.6635179719141516,0.7768400270373734,0.20856481579426164,0.21004035228330917,0.22009977847018353,2.2241049961734993,0.38431847725101326,0.6527895445860054,Recreational Vehicles,Consumer Cyclical,HOG
2022Q2,2022,Q2,2022-08-04,2022-06-26,215849000.0,1469087000.0,277615000.0,1.46,472678000.0,0.3217494948,12121618000.0,2635152000.0,5308168000.0,3675903000.0,9486466000.0,726586000.0,2233626000.0,4831465020.0,10430459020.0,17.90051015209461,1.4440446333866808,0.6429218442620449,2.957420672507696,0.02073457950041387,17.90051015209461,0.08191140397214278,3.2887535047277665,5.59588534114126,1.8334672990400556,0.10697293015024392,1.3713572791108004,0.004779088724521078,0.12119561926468893,1.1347628052209213,0.01780694623440534,62.06200490693522,0.32174949475422493,0.006896551724137937,-0.012125035373449182,-0.013970625484506914,0.5257845889981947,-0.04314644771575248,-0.029900854823776864,-0.04016498865962272,0.19030471226438786,-0.029247637576757416,0.48789527639394403,Recreational Vehicles,Consumer Cyclical,HOG
2022Q1,2022,Q1,2022-05-05,2022-03-27,222502000.0,1495186000.0,289232000.0,1.45,493992000.0,0.3303883263,10894640000.0,2509101000.0,4387257000.0,3283263000.0,8385539000.0,714259000.0,2040867000.0,5976790200.0,11196518200.0,16.41866902237927,1.3362490303091772,0.6070378644911626,2.6357882763587437,0.024204507072373472,16.41866902237927,0.08867797669364445,3.9973556467222138,6.715434243287701,2.3820444852558746,0.10811588210443052,1.4017240244785154,0.004024902865086347,0.1372405146016757,1.0196134150690943,0.020423070427292685,53.68920968002731,0.3303883262684375,9.357142857142856,0.3749762105394033,0.1465153973424148,0.44962833347686,0.5654257139597673,9.316780266147354,20.735327271360937,0.8129096838388112,0.12591465979206728,0.4550837642984294,Recreational Vehicles,Consumer Cyclical,HOG
2021Q4,2021,Q4,2022-02-25,2021-12-31,21567000.0,1016433000.0,13307000.0,0.14,315564000.0,0.3104621751,11051055000.0,2553244000.0,4550091000.0,3342887000.0,8497811000.0,712942000.0,1842421000.0,5799699510.0,10861626510.0,16.592543491964467,1.3611261762662035,0.627693193093329,2.716807324329363,0.005427830591605264,16.592543491964467,0.008446901275397102,5.7059338982500565,67.22886249826124,2.2715022575202366,1.0715444892660082,0.9830659436532004,0.003984689199872013,0.0919761054487558,1.0537110587345608,0.0019515783787158784,-677.9309772063121,0.31046217507696033,-0.8666666666666667,-0.4753233991957033,0.05044127169611052,0.5261810024887515,-0.32908257095293475,-0.8676651960754236,-0.9348373259162047,44.88976726499195,-0.06571848757240481,0.5159417217592823,Recreational Vehicles,Consumer Cyclical,HOG
2021Q3,2021,Q3,2021-11-04,2021-09-26,162973000.0,1365310000.0,204212000.0,1.05,470347000.0,0.34449831906306994,11199804000.0,2333894000.0,4708420000.0,3430112000.0,8865910000.0,475314000.0,1843964000.0,5874489340.0,11070913340.0,15.168650032821406,1.3726723792109412,0.6480226796826087,3.1097072103531693,0.017522076880007884,15.168650032821406,0.06982879256727169,4.302678029165538,9.011445668914481,2.517033481383473,0.14178422192633136,1.882887943548896,0.00393344828165098,0.12190481190563691,1.132543776996203,0.014551415364054585,22.827468942228855,0.34449831906306994,-0.2105263157894737,0.6569767176355759,0.24204673764121568,0.35851588389122185,-0.15857406599068316,-0.21017253077444994,-0.27160793265801114,0.5436413995439447,0.11909638893844132,0.16902987776708545,Recreational Vehicles,Consumer Cyclical,HOG
2021Q2,2021,Q2,2021-08-05,2021-06-30,206340000.0,1532058000.0,280360000.0,1.33,558988000.0,0.36486086035907256,10909226000.0,2184272000.0,4469604000.0,3451151000.0,8724954000.0,457648000.0,1704098000.0,7044733360.0,12400360360.0,14.206831958789708,1.2951053141401232,0.6506048183436661,3.2494098720305895,0.022524113341700385,14.206831958789708,0.09446625694968393,4.5982158377815985,8.535346224677717,3.225208838459679,0.11197053406998159,2.126241128552949,0.003279613126478928,0.14043691092291974,1.0532883087410547,0.018914265778342113,15.22316636557727,0.36486086035907256,-0.20833333333333326,-0.1357598989817088,-0.033085944718080317,0.26945090390184545,0.0068626638663635805,-0.20376315870712808,-0.1901182642255051,-0.07743122182448983,-0.031057162014313928,0.09492179561236763,Recreational Vehicles,Consumer Cyclical,HOG
2021Q1,2021,Q1,2021-05-06,2021-03-28,259144000.0,1422507000.0,346174000.0,1.68,555178000.0,0.39028138350110053,11338988000.0,1976386000.0,5187135000.0,3454597000.0,9362602000.0,470997000.0,1520862000.0,5608086120.0,11183099120.0,12.877324437378647,1.5015166747380375,0.6963282790316032,3.9949979406856757,0.026634465497420445,12.877324437378647,0.13112013543912981,3.9423961498959232,5.4102025514771706,2.837545965211249,0.08915892322415336,1.8414745741480307,0.0041199438642001455,0.12545272999671575,1.2549678008751817,0.022854244135367283,38.95369887752834,0.39028138350110053,3.6666666666666665,0.23644375753022817,-0.02849246755120587,0.24791303146835286,1.2703602376775323,3.6882715409033384,3.893971693460069,0.6244786042989372,0.010551124974676465,0.08478746379612326,Recreational Vehicles,Consumer Cyclical,HOG
2020Q4,2020,Q4,2021-02-23,2020-12-31,-96398000.0,725222000.0,-119619000.0,-0.63,244533000.0,0.33718364859312044,12010601000.0,1722785000.0,5845433000.0,3981954000.0,10287816000.0,523497000.0,1284823000.0,5625412700.0,11402209700.0,11.239390400636738,1.4679810464912453,0.7521688548308282,5.243834837196748,-0.008520023030099008,11.239390400636738,-0.05595474769051274,7.756814740865556,-14.58902855868379,3.2653016482033457,-0.03200273864603,0.918226847527302,0.0005484042086369947,0.060381824356666246,1.233018764154483,-0.008026076297097872,1383.1848291123679,0.33718364859312044,-1.8076923076923077,-3.827041900840978,-0.23986483882267007,0.15885857372265488,-0.4196508882059071,-1.801859954416144,-1.8675335789504222,-13.728550618042021,-0.3521633980844096,0.0254769007614066,Recreational Vehicles,Consumer Cyclical,HOG
2020Q3,2020,Q3,2020-11-05,2020-09-27,120218000.0,1165684000.0,137884000.0,0.78,421355000.0,0.36146588612351205,12532275000.0,1769898000.0,6156734000.0,4217431000.0,10762377000.0,322375000.0,2148462000.0,3664255320.0,9643253320.0,11.548939002427375,1.459830403864343,0.7612303432537189,5.390111746552626,0.010995445556362646,11.548939002427375,0.06792368825774141,3.1434379471623526,7.620022209652465,2.0703200523419993,0.025661714551897388,2.3088918185343155,0.0008419173148665852,0.0930145564153356,1.302990612057435,0.009592671721614791,7.33443686498691,0.36146588612351205,2.3,0.1379776206522075,0.17549461298296468,-0.08139012951411821,0.7455073448387284,2.303642495418415,2.1876415817535033,0.9533821569965384,0.12225446266739588,0.056422964833580884,Recreational Vehicles,Consumer Cyclical,HOG
2020Q2,2020,Q2,2020-08-06,2020-06-28,-92217000.0,865227000.0,-116099000.0,-0.6,241394000.0,0.278994992065666,13156152000.0,1623705000.0,6811834000.0,4655097000.0,11532447000.0,429339000.0,2031329000.0,3652264160.0,10053985160.0,10.598665787635689,1.4633065648256094,0.779735442399875,6.31784591412849,-0.007615607227530661,10.598665787635689,-0.05679418367252672,4.221162954923968,-9.901276771094267,2.2493397261202004,-0.0336163614084171,1.453007996012475,0.0008487885498402722,0.0657659625702105,1.2952787020334915,-0.007009420383710982,6.246528758121867,0.278994992065666,-2.3333333333333335,-1.4169086253185539,-0.35718217764066335,-0.27212815906110416,-0.48076480470119576,-2.3231508716550686,-2.0798601099401934,-1.4055526658089306,-0.44197104622676964,-0.096602231706526,Recreational Vehicles,Consumer Cyclical,HOG
2020Q1,2020,Q1,2020-05-07,2020-03-29,69695000.0,1298244000.0,107513000.0,0.45,464903000.0,0.3581014046666112,11139947000.0,1691983000.0,4976382000.0,4580070000.0,9447964000.0,610924000.0,2126646000.0,2741831680.0000005,9457025680.0,11.05842330919453,1.0865296818607575,0.7343172279006355,4.8347146513883414,0.007993804818565823,11.05842330919453,0.04119131220585549,2.111954054861798,9.835108974818855,1.6204841774414993,0.843919936867781,1.3640665614708212,0.02145171799896921,0.11653951315926368,0.9002478128063545,0.006256313427703023,-66.05231703204048,0.3581014046666112,4.0,-0.6444602656425036,0.06829216185717478,-0.20662412011814857,0.2675807876454614,4.164122703023118,7.67390076643808,-0.5698298230453007,-0.005697790889004366,-0.02363561073440187,Recreational Vehicles,Consumer Cyclical,HOG
2019Q4,2019,Q4,2020-02-19,2019-12-31,13496000.0,1072271000.0,12395000.0,0.09,366764000.0,0.34204412876968604,10528159000.0,1803999000.0,4202823000.0,3196772000.0,8724160000.0,603571000.0,2193997000.0,5725288930.0,12399810930.0,11.718312146388042,1.3147083995980946,0.7131721699871744,4.162081021109214,0.0013043274877251013,11.718312146388042,0.007481157140331009,5.339404805315074,106.05529286455246,3.173665245934172,4.283639596917605,1.1688881672578701,0.010097656329110364,0.10184791092155808,1.0528508132578738,0.0012818955336825746,-140.8227304702873,0.34204412876968604,-0.8363636363636364,-0.7491966092627759,0.23653195452323375,-0.14179958272991317,-0.22006758093018408,-0.8440904312466065,-0.8965738793765228,-0.671817701253881,0.10765804422008507,0.07784954053076382,Recreational Vehicles,Consumer Cyclical,HOG
2019Q3,2019,Q3,2019-11-07,2019-09-29,86563000.0,1272519000.0,119844000.0,0.55,470251000.0,0.3695434017095226,10576230000.0,1836219000.0,4088997000.0,3698751000.0,8740011000.0,489098000.0,2238313000.0,5619916830.0,12196794830.0,11.75262898508055,1.1055075078046617,0.7033942151409339,4.051400731612079,0.009498083346094026,11.75262898508055,0.047141980341124885,4.416371645531422,16.230712977831175,3.060591808493431,0.6765939258112589,1.6403011257457605,0.010421506540337893,0.12031877143367722,0.9138214494568572,0.008184674501216406,17.870222204556658,0.3695434017095226,-0.5528455284552846,-0.20411028398289338,0.3489265457355767,-0.2286060537243343,-0.2171355796763668,-0.5575190026120604,-0.5323288729673726,-0.13328205059153905,0.1400284465297373,0.05257442944265475,Recreational Vehicles,Consumer Cyclical,HOG
2019Q2,2019,Q2,2019-08-08,2019-06-30,195631000.0,1632619000.0,256257000.0,1.23,600680000.0,0.367924175818118,10740316000.0,1910641000.0,4312161000.0,3742252000.0,8829675000.0,470610000.0,2210318000.0,5666447840.0,12232233840.0,12.030759446644796,1.1522903855753166,0.6974118824809251,3.920372272970171,0.020739118121590676,12.030759446644796,0.10239024494920815,3.4707717109748204,7.241244792491987,2.96573131216173,0.3066078484493766,2.192768959435626,0.010585467596927531,0.15200846976941834,0.9652126580465452,0.01821464098449245,13.634805323554394,0.367924175818118,0.5374999999999999,-0.2425694868020018,0.1189202616241334,-0.22173502978965853,0.24143860388791752,0.5290241900816757,0.5334446359327876,-0.20674633395463973,-0.0024815477515336935,0.07500803123949777,Recreational Vehicles,Consumer Cyclical,HOG
2019Q1,2019,Q1,2019-05-09,2019-03-31,127945000.0,1384380000.0,167112000.0,0.8,483858000.0,0.34951241711090886,10580613000.0,1797611000.0,4374081000.0,3590064000.0,8783002000.0,595806000.0,2074669000.0,5888134560.0,12487719560.0,11.283659006597158,1.218385243271429,0.6945897180059416,4.0883066469886975,0.013659120055979584,11.283659006597158,0.07117502062459564,4.253264681662549,11.50520645589902,3.2755332271553748,0.475665324944312,1.5114349301618313,0.010335871128597305,0.1308411903922769,0.9908021138341824,0.012092399561348667,-2278.6898452012383,0.34951241711090886,262.4178465591044,-0.3386249563374666,0.1024858766264734,-0.2180087405770601,0.19262622378656571,257.47474747474746,43.64654020838899,-0.411892261015263,-0.08914878088126213,0.0934744391548642,Recreational Vehicles,Consumer Cyclical,HOG
2018Q4,2018,Q4,2019-02-28,2018-12-31,495000.0,1145862000.0,3743000.0,0.003037,405708000.0,0.35406357833665836,10665664000.0,1773949000.0,4484442000.0,3597600000.0,8891715000.0,556128000.0,2007583000.0,5529930760.0,11925440760.0,10.945370296101139,1.2465093395597064,0.7124990999153921,4.283818756909021,-4.809436134019964e-05,10.945370296101139,0.0002790384616468681,4.8260006527836685,2792.894323232323,3.117299741988073,120.61616161616162,1.3309058346279994,0.010796699378565096,0.10743466135816766,1.0381006782299311,4.6410612597584176e-05,-536.6259835031539,0.35406357833665836,-0.9955338235294118,-0.9910675512790306,0.30961171527540254,-0.1978837458210732,-0.17946456922233706,-0.9956523648500285,-0.9749491353001017,-0.9862707417331807,0.13587312193881457,0.12854307556462244,Recreational Vehicles,Consumer Cyclical,HOG
2018Q3,2018,Q3,2018-11-08,2018-09-30,113855000.0,1315669000.0,149416000.0,0.68,494443000.0,0.37581108926333295,10503800000.0,2152972000.0,4089458000.0,3775814000.0,8350828000.0,516247000.0,1958445000.0,7574567550.0,13744107550.0,12.9754169002031,1.083066591733597,0.6756156819436775,3.296156197107998,0.013026288088447874,12.9754169002031,0.052882712826734395,5.757198467091647,16.632048548592508,3.518191388462089,0.5395019981555488,1.590761786509171,0.008109373848015917,0.12525647860774197,0.8966802919847217,0.010839410499057484,22.53369850421248,0.37581108926333295,-0.5310344827586206,-0.06409333231713488,0.30963176499673206,-0.0007408008948860442,-0.26008613620174664,-0.5301809868860847,-0.5387640570834118,-0.004582159345807009,0.22539340731151267,0.03207281947637481,Recreational Vehicles,Consumer Cyclical,HOG
2018Q2,2018,Q2,2018-08-09,2018-07-01,242338000.0,1713223000.0,323947000.0,1.45,668244000.0,0.39005079899114126,10546022000.0,2161526000.0,4243420000.0,3132424000.0,8384496000.0,465373000.0,1906015000.0,6986742660.0,13149109660.0,12.975202444339063,1.3546761230280446,0.6771383560550129,3.30373819236965,0.026421553013517413,12.975202444339063,0.11211431183339918,4.078127984506395,7.207642486939728,3.2323195094576698,0.25563056557370284,2.2454654653364075,0.008866649741469081,0.16245206012276478,1.1388301839086918,0.022979091073392414,13.878886827384546,0.39005079899114126,0.40776699029126207,0.1940687896599913,0.278429976054516,0.025841786397648978,0.10728636596370819,0.3866665140790671,0.37023564295291794,0.00753703569013825,0.17052677196030483,-0.10891760539014687,Recreational Vehicles,Consumer Cyclical,HOG
2018Q1,2018,Q1,2018-05-10,2018-04-01,174763000.0,1542121000.0,236417000.0,1.03,603497000.0,0.3913421839142324,10277621000.0,1995949000.0,4220154000.0,3795103000.0,8281672000.0,564571000.0,1725626000.0,7070244949.999999,13334893950.0,11.870827113281273,1.1119998587653617,0.6828590001518834,3.516205073376123,0.019915633232971908,11.870827113281273,0.08755885045158969,4.5847536931278405,10.114047238259815,3.5422973983804193,0.358948976614043,1.662543772173916,0.008872535597228495,0.1500464942227389,0.9092090517701364,0.017004226950964624,43.333731413721665,0.3913421839142324,19.599999999999998,0.04078722292135084,0.31006819041940015,0.002675848613424663,0.3153326925549838,20.0203271590089,1.3293462732154293,-0.18872080822203655,0.15474607226778886,-0.14833899529834016,Recreational Vehicles,Consumer Cyclical,HOG
2017Q4,2017,Q4,2018-02-21,2017-12-31,8314000.0,1228928000.0,101495000.0,0.05,458817000.0,0.37334734012082077,9972672000.0,1844277000.0,3884742000.0,3158170000.0,8128395000.0,538202000.0,1607570000.0,8561628480.0,14862116480.0,10.960159504608637,1.2300610796758882,0.7007158161824635,3.7890235577410554,0.0010075103894769892,10.960159504608637,0.004507999611771984,6.966745391105094,257.446129420255,4.642268205914839,7.426148664902574,1.4308958346494438,0.007211361733836879,0.1232295617463404,0.9889173160406185,0.0008336782759926326,-235.9485333186353,0.37334734012082077,-0.875,-0.8428792202035513,0.4011660893147538,-0.03737397275058366,0.09277267693187095,-0.8781099268424988,0.049499524341316124,-0.858648536718279,0.2965497245126667,-0.19732352725378852,Recreational Vehicles,Consumer Cyclical,HOG
2017Q3,2017,Q3,2017-11-02,2017-09-24,68209000.0,1151195000.0,96708000.0,0.4,419865000.0,0.36472100730110885,10088359000.0,1856820000.0,3788142000.0,3216351000.0,8231539000.0,469091000.0,1660997000.0,8314157500.000001,14604090500.0,10.932116573447159,1.1777763061307673,0.6911993318239369,3.755381243200741,0.008310236849884453,10.932116573447159,0.03673430919529087,7.222197368821096,30.473095559237052,4.4776324576426365,0.9041182248676861,1.559036519566566,0.007417348059619991,0.11411122463028922,0.9589830214426224,0.006761159074533331,29.928464980327647,0.36472100730110885,-0.7297297297297298,-0.3226471499603065,0.2252302752694021,-0.08599881409543349,-0.41624527806086625,-0.7365094817029595,-0.759182433475604,-0.42311907937624504,0.12252706207162636,-0.2824610939865201,Recreational Vehicles,Consumer Cyclical,HOG
2017Q2,2017,Q2,2017-08-03,2017-06-25,258867000.0,1765169000.0,401582000.0,1.48,719249000.0,0.40746750027901013,10487771000.0,2046167000.0,4244602000.0,3354761000.0,8441604000.0,372012000.0,1654457000.0,9609935900.0,15793812900.0,11.732003508993229,1.2652472113512707,0.6838777276887529,3.5052627669198064,0.02859015329742819,11.732003508993229,0.12651313406970202,5.444201603359225,9.280765702078673,4.696555022146287,0.24661698864667958,2.8115222089610015,0.006643228494375285,0.16830735529980584,1.0903733529750703,0.024682747172874008,22.8112796714774,0.40746750027901013,0.40952380952380946,0.3737244938722741,0.33901302368766795,0.006878678523032236,0.18411075093387244,0.3890024628559471,0.3777437748303474,-0.08736111212896754,0.10158430915771181,-0.24106143074944195,Recreational Vehicles,Consumer Cyclical,HOG
2017Q1,2017,Q1,2017-05-04,2017-03-26,186369000.0,1501932000.0,291478000.0,1.05,607417000.0,0.4044237688523848,10281855000.0,1993409000.0,4237920000.0,2556739000.0,8288446000.0,485476000.0,1459431000.0,10591740180.0,16723255180.0,11.326123147027573,1.657548932448717,0.6780114094197983,3.497132299492979,0.021285522614447248,11.326123147027573,0.09349260487937999,7.052077044766341,14.2080230349468,5.313380334893642,0.34668319302029843,1.8425524639735023,0.006100130753018528,0.14607597559000784,1.3823769262329866,0.018126009363096444,77.89648001059041,0.4044237688523848,2.888888888888889,0.40946550565165574,0.36680222061002904,0.00733584027692599,0.4393187952144108,2.9502532906589796,3.199366085578447,-0.12797529723459697,0.08267626722219282,-0.2150658488576207,Recreational Vehicles,Consumer Cyclical,HOG
2016Q4,2016,Q4,2017-02-21,2016-12-31,47179000.0,1110600000.0,69410000.0,0.27,422017000.0,0.3799900954439042,9890240000.0,1920158000.0,3853852000.0,2862562000.0,7970082000.0,499917000.0,1337673000.0,10303777440.0,16351360440.0,10.871936857362867,1.346294682874991,0.688311608211732,3.545316062532354,0.005993801092465523,10.871936857362867,0.024570373896314782,9.277667423014586,54.59938447190488,5.366109163933385,1.31274507725895,1.3773946475114869,0.006010805295499472,0.11229252272947876,1.092332672619842,0.0047702583557122985,67.34803187073918,0.3799900954439042,-0.578125,-0.4037150843546452,0.25293788148393503,0.05967711872293682,-0.16865072720431654,-0.586384955946171,-0.6108781450419339,-0.21874161667702793,0.16479240392447983,-0.2032652133474119,Recreational Vehicles,Consumer Cyclical,HOG
2016Q3,2016,Q3,2016-11-03,2016-09-25,114065000.0,1274813000.0,178376000.0,0.64,507629000.0,0.3981987946467443,10212226000.0,1992368000.0,4102344000.0,2553707000.0,8219858000.0,426547000.0,9416583000.0,9223460220.0,15359365220.0,11.165603739113866,1.6064270489919164,0.6782251979147348,3.47636029086996,0.013189351665478025,11.165603739113866,0.05725096970037664,7.235147602040456,20.215360145531054,4.629395884696,0.5486959189935563,1.79859194883565,0.006785631260628997,0.12483203955729143,1.3106993088870416,0.011169455121733498,22.154524408873858,0.3981987946467443,-0.5870967741935484,-0.18594999973494003,0.19543966111484115,0.0035591037438863038,-0.3282016127004461,-0.5932511027668125,-0.5673866541198384,-0.12810828120384857,0.17999116670139556,-0.14011762892201599,Recreational Vehicles,Consumer Cyclical,HOG
2016Q2,2016,Q2,2016-08-04,2016-06-26,280431000.0,1861077000.0,412322000.0,1.55,755627000.0,0.406015978919733,10348440000.0,2021007000.0,4359024000.0,2512767000.0,8327433000.0,371196000.0,9365105000.0,7655082930.0,13851735930.0,11.19132052694823,1.7347505757597104,0.6823562778544399,3.493962663167421,0.03136382923145757,11.19132052694823,0.13875805477170539,4.113254276958987,6.824390785968742,3.7877567618518886,0.22587731028309993,2.9780762723736247,0.008274632760902043,0.17984130941475238,1.4484709485598943,0.027098867075617195,22.08373244210836,0.406015978919733,0.13970588235294112,0.9094189445186036,0.6040139106643095,0.036001197364197705,0.05281732823012906,0.11953419112216504,0.06042260331046118,0.2746580296796635,0.28111238263370225,-0.11519498129124943,Recreational Vehicles,Consumer Cyclical,HOG
2016Q1,2016,Q1,2016-05-05,2016-03-27,250489000.0,1749968000.0,388828000.0,1.36,717719000.0,0.4101326424254615,10467671000.0,1892820000.0,4491750000.0,2588006000.0,8574851000.0,553750000.0,9148017000.0,8861454990.0,15280207990.0,10.319088039513927,1.7356026222504894,0.6794984290201708,3.7577614353187307,0.028280481636373825,10.319088039513927,0.13233640811064973,5.0637811605697935,8.844155821213707,4.681615256601262,0.2573246729397299,1.864106546275395,0.007273861919147433,0.16717835323635982,1.3970999294437494,0.023929773872335115,4179.931599056604,0.4101326424254615,5.1818181818181825,1.6773645682154747,0.8210945464796295,0.031005758961933253,0.5827893580797967,4.936320978291781,4.783979174414281,0.3674189100526946,0.36271808442374853,-0.12839263362194767,Recreational Vehicles,Consumer Cyclical,HOG
2015Q4,2015,Q4,2016-02-18,2015-12-31,42196000.0,1180635000.0,67225000.0,0.22,453452000.0,0.38407467168091747,9991167000.0,1839654000.0,3983154000.0,2752578000.0,8151513000.0,585907000.0,8961985000.0,8609620590.0,14777799590.0,9.698673035253927,1.447063080501261,0.6896479660484106,3.745480400118718,0.005361211915603555,9.698673035253927,0.022936921834214478,7.292364354775184,51.00969635747464,4.680021672553643,1.3700587733434448,1.2411235912866718,0.0067146977495323055,0.11816787768636036,1.1147324435492836,0.004223330467802209,-206.1740125481932,0.38407467168091747,-0.6811594202898551,2.122135155486937,0.3552884416734012,0.03672672877120825,-0.14432363275426752,-0.6993451944109956,-0.6885366667284419,-0.292575112455743,0.19416483328451836,-0.1481697789533309,Recreational Vehicles,Consumer Cyclical,HOG
2015Q3,2015,Q3,2015-11-05,2015-09-27,140347000.0,1317430000.0,215836000.0,0.69,529934000.0,0.4022483167986155,10731558000.0,2559673000.0,4616041000.0,2663005000.0,8171885000.0,466657000.0,8977600000.0,10739794500.0,16307346500.0,12.57219127889272,1.73339554375602,0.6463279609540385,2.709762536073944,0.014895045630602718,12.57219127889272,0.05483005055723915,8.152079806896761,19.130787441128064,4.195768170387389,0.4396673958118093,1.687526384475107,0.005745547552143572,0.12276223079631121,1.4190131073730616,0.013077970598490918,30.412371615709397,0.4022483167986155,-0.5208333333333334,0.8120458309568495,0.1991999676167035,0.34051323198546346,-0.3202793614960847,-0.5318801907874987,-0.5333437113526883,0.16270210173374602,0.16973751221794434,0.05112286912831629,Recreational Vehicles,Consumer Cyclical,HOG
2015Q2,2015,Q2,2015-08-06,2015-06-28,299810000.0,1824392000.0,462516000.0,1.44,779635000.0,0.42733962876399373,10564872000.0,3023627000.0,4696390000.0,2522724000.0,7541245000.0,395044000.0,8898959000.0,11613864500.0,16592985500.0,14.561170238381893,1.8616344871654609,0.5893777037715175,2.059347928828523,0.032310081874481596,14.561170238381893,0.09915574903915066,6.365882167867432,9.684353840765818,3.8410374361652413,0.21439578399653114,2.6446598353601116,0.005534591866471319,0.17268472348742134,1.5496689293002326,0.028378005904851473,29.617156678983918,0.42733962876399373,0.13385826771653536,3.7340991400907506,0.5662163230570467,0.5897606522953784,0.09175145705027489,0.1110081747908128,0.12776322911942417,0.33630631928336663,0.16239471076685238,0.24968696404941795,Recreational Vehicles,Consumer Cyclical,HOG
2015Q1,2015,Q1,2015-05-07,2015-03-29,269854000.0,1672945000.0,410118000.0,1.27,714114000.0,0.4268604168098772,10263824000.0,2935840000.0,4713805000.0,2508887000.0,7327984000.0,480941000.0,8663427000.0,12795711750.0,17555465750.0,13.93844152514611,1.8788430885886849,0.5776090860482409,2.019346422148346,0.030345573654512837,13.93844152514611,0.0919171344487438,7.648614718355953,11.854291348284628,4.3584499666194345,0.2426015549148799,1.993656186517681,0.005116323443281692,0.16299431868668052,1.5402977495598646,0.026291760264010762,93.65159992973776,0.4268604168098772,2.628571428571429,7.952470306306524,0.5321338125274246,0.5549309199207358,0.6286124794745485,2.6234172541121183,3.1707056634090285,0.7053228300161543,0.2721374506837012,0.23967323360497747,Recreational Vehicles,Consumer Cyclical,HOG
2014Q4,2014,Q4,2015-02-19,2014-12-31,74475000.0,1200157000.0,98333000.0,0.35,438480000.0,0.3653521997538655,9528097000.0,2909286000.0,3948095000.0,2389286000.0,6618811000.0,448871000.0,8459040000.0,14043048240.0,18640997240.0,13.654516952652724,1.6524162448530648,0.57772596143805,1.8920893305092727,0.008714574593225975,13.654516952652724,0.025599064512736115,11.701009317947568,47.14014179254783,4.826974123547839,0.7846928499496475,1.6968728209218238,0.004161489656749908,0.1259597797965323,1.3092869585307074,0.007816356193686945,207.1062773205911,0.3653521997538655,-0.49275362318840576,1.3743229775423165,0.08457485425697832,0.5169396923280707,-0.16560261082197125,-0.5037183639198752,-0.5611564088489019,-0.21974677555631628,0.12235411164028732,0.33089249613709354,Recreational Vehicles,Consumer Cyclical,HOG
2014Q3,2014,Q3,2014-11-06,2014-09-28,150066000.0,1301604000.0,224073000.0,0.69,525505000.0,0.4037364666980126,10025506000.0,3284363000.0,4202478000.0,2707044000.0,6741143000.0,460958000.0,8443005000.0,12792042480.0,17256044480.0,15.23557326554469,1.5524232336083197,0.5430018195590327,1.6575110607445036,0.017083994697044375,15.23557326554469,0.04569105181126447,9.827906552223256,21.31069409459838,3.894832112041209,0.39468633801127506,1.6836653230880037,0.004630144098771004,0.12982925749583113,1.2324022069829674,0.014968421544009848,36.49832511134634,0.4037364666980126,-0.5740740740740742,5.116123280226473,0.25293297719723373,0.5480396619291161,-0.3816220528775776,-0.5762678842195322,-0.5908799605619917,-0.11350563684061356,0.010310920256689587,0.36936601088870336,Recreational Vehicles,Consumer Cyclical,HOG
2014Q2,2014,Q2,2014-08-07,2014-06-29,354153000.0,2000699000.0,547695000.0,1.62,849812000.0,0.4247575472372406,10076296000.0,3366260000.0,4373698000.0,2453648000.0,6710036000.0,371597000.0,8352168000.0,15210675699.999998,19570262700.0,15.458436274464782,1.7825287082743735,0.5318356070524327,1.5919545727305675,0.040487762771768444,15.458436274464782,0.10520666852827767,7.602680713090773,10.737361888788177,4.518568292407598,0.16971196064977567,3.097137490345724,0.003951435240973549,0.19855500473586724,1.4788641239493197,0.03514714137020191,47.77762466861831,0.4247575472372406,0.3388429752066117,18.154962757040874,0.8525376955245333,0.5961944015117744,0.20092024973361935,0.33181782285449973,0.3329739438573605,0.9997261152851159,0.4299798908175938,0.43101597806624464,Recreational Vehicles,Consumer Cyclical,HOG
2014Q1,2014,Q1,2014-05-08,2014-03-30,265917000.0,1726048000.0,410882000.0,1.21,707634000.0,0.40997353491907523,9729791000.0,3159835000.0,4360471000.0,2844114000.0,6569956000.0,449044000.0,8058119000.0,14586657460.0,18745478460.0,14.429392746568274,1.533156195567407,0.5236125832507604,1.612312351752544,0.032373886240187826,14.429392746568274,0.08415534355433116,8.450899082760156,13.713543568105836,4.61627188128494,0.22761613586194188,2.2679603780475857,0.004149477024875581,0.17739826066150854,1.2576633707368974,0.027330186229077274,82.08355116625869,0.40997353491907523,2.558823529411764,1.4034649420935614,0.41843270597331517,0.5009828621994709,0.5952073940486925,2.526329748438515,2.366891736864532,1.380765403441014,0.5045509633802279,0.44167652830067317,Recreational Vehicles,Consumer Cyclical,HOG
2013Q4,2013,Q4,2014-02-20,2013-12-31,75409000.0,1190634000.0,122036000.0,0.34,443600000.0,0.3725746115094983,9405040000.0,3009486000.0,3988803000.0,2509586000.0,6395554000.0,424507000.0,7852729000.0,15270605039.999998,19463163040.0,13.64561588058727,1.5894267022528816,0.5591863511478952,1.7475309737277396,0.009928999248349078,13.64561588058727,0.025057102774360806,12.825608070994107,50.6259366919068,5.074157194949569,0.6221538543144718,1.7597683901561105,0.0030723078671151334,0.1265953148524621,1.2752589470932656,0.00801793506460366,275.8468368286999,0.3725746115094983,-0.5342465753424657,0.02256410971482672,-0.02811618382806634,0.5009124185457563,-0.1782217652670872,-0.5365606332505716,-0.5148426287772473,2.7247323596486077,0.17549018187228435,0.45862992416872467,Recreational Vehicles,Consumer Cyclical,HOG
2013Q3,2013,Q3,2013-11-06,2013-09-29,162716000.0,1343718000.0,251539000.0,0.73,539805000.0,0.401724915495662,9484008000.0,2881847000.0,4092675000.0,1981716000.0,6602161000.0,401199000.0,7824236000.0,14257168639.999998,18410722640.0,12.985036226659938,2.065217720399896,0.546552575662104,1.798675988003527,0.021028046827722954,12.985036226659938,0.05646240067567779,10.610238636380549,21.90498881486762,4.947233021045183,0.2861365815285528,2.0037761808977588,0.0032656554169790616,0.14168250385280148,1.6510736149882224,0.01715688135227216,36.52640399666944,0.401724915495662,-0.39669421487603307,0.02609650846661243,-0.008179641258880588,0.2104522705523987,-0.24944209231025924,-0.4012048325783196,-0.417492433207278,0.9272677613070536,0.12206482283159556,0.3845329341172182,Recreational Vehicles,Consumer Cyclical,HOG
2013Q2,2013,Q2,2013-08-08,2013-06-30,271739000.0,1794307000.0,431821000.0,1.21,719205000.0,0.40082605707941843,9707198000.0,2821239000.0,4454471000.0,2096689000.0,6885959000.0,307717000.0,7708238000.0,12388308080.0,16623989080.0,12.648346573893082,2.1245263365239193,0.5703366718181704,1.9623899286802713,0.033242834463093715,12.648346573893082,0.09631902862536637,6.90422992275012,11.397248904279474,4.3910877738468805,0.17261048285303177,3.4938011224599226,0.003786231315616426,0.184842938199056,1.7642645141935691,0.02799355694609299,27.296762457088214,0.40082605707941843,0.2222222222222222,0.2854277476486872,0.20246538765322125,0.17386507070345433,0.1310869021613486,0.21242231036590534,0.2397747957255976,2.9945606614744973,0.43402311519432457,0.38092223156404514,Recreational Vehicles,Consumer Cyclical,HOG
2013Q1,2013,Q1,2013-05-09,2013-03-31,224129000.0,1571213000.0,348306000.0,0.99,635853000.0,0.4046892432789189,9335121000.0,2657048000.0,4332979000.0,2227183000.0,6678073000.0,416050000.0,0.0,11571559240.0,15848117240.0,11.839147347267955,1.9454975186143213,0.5672467448466924,1.9929323821022429,0.028997832890515607,11.839147347267955,0.0843526349542801,7.364729823391227,12.90725345671466,4.355043356386487,0.21107487206028672,2.248191323158274,0.004088299512521011,0.16831201223851303,1.5659754946046194,0.02400922280493204,-88.50140910133844,0.4046892432789189,2.193548387096774,0.26218056070339807,0.27057438437027503,0.15438533978863933,0.47144596045616116,2.1728790045159188,1.999974160874396,5.978326323156076,0.3504835207382017,0.32073992939261026,Recreational Vehicles,Consumer Cyclical,HOG
2012Q4,2012,Q4,2013-02-22,2012-12-31,70639000.0,1170860000.0,116103000.0,0.31,432128000.0,0.36906888953418854,9170773000.0,2557624000.0,4050936000.0,1503082000.0,6613149000.0,393524000.0,7306424000.0,10968927050.0,15003438050.0,11.385687893694215,2.6950864956136793,0.5564033697050401,1.9950739436289306,0.010066575181339705,11.385687893694215,0.027618993253113046,9.368265249474746,38.820364989594985,4.288717594924039,0.49718993756989766,1.8772222278692023,0.0032018628476519952,0.1276729889617811,2.1135879479629187,0.007702622232607873,-2327.3768406535114,0.36906888953418854,-0.47457627118644063,-0.5989743409013507,-0.10782275161592592,0.13737485731313526,-0.12293890805764157,-0.4728472175580779,-0.4652145074665365,1.3367543152734096,0.0035963896242746938,0.2648856016139442,Recreational Vehicles,Consumer Cyclical,HOG
2012Q3,2012,Q3,2012-11-08,2012-09-30,134001000.0,1250295000.0,217102000.0,0.59,492700000.0,0.39406700018795565,10015183000.0,2703363000.0,4747696000.0,2301675000.0,7311820000.0,379129000.0,0.0,9556125600.0,11943219600.0,11.960724714627025,2.062713458676833,0.4175894739017749,1.5470489904611404,0.01886741980808346,11.960724714627025,0.04956825997840467,7.643096709176635,17.82845948910829,3.534902859882302,0.26055775703166395,1.9982512548499323,0.00365367738573884,0.12483995549557107,1.7004012295393571,0.01337978547171829,24.56555982570918,0.39406700018795565,-0.44859813084112155,-0.4459137262609573,-0.11129758606018592,0.2534285835989981,-0.2708496739764221,-0.45803437815975734,-0.44547946045214337,4.20891707820919,0.14790762377841024,0.2152923897869809,Recreational Vehicles,Consumer Cyclical,HOG
2012Q2,2012,Q2,2012-08-09,2012-07-01,247250000.0,1729660000.0,391513000.0,1.07,675718000.0,0.3906652174415781,9316784000.0,2666387000.0,4069867000.0,2540593000.0,6650397000.0,323046000.0,0.0,10483068780.0,14741823780.0,11.65185415009745,1.601935847260856,0.5721127590808158,1.9990537757647333,0.029786754702025076,11.65185415009745,0.09272847489880501,6.060768463166172,10.599665096056622,3.9315631151817048,0.1443963599595551,3.262513697739641,0.0034056821288927955,0.1856498980764178,1.3038097798427375,0.026538127319469893,32.11134221650432,0.3906652174415781,0.44594594594594605,-0.060470726015783925,0.17839934413760483,0.1073856698567018,0.20325298801943104,0.437207544976313,0.4213164983409449,11.725669510717937,0.5240527324318416,0.2031374992527323,Recreational Vehicles,Consumer Cyclical,HOG
2012Q1,2012,Q1,2012-05-10,2012-04-01,172035000.0,1429691000.0,275458000.0,0.74,561576000.0,0.39279536627145306,9605347000.0,2574659000.0,4513530000.0,2583227000.0,7030688000.0,467941000.0,0.0,11360094680.0,15651847680.0,11.243641588205495,1.7472448220771926,0.5796865016953578,2.1626514423851857,0.020337103573805592,11.243641588205495,0.06681855733128154,7.945839121880183,16.508406254541228,4.412271559068599,0.2089284157293574,1.855180460784586,0.003163970108742087,0.14884324324774523,1.3785253870449636,0.01791033681552577,-115.57026410026857,0.39279536627145306,0.6518357305071915,0.005277330579137265,0.24733885975157072,0.02038250054631444,0.32121540072227645,0.6278860711582135,1.9817925957999567,0.4870039694708171,0.12357399209056764,0.16959276312050003,Recreational Vehicles,Consumer Cyclical,HOG
2011Q4,2011,Q4,2012-02-23,2011-12-31,105680000.0,1183930000.0,92380000.0,0.44798643493005513,425045000.0,0.359011934827228,9674164000.0,2420256000.0,4542206000.0,2698618000.0,7253908000.0,418006000.0,6824180000.0,9169433000.0,13365102000.0,10.259669351420094,1.6831600471055925,0.5915362815846413,2.3644684694511655,0.007419602254509031,10.259669351420094,0.04366480240106832,7.744911439020888,21.69150501514004,3.7886211210714897,0.26924678274034824,1.8154882944263957,0.0031031362571709723,0.12238060053561217,1.356188982657049,0.010923941334879169,-92.47481745935697,0.359011934827228,-0.4256584167563396,-0.5330701630176864,-0.3004376141925746,-0.020828245001744287,-0.17951474883262136,-0.42438206041591775,-0.6193466508438819,0.3397735918495782,-0.09648921682098671,0.12848443591517678,Recreational Vehicles,Consumer Cyclical,HOG
2011Q3,2011,Q3,2011-11-03,2011-09-25,183594000.0,1397256000.0,242688000.0,0.78,518041000.0,0.3707559674104101,9704359000.0,2601260000.0,4385186000.0,2441183000.0,7103099000.0,345963000.0,0.0,8183000000.0,12328896000.0,11.12600513259196,1.7963364483531141,0.574447936231543,2.1430572107363353,0.023299472361591692,11.12600513259196,0.07057887331523954,5.8564786982485675,11.142793337472902,3.1457831973735804,0.16016318616076777,2.541355578486717,0.0035934253941097396,0.14398230733219988,1.4679645073720404,0.01891871477549419,20.888214993158936,0.3707559674104101,-0.03703703703703707,-0.3456159101980878,-0.047939974705668756,0.01868897085283214,-0.10238421152946477,-0.0366565221954035,-0.1961364946240833,0.09900503424406636,-0.020996792780241934,0.03715522543349441,Recreational Vehicles,Consumer Cyclical,HOG
2011Q2,2011,Q2,2011-08-04,2011-06-26,190580000.0,1505597000.0,301902000.0,0.81,577130000.0,0.38332302734397056,9361979000.0,2531396000.0,4000978000.0,2197232000.0,6830583000.0,337472000.0,0.0,8984442240.0,13451945240.0,10.802420456097227,1.8209174088125424,0.581178509372858,2.1493993827911555,0.022867210922041387,10.802420456097227,0.07528652174531365,5.967361943468272,11.785657256795048,3.549204565386056,0.15483786336446637,2.7512415844870093,0.0032844554187929195,0.16082037782823483,1.4571925040232439,0.020356807038340932,16.75242396612388,0.38332302734397056,0.5882352941176472,-0.10628938013912907,0.24811232668424657,-0.026324314303933342,0.2664219241327403,0.5980211303035385,0.5642833826432535,-0.1418955987542421,-0.039601036145020425,0.002548750414419423,Recreational Vehicles,Consumer Cyclical,HOG
2011Q1,2011,Q1,2011-05-04,2011-03-27,119260000.0,1224930000.0,192997000.0,0.51,455717000.0,0.3720351367016891,9405142000.0,2340248000.0,4170588000.0,1987331000.0,7064894000.0,372323000.0,0.0,9479062800.0,14228078800.0,10.008758874347789,2.098587502534807,0.6040877426412062,2.4277474011301368,0.015686560296531125,10.008758874347789,0.05096041103336057,7.7384526462736645,19.870582760355525,4.050452259760504,0.19824752641287943,2.0659830308629874,0.002494233923632197,0.1302404578261551,1.6403583499678716,0.012680297649945105,-71.46081554803351,0.3720351367016891,3.57257409228927,-0.4064433199238042,0.03549336970416077,-0.13668039097183632,1.763529083588027,3.5501432664756445,4.255909586056645,-0.3553625131608015,-0.04923404743922104,-0.024088122638935925,Recreational Vehicles,Consumer Cyclical,HOG
2010Q4,2010,Q4,2011-02-24,2010-12-31,-46766000.0,1083398000.0,36720000.0,-0.1982450190758796,164904000.0,0.1522099911574509,9430740000.0,2206866000.0,4066626000.0,2013782000.0,7223874000.0,326446000.0,6336077000.0,8178653000.0,12909076000.0,9.355091140313693,2.0193973329784454,0.6099580732795093,2.6065723972366244,0.0028990189598771046,9.355091140313693,-0.021191137114804432,7.549075224432757,-43.72114891160245,3.7060034456102002,-0.5060300218107172,2.813616953493074,0.002893508258633787,0.11487942621681861,1.590982042743455,-0.004958889758385874,-80.34592751957403,0.1522099911574509,-1.521697418620736,-1.2357802734223047,-0.06391503989887923,-0.16994785778664054,-0.7016127718940163,-1.5264722106519268,-0.7590076786769049,-1.2528176132821693,-0.21388933726806547,-0.065471884508744,Recreational Vehicles,Consumer Cyclical,HOG
2010Q3,2010,Q3,2010-11-03,2010-09-26,88829000.0,1259960000.0,152370000.0,0.38,552651000.0,0.43862582939140926,10040960000.0,2189950000.0,4498960000.0,2455891000.0,7851010000.0,319101000.0,0.0,6589482880.0,11232358880.0,9.378640194600521,1.8319054062252762,0.6112141667728982,2.802427909312998,0.012078296785827659,9.378640194600521,0.040562113290257766,5.22991434648719,18.545415573742808,3.0089649900682662,0.26395659075301986,2.216567795149498,0.003558245833093355,0.125482025623048,1.4638634206485548,0.00884666406399388,18.051053371209736,0.43862582939140926,0.2666666666666667,-0.6059985546363569,0.034629415871107135,-0.10079069212431724,0.10184660903406915,0.24835223519822364,-0.303457796957285,-0.6444696574379603,-0.13313160535682442,-0.017161921565942692,Recreational Vehicles,Consumer Cyclical,HOG
2010Q2,2010,Q2,2010-08-05,2010-06-27,71157000.0,1308806000.0,218752000.0,0.3,501568000.0,0.383225627021881,10223893000.0,2137004000.0,4586001000.0,2377400000.0,8086889000.0,296920000.0,0.0,5573871460.0,10693313460.0,9.159347488791928,1.9289984857407252,0.6391258202721801,3.0577172527519836,0.016323494869144844,9.159347488791928,0.03329755115105072,4.258745344993834,19.583004693846004,2.6082644019384147,0.3308880363140661,2.7187053751852353,0.0042241734795943784,0.128014446160577,1.4954761504164213,0.006959873308533256,11.476309665729845,0.383225627021881,1.1428571428571426,-0.6395337173621609,0.18051196308341572,-0.024439946352491644,-0.08703566175935229,1.135243810952738,0.4317261059369457,-0.7347966595493067,-0.1254304117306863,-0.12950076239657365,Recreational Vehicles,Consumer Cyclical,HOG
2010Q1,2010,Q1,2010-05-06,2010-03-28,33325000.0,1207172000.0,152789000.0,0.14,549384000.0,0.455100018887118,10702903000.0,2087399000.0,5021509000.0,2383392000.0,8615504000.0,322238000.0,0.0,6594708480.0,12178324480.0,8.964026212725024,2.1068749916085983,0.6564960926955986,3.366109689618516,0.008055830303882194,8.964026212725024,0.015964844287076885,5.462940227241851,49.47268177044261,3.1592946437168936,0.7048162040510128,2.041311080629845,0.0035616434102027205,0.11278921242208773,1.6073440709711202,0.0031136412242547653,38.21667978280144,0.455100018887118,1.149925010059626,-0.8153634223243865,0.23005247956778807,-0.19660125031974532,-0.15064901333894018,1.1523804733511358,1.8663668942366576,-0.8085084536804714,0.03567094741254856,-0.18649706056995513,Recreational Vehicles,Consumer Cyclical,HOG
2009Q4,2009,Q4,2010-02-23,2009-12-31,-218696000.0,1216341000.0,-176356000.0,-0.933800170794193,646828000.0,0.5317817947434149,9155518000.0,2108118000.0,4341949000.0,2268224000.0,7047400000.0,323029000.0,6324268000.0,5901840000.0,9907536000.0,9.00135781383433,1.914250532575266,0.6155991392294788,2.6735358267421465,-0.011509416006124814,9.00135781383433,-0.10373992347676933,4.852126171854768,-6.746625452683177,2.7995776327511077,-0.10735450122544536,1.7630398509112184,0.003978081411898662,0.13285332408280995,1.4882141269998024,-0.02388679701137609,-8717.636632200887,0.5317817947434149,-9.489092461765392,-2.31470798636906,0.25140108391506716,-0.17718709634790564,0.7430676446969167,-9.257976815315486,-3.532104295887893,-1.973286527283054,-0.27606958894713735,-0.14092013825772567,Recreational Vehicles,Consumer Cyclical,HOG
2009Q3,2009,Q3,2009-10-30,2009-09-27,26483000.0,1121275000.0,69648000.0,0.11,371086000.0,0.33095003455887273,9353068000.0,2289972000.0,4245084000.0,2946620000.0,7063096000.0,432691000.0,0.0,5360878080.0,9006652080.0,9.841849430755941,1.4406621824327535,0.5527764793327709,2.257737649193964,0.003568641047683811,9.841849430755941,0.011564770224264751,4.781055566208111,50.606786240229575,2.3410234186269525,0.8841898576445266,1.7337753731877945,0.004367941156386082,0.11988312284268648,1.1500325797014885,0.0028314773291501782,8.332029977961039,0.33095003455887273,0.375,-0.8538483896551068,0.08938152721942227,-0.06432319326313456,-0.03932918778703421,0.3409113924050633,-0.01554814270368067,-0.9051510605049313,-0.2323000050278774,-0.09888739503307656,Recreational Vehicles,Consumer Cyclical,HOG
2009Q2,2009,Q2,2009-07-31,2009-06-28,19750000.0,1153645000.0,70748000.0,0.08,386278000.0,0.33483263915675965,8764686000.0,2252783000.0,3764094000.0,2543453000.0,6511903000.0,435043000.0,0.0,3905622640.0,7603725640.0,9.684557382123328,1.4799149030864733,0.5395854455025543,2.0993131606550652,0.0028783457188283484,9.684557382123328,0.008766934054456199,3.3854631537431357,49.43826126582278,1.7336879051377783,1.187746835443038,1.7638877076518873,0.0060062126227330564,0.1316242247583085,1.1678564534119562,0.0022533608163486977,85.32217673402512,0.33483263915675965,-0.84,-0.8989344392819719,0.09924244282013098,-0.031898207887045275,-0.1898243016214924,-0.8316957399848313,-0.6951121760340622,-0.906699037282831,-0.036578023242498724,-0.12708285258611074,Recreational Vehicles,Consumer Cyclical,HOG
2009Q1,2009,Q1,2009-04-30,2009-03-29,117347000.0,1290648000.0,232046000.0,0.5,476783000.0,0.36941365887523164,8619594000.0,2232813000.0,5683198000.0,2714075000.0,6386781000.0,447379000.0,0.0,3116969460.0,6699231460.0,9.613296134123816,2.0939723478533203,0.5199270406471581,2.0071362895146168,0.018125872523116936,9.613296134123816,0.052555677524270955,2.4150422578425723,6.640496689306075,1.3959832104166359,0.1998772870205459,1.8191846286928979,0.0075249373793992835,0.1497341986177075,1.8352341037001556,0.013613982282692201,-11.650480152500561,0.36941365887523164,0.49532830392371063,-0.26447041893159107,0.32804605146405524,0.03467303202456073,0.16662425431749558,0.5081417316762842,0.8697403832207952,-0.41204916944792136,0.09836197403047132,-0.17079158723118415,Recreational Vehicles,Consumer Cyclical,HOG
2008Q4,2008,Q4,2009-02-17,2008-12-31,77809000.0,1292591000.0,124106000.0,0.33437473141383756,408686000.0,0.3161758050303615,7828625000.0,2115603000.0,5377881000.0,2603757000.0,5713022000.0,400908000.0,6458778000.0,3948918999.9999995,7270248000.0,9.09154705629566,2.065431221116256,0.5000733845343212,1.8504828174284116,0.012992000697442212,9.09154705629566,0.03677863947063792,3.0550413858676095,12.687860658792683,1.8665690112937066,0.9905152360266807,2.2047577000209526,0.019516986800691534,0.1651108591866388,1.8097856289968688,0.009939037825927286,-7.2870518850950985,0.3161758050303615,-0.5290496740650175,-0.4503152883242346,0.43848851531349003,-0.07814777124086342,-0.15573303144986697,-0.5327937264697582,-0.5369213662584608,-0.6023155287039612,0.13219158677966364,-0.1933314174148464,Recreational Vehicles,Consumer Cyclical,HOG
2008Q3,2008,Q3,2008-10-30,2008-09-28,166541000.0,1422834000.0,268002000.0,0.71,484072000.0,0.34021677862631905,7199737000.0,2500359000.0,4820514000.0,2209752000.0,4699378000.0,401277000.0,0.0,8840762330.0,11508359330.0,10.727425229855715,2.1814728530622443,0.44056914856751017,1.268610627513889,0.029194066610416285,10.727425229855715,0.06660683525845688,6.213488242479446,13.27114994205631,3.5357971915232973,0.46025903531262574,2.339436349454367,0.008670293028904442,0.1976230520642629,1.8990126493832793,0.023131539388174874,-37.41393138267258,0.34021677862631905,-0.25263157894736843,0.1364569105985314,0.6279034379282915,0.18476480116194313,-0.13854542607185313,-0.2524653592893661,-0.22512092938533465,-0.2599660194804767,0.1704955055462716,0.028528700970980148,Recreational Vehicles,Consumer Cyclical,HOG
2008Q2,2008,Q2,2008-07-31,2008-06-29,222787000.0,1572569000.0,345863000.0,0.95,561924000.0,0.3573286768338941,6783753000.0,2532837000.0,4506225000.0,1769197000.0,4250916000.0,341396000.0,0.0,8523529420.0,10698063420.0,10.77495777799521,2.5470453544743745,0.4389803107512906,1.1757306135373102,0.040167409070406446,10.77495777799521,0.08795946995404758,5.420130639736635,9.564662009004115,3.365210402406471,0.34817112309066506,2.960330525255129,0.009100455477749732,0.2318140120962541,2.2372890073858365,0.0328412605824534,-35.19908743268691,0.3573286768338941,0.20253164556962014,0.4160205308445235,0.5668143125413363,0.28143233938828566,0.18017293342042312,0.1876842537357195,0.1883162173212439,0.12017531521856638,0.4078421384992555,0.14763834441410348,Recreational Vehicles,Consumer Cyclical,HOG
2008Q1,2008,Q1,2008-05-01,2008-03-30,187581000.0,1306313000.0,291053000.0,0.79,476137000.0,0.36448921506560833,5864399000.0,2431425000.0,3586787000.0,2036050000.0,3432974000.0,441205000.0,0.0,8890425000.0,10648822000.0,10.255801887986232,1.7616399400800569,0.3565644152111751,0.8600043184552268,0.041188662236467076,10.255801887986232,0.0771485857059132,6.805738747145592,11.848781326466966,3.6564668867022427,0.37862576700198847,1.8816105891818995,0.007988706951579931,0.2227530902996198,1.452884752339088,0.03198639792415216,85.86547098194883,0.36448921506560833,0.007470025849513897,0.28494730377320004,0.4065840133845875,0.29346983671547583,-0.037200677809816916,0.008082675451560375,0.01889692111113056,0.020816141783347474,0.3074131068074161,-0.0808261579958317,Recreational Vehicles,Consumer Cyclical,HOG
2007Q4,2007,Q4,2008-02-22,2007-12-31,186077000.0,1386354000.0,285655000.0,0.7841424357353561,494534000.0,0.3567155286456417,5656606000.0,2375491000.0,3467314000.0,1905079000.0,3281115000.0,349697000.0,6117567000.0,11084283000.0,12781384000.0,10.010497260851244,1.8200368593638374,0.37123939691044416,0.8840088217551656,0.041170011620535796,10.010497260851244,0.07833201641260691,7.995276098312552,14.892064844123668,4.666101871150007,0.38538884440312343,2.550264943651218,0.006469701287850554,0.24508583415567567,1.544875041927395,0.032895520741589565,-16.475174163591152,0.3567155286456417,-0.2671566021164896,0.5832440851180191,0.7335397659143261,0.36556808730081036,-0.16372454354674787,-0.29773253926918924,-0.2954826839506538,0.1040031421662396,0.40768172699289834,-0.08494179560964331,Recreational Vehicles,Consumer Cyclical,HOG
2007Q3,2007,Q3,2007-11-02,2007-09-30,264966000.0,1541401000.0,405462000.0,1.07,591353000.0,0.3836464359371766,4970960000.0,2363003000.0,2856457000.0,1212418000.0,2607957000.0,376950000.0,0.0,11428206462.4,12256989462.4,9.542406221728184,2.3560001583612253,0.24747091105138647,0.5205951917962017,0.07278068343175068,9.542406221728184,0.11213104680781193,7.41416831985966,10.782710293396134,4.836306370495509,0.27340488968395943,2.5203554848123093,0.006338964931929177,0.31008115132690667,1.9377648632732276,0.05330278256111495,45.2815642318558,0.3836464359371766,-0.06140350877192969,0.9589292594678259,0.65609852842671,0.35472124118424814,-0.0228267569117285,-0.08786533099246101,-0.08891495443024322,0.37395863282444985,0.40711822167192996,-0.09279162976924059,Recreational Vehicles,Consumer Cyclical,HOG
2007Q2,2007,Q2,2007-08-03,2007-07-01,290490000.0,1620218000.0,445032000.0,1.14,605167000.0,0.3735096141383443,5121594000.0,2657844000.0,3054063000.0,1077100000.0,2463750000.0,344969000.0,0.0,15287352000.0,16051085000.0,10.521947743467933,2.835449818958314,0.23036128986405405,0.4439000182102486,0.0747978745611549,10.521947743467933,0.10929535367764248,9.43536733945679,13.156521739130437,5.751786786583412,0.215315501394196,2.942441204861886,0.004091421457424412,0.31635033936700174,2.4015894531612663,0.05671867000781397,30.722787837376153,0.3735096141383443,0.5405405405405405,1.4077729127552114,0.8265546118748609,0.6154088428653732,0.2555774788737362,0.5105298736415163,0.5377109449504512,0.368905642672534,0.42167717329401644,0.051810223745798877,Recreational Vehicles,Consumer Cyclical,HOG
2007Q1,2007,Q1,2007-05-03,2007-04-01,192310000.0,1288038000.0,289412000.0,0.74,481983000.0,0.3741993636833696,5446498000.0,2835487000.0,3416175000.0,1317994000.0,2611011000.0,369418000.0,0.0,15256858540.0,16300378540.0,11.01904587954579,2.591950342717797,0.24851381566650718,0.4773536256734734,0.044561800103149814,11.01904587954579,0.06782256451889922,11.845037599822366,19.833678097862826,5.38068364975752,0.2813322240133118,2.181959189860808,0.003546142861464848,0.23648920829494474,2.218621632571924,0.03530892694718698,31.861523235926146,0.3741993636833696,-0.2287086116327161,0.8837951583123423,0.5616027047066471,0.8045178118602814,-0.383476852704611,-0.23815296364082938,-0.24803246785303204,0.08799370426649683,0.19627316350969234,0.18597299522870828,Recreational Vehicles,Consumer Cyclical,HOG
