Quarters,Year,Quarter,FillingDate,Date,NetIncome,Revenue,OperatingIncome,EPSDiluted,GrossProfit,GrossProfitRatio,TotalAssets,CommonStockEquity,CurrentAssets,CurrentLiability,TotalLiability,Inventory,RetainedEarnings,MarketCap,EnterpriseValue,bookValuePerShare,currentRatio,debtToAssets,debtToEquity,roic,shareholdersEquityPerShare,roe,priceToSalesRatio,peRatio,pbRatio,payoutRatio,inventoryTurnover,dividendYield,assetTurnover,quickRatio,returnOnAssets,priceToFreeCashFlowsRatio,grossProfitMargin,epsdilutedGrowth,fiveYNetIncomeGrowthPerShare,fiveYRevenueGrowthPerShare,fiveYShareholdersEquityGrowthPerShare,grossProfitGrowth,netIncomeGrowth,operatingIncomeGrowth,threeYNetIncomeGrowthPerShare,threeYRevenueGrowthPerShare,threeYShareholdersEquityGrowthPerShare,Industry,Sector,Symbol
2023Q1,2023,Q1,2023-02-23,2023-03-31,76942000.0,571860000.0,93507000.0,1.15,385264000.0,0.673703354,4993322000.0,3117584000.0,2560501000.0,1211178000.0,1863806000.0,0.0,0.0,14635455490.0,14819241490.0,48.75719804194492,2.11405837952803,0.1631072460378081,0.2612430009905106,0.017409564872355718,48.75719804194492,0.024680008622061187,25.592724600426678,47.553532173585296,4.694486336214196,0.0,0.0,0.0,0.11452495953595622,1.8069978153500146,0.015408980234000532,87.20456828080964,0.6737033539677544,0.07476635514018677,2.1228424665265178,0.6278222463312992,0.6062936640432591,-0.005975540533567264,0.08085859579130728,0.06470896338130808,0.6273502685907646,0.36142424993280764,0.3326617076821078,Software—Application,Technology,NICE
2022Q4,2022,Q4,2022-12-31,2022-12-31,71186000.0,568560000.0,87824000.0,1.07,387580000.0,0.6816870691,4856181000.0,3042085000.0,2415964000.0,1144293000.0,1800758000.0,122323000.0,1926398000.0,12299700300.0,12547564300.0,47.56156095120464,2.1113158954918014,0.16009699803199262,0.2555681382998831,0.01639854982518946,47.56156095120464,0.02340039808223636,21.633073554242298,43.19564345517377,4.043181009077656,0.0,1.479525518504288,0.0,0.1170796558036037,1.8240686607363674,0.01465884405873669,80.42226181680277,0.6816870690868159,0.0,-0.14677500787246547,0.37928431376158106,0.654497420239286,0.009475389511957534,-0.0008421525418970889,-0.02736585635970984,0.12402722619063113,0.28845064804696946,0.31388868491097976,Software—Application,Technology,NICE
2022Q3,2022,Q3,2022-09-30,2022-09-30,71246000.0,554724000.0,90295000.0,1.07,383942000.0,0.6921315826,4623168000.0,2915076000.0,2241221000.0,1063083000.0,1695168000.0,0.0,0.0,11998229360.0,12350382360.0,45.73457380881407,2.1082276736623573,0.16767398459238342,0.2659227409508363,0.018598845594901738,45.73457380881407,0.02444052916630647,21.629187415723855,42.10141397411785,4.11592334470868,0.0,0.0,0.0,0.11998785248556834,1.8158713853951196,0.015410644821905671,160.4620566247175,0.692131582552765,0.08080808080808088,1.5838748042596034,0.6314300696039769,0.6715759289796372,0.05000587982726982,0.08653083633258098,0.06618254811666076,0.5426858905560533,0.40055318970748527,0.30030101310238827,Software—Application,Technology,NICE
2022Q2,2022,Q2,2022-06-30,2022-06-30,65572000.0,530581000.0,84690000.0,0.99,365657000.0,0.6891633888,4622763000.0,2857895000.0,2223449000.0,1114770000.0,1752245000.0,0.0,0.0,12279464700.0,12680362700.0,44.7903802150268,1.9945360926469138,0.16940453144580417,0.2740188145470705,0.017443883176560704,44.7903802150268,0.02294415994989319,23.143430880487617,46.81672322027695,4.296681543583651,0.0,0.0,0.0,0.11477573044519046,1.6993218332032616,0.014184590471110026,-5240.915364916774,0.6891633888133951,0.13793103448275862,2.0304449674999456,0.6088960596861717,0.6744532089329466,0.014510566633465307,0.13170293919676912,0.1703333149079653,0.5177903080293764,0.35780425153704154,0.30588477093342703,Software—Application,Technology,NICE
2022Q1,2022,Q1,2022-03-31,2022-03-31,57941000.0,527429000.0,72364000.0,0.87,360427000.0,0.6833659128,4660629000.0,2821750000.0,2267235000.0,1206389000.0,1825915000.0,0.0,0.0,13958184000.0,14277409000.0,44.2724676791766,1.8793564928062176,0.16970670697023943,0.28030123150527153,0.015520301448341078,44.2724676791766,0.02053371134933995,26.464574378731545,60.22585043406223,4.946640914326216,0.0,0.0,0.0,0.11316691373632186,1.5811840127852625,0.012432012932160015,80.93765366238345,0.6833659127579257,0.14473684210526314,2.1615557428412098,0.6280364466919345,0.6942730547442404,0.029121029729204974,0.1325228201168859,0.04437933871177243,0.516814324723252,0.357345086314545,0.3210490554077886,Software—Application,Technology,NICE
2021Q4,2021,Q4,2021-12-31,2021-12-31,51161000.0,515473000.0,69289000.0,0.76,350228000.0,0.6794303484,4663017000.0,2825085000.0,2256829000.0,1222192000.0,1825058000.0,0.0,1653963000.0,19242775200.0,19742636200.0,44.57235492726642,1.846542114495922,0.18840098588531845,0.3109701124036976,0.01624186988027606,44.57235492726642,0.018109543606652543,37.33032612765363,94.03048806708236,6.811396896022598,0.0,0.0,0.0,0.11054495405013536,1.4894010106431723,0.010971652044159393,195.2649517489117,0.6794303484372606,0.0857142857142858,0.8548153349401086,0.5061471715011278,0.7688476995608231,0.06271069695746766,0.0866130025699297,0.0797893063628855,-0.1989050990161455,0.22387197784409577,0.3664700520245177,Software—Application,Technology,NICE
2021Q3,2021,Q3,2021-09-30,2021-09-30,47083000.0,490404000.0,64169000.0,0.7,329561000.0,0.6720193963,4373416000.0,2747802000.0,1981135000.0,1000782000.0,1602080000.0,0.0,0.0,17946215280.0,18258948280.0,43.490266215061254,1.9795869629949379,0.16244258492674835,0.25854446572205714,0.013943236224219906,43.490266215061254,0.01713478627644932,36.59475713901192,95.29031327655417,6.531116608838628,0.0,0.0,0.0,0.11213294138952251,1.8092071999696238,0.010765726379562338,212.09761242362285,0.6720193962528854,0.04477611940298495,0.46314184724050494,0.9467658600606448,0.7475490864089919,0.07867467040232519,0.05140573010875148,0.002985401231673388,0.16566528558003552,0.3389586222450214,0.36981920633996596,Software—Application,Technology,NICE
2021Q2,2021,Q2,2021-06-30,2021-06-30,44781000.0,456031000.0,63978000.0,0.67,305524000.0,0.6699632262,4304333000.0,2672128000.0,1908877000.0,988035000.0,1608815000.0,0.0,0.0,15616705680.0,15972792680.0,42.3421436267985,1.9319932998324958,0.16251972140631313,0.26179097707894233,0.014866771300381451,42.3421436267985,0.016758553482467905,34.24483353105381,87.18377034903196,5.844295512789807,0.0,0.0,0.0,0.10594696088801679,1.7602969530431614,0.01040370250164195,261.8056274937133,0.6699632261841848,-0.141025641025641,0.6632660457790024,0.8811113303270349,0.7359197475223339,-0.005322976048235604,-0.14235645612287892,-0.03753403637567133,0.26874869353302927,0.29320412607017426,0.37626007733613737,Software—Application,Technology,NICE
2021Q1,2021,Q1,2021-03-31,2021-03-31,52214000.0,455021000.0,66473000.0,0.78,307159000.0,0.6750435694,4322034000.0,2593715000.0,2060765000.0,1062909000.0,1703748000.0,0.0,0.0,13750637450.0,14093811450.0,41.1146072758976,1.9387972065341437,0.1633214824316514,0.2721505639594173,0.016141685156461763,41.1146072758976,0.020130970442010784,30.21978644941662,65.83788567242502,5.301522121744293,0.0,0.0,0.0,0.10527936615028942,1.7723464567521774,0.012080885990253663,90.5874899534896,0.6750435694176752,-0.06024096385542161,0.39986692661413137,0.8970901364805298,0.7000755250742677,0.06457996852969923,-0.04932359849243486,0.020730003224667167,1.1479634501032927,0.3128104248176349,0.3545104275698199,Software—Application,Technology,NICE
2020Q4,2020,Q4,2020-12-31,2020-12-31,54923000.0,434581000.0,65123000.0,0.83,288526000.0,0.6639176586,4232917000.0,2563910000.0,1942320000.0,1044450000.0,1644433000.0,0.0,1454388000.0,17853663180.0,18092614180.0,40.71831276700494,1.8596581933074825,0.16093346503132475,0.2656949736925243,0.017042693921730658,40.71831276700494,0.021421578760564917,41.082475257777034,81.26678795768622,6.963451595414816,0.0,0.0,0.0,0.10266702607209166,1.6917803628704102,0.012975213074104689,115.91105038661551,0.6639176586183013,0.09210526315789468,-0.09343269743158263,0.5049637575418164,0.7163479427711228,0.06961312039384908,0.0819068255687974,0.051082991704057584,-0.3313090094917193,0.07090383165686136,0.41644517299636163,Software—Application,Technology,NICE
2020Q3,2020,Q3,2020-09-30,2020-09-30,50765000.0,409827000.0,61958000.0,0.76,269748000.0,0.6581996794,4271416000.0,2478555000.0,1965633000.0,939980000.0,1768339000.0,0.0,0.0,14247494680.0,14385694680.0,39.49510803747849,2.091143428583587,0.2086699118044227,0.35961114439663433,0.01476179121050592,39.49510803747849,0.02048169195357779,34.76465601339102,70.16396473948586,5.748306848143374,0.0,0.0,0.0,0.0959464027853995,1.9539851911742803,0.011884817587423,167.1358399906153,0.6581996793769078,0.11764705882352934,0.6389196430261794,0.7625820815968863,0.7094486603849004,0.04778070826228311,0.13347623194230468,0.10367309131069864,0.8699300562157936,0.22417093770836605,0.4435265579139583,Software—Application,Technology,NICE
2020Q2,2020,Q2,2020-06-30,2020-06-30,44787000.0,393180000.0,56138000.0,0.68,257447000.0,0.654781525,3761908000.0,2378525000.0,1537896000.0,953373000.0,1358664000.0,0.0,1348700000.0,11853615120.0,11979125120.0,37.97255659503816,1.6131105034440876,0.12483239887844147,0.19743664666127117,0.014923314331435455,37.97255659503816,0.018829736916786664,30.14806226155959,66.16660593475785,4.983599129712743,0.0,0.0,0.0,0.10451611256840944,1.473680290924958,0.011905394815609526,283.26757921904124,0.6547815250012717,-0.042253521126760445,0.4543677940895476,0.5913768542685989,0.7792105427441969,-0.04770236329403758,-0.03054244772500974,-0.04572652478411641,1.1084513338387205,0.21448274693267477,0.41957422412364126,Software—Application,Technology,NICE
2020Q1,2020,Q1,2020-03-31,2020-03-31,46198000.0,410428000.0,58828000.0,0.71,270343000.0,0.6586855673,3715896000.0,2285804000.0,927586000.0,997979000.0,1405191000.0,0.0,0.0,8969198120.0,9147244120.0,36.58632776861885,0.9294644476486981,0.12571880375554106,0.20437360333606905,0.016508587631600284,36.58632776861885,0.0202108317248548,21.853280283021626,48.53672301831248,3.9238701655960004,0.0,0.0,0.0,0.11045196098060872,0.7990378555059776,0.012432533095651762,65.9975432296802,0.6586855672614929,-0.25263157894736843,0.5015664741948291,0.5855337490253268,0.762706102658114,-0.07709455630432259,-0.251769431352542,-0.24182905454170533,1.5715955655150353,0.2924142440635965,0.4001304322949987,Software—Application,Technology,NICE
2019Q4,2019,Q4,2019-12-31,2019-12-31,61743000.0,430208000.0,77592000.0,0.95,292926000.0,0.6808938932,3609905000.0,2257266000.0,875689000.0,940955000.0,1352639000.0,3389000.0,1257715000.0,9674688550.0,9911261550.0,36.199079493882,0.9306385533845933,0.12878344443967363,0.20595534598049145,0.02184168416138519,36.199079493882,0.027353001374228823,22.48839758907319,39.17322024359037,4.2860205886235825,0.0,40.50811448804957,0.0,0.11917432730224202,0.867514386979186,0.01710377419904402,125.73675075379496,0.6808938931865516,0.3768115942028986,0.1656622521675575,0.38281575202995777,0.7585902869521746,0.15510741663774882,0.3708785719043496,0.39290907458935465,1.2752551526256504,0.2776758804828458,0.4365554297828412,Software—Application,Technology,NICE
2019Q3,2019,Q3,2019-09-30,2019-09-30,45039000.0,386263000.0,55705000.0,0.69,253592000.0,0.6565267706,3517768000.0,2186310000.0,841765000.0,698241000.0,1331458000.0,0.0,0.0,8938608000.0,9310618000.0,35.1722972972973,1.205550805524167,0.1369078347406651,0.2202844061455146,0.016023326852186978,35.1722972972973,0.02060046379516171,23.141248320444877,49.61593285818957,4.088444914033234,0.0,0.0,0.0,0.10980343217631179,1.0122565131523356,0.01280328890364572,132.96157793743586,0.656526770620018,0.06153846153846142,0.5880252150457973,0.4653364858842851,0.7688472828066851,0.01579417502173051,0.07087831090398973,0.04139014039745004,0.4226347321375209,0.5585659726511669,0.4133120203230923,Software—Application,Technology,NICE
2019Q2,2019,Q2,2019-06-30,2019-06-30,42058000.0,380414000.0,53491000.0,0.65,249649000.0,0.6562560789,3491124000.0,2130509000.0,899891000.0,702982000.0,1360615000.0,0.0,0.0,8709905520.0,9067782520.0,34.298876295962394,1.280105322753641,0.13681524918622198,0.2241900879085702,0.0155486379908432,34.298876295962394,0.01974082249828562,22.895859563528155,51.77317941889771,4.088180580321416,0.0,0.0,0.0,0.10896605219407847,1.1071008930527382,0.012047122932327813,3465.939323517708,0.6562560789035103,0.12068965517241391,2.8881740963825853,0.52911545463969,0.7165013680704739,0.014928224996646028,0.1347399093459961,0.030079531668239328,0.5870751314516103,0.594254165012648,0.406166329337744,Software—Application,Technology,NICE
2019Q1,2019,Q1,2019-03-31,2019-03-31,37064000.0,377027000.0,51929000.0,0.58,245977000.0,0.6524121615,3448911000.0,2072518000.0,931946000.0,712560000.0,1376393000.0,0.0,0.0,7694381640.0,8001711640.0,33.513114064875005,1.3078842483439992,0.13780842706581875,0.22932925069890828,0.014795323297378059,33.513114064875005,0.01788355999803138,20.408038787673032,51.89929338441614,3.712576508382557,0.0,0.0,0.0,0.10931769477379961,1.1645180756708207,0.01074658058732162,46.49117013691677,0.6524121614632373,-0.40816326530612246,1.2841496851774807,0.5975700777716045,0.6695207107827632,-0.10447657950879952,-0.40501492920666515,-0.2624454954763021,0.013665478351876863,0.603509579715503,0.38575627412392327,Software—Application,Technology,NICE
2018Q4,2018,Q4,2018-12-31,2018-12-31,62294000.0,410829000.0,70407000.0,0.98,274674000.0,0.6685847396,3207366000.0,2016613000.0,861241000.0,624912000.0,1190753000.0,3434000.0,1071811000.0,6689975040.0,6903861040.0,32.61861089544514,1.3781796476943953,0.1421680593982726,0.22611428171890194,0.02585511332196565,32.61861089544514,0.03089040881914378,16.284086663794426,26.848392461553278,3.317431277096795,0.0,39.649097262667446,0.0,0.12808921713331126,1.2996005837621938,0.019422167597960446,74.5957989808548,0.668584739636199,0.5806451612903225,1.5096435514312696,0.4832468739943026,0.6329665073247034,0.18013980846154837,0.5857750171830054,0.5091633978522282,0.04724409533589179,0.4490130631809536,0.3749313736745727,Software—Application,Technology,NICE
2018Q3,2018,Q3,2018-09-30,2018-09-30,39283000.0,356206000.0,46653000.0,0.62,232747000.0,0.6534056136,3094708000.0,1950907000.0,765675000.0,569760000.0,1143801000.0,0.0,0.0,6962672880.0,7140389880.0,31.748909647181357,1.3438553074978938,0.14666553354953035,0.23265435000233226,0.01714179992786376,31.748909647181357,0.020135762494060454,19.546759122530222,44.31097981315072,3.5689414615868413,0.0,0.0,0.0,0.11510165094735916,1.1740557427688851,0.012693604695499542,97.20466403272418,0.6534056136056102,0.14814814814814806,11.430160904153162,0.5256617101433796,0.5915983129738575,0.04204498647898422,0.14745143858624216,0.0059078462235063285,0.29522559854042085,0.564579071260082,0.3741735055782976,Software—Application,Technology,NICE
2018Q2,2018,Q2,2018-06-30,2018-06-30,34235000.0,342042000.0,46379000.0,0.54,223356000.0,0.6530075254,3004850000.0,1883254000.0,810260000.0,546588000.0,1121596000.0,0.0,0.0,6351969240.0,6438889240.0,30.766091616023,1.4823962472648502,0.15033562407441303,0.23986992726419273,0.015652974449726912,30.766091616023,0.018178641861373985,18.57072885785956,46.38505360011684,3.37286910846864,0.0,0.0,0.0,0.11382997487395377,1.3177676787635293,0.01139324758307403,132.62834318167583,0.6530075253916185,0.4594594594594596,0.9904982210539678,0.5004140295868611,0.5442571137285177,0.02963669805971594,0.45519850378304855,0.35702372940866667,0.1376113625745236,0.4166493573074676,0.4415504108937115,Software—Application,Technology,NICE
2018Q1,2018,Q1,2018-03-31,2018-03-31,23526000.0,335442000.0,34177000.0,0.37,216927000.0,0.6466900388,3026506000.0,1853224000.0,780009000.0,566858000.0,1173282000.0,0.0,0.0,5641389600.0,5756652600.0,30.35385068955351,1.376021860854041,0.14859511264805025,0.24267115038441117,0.011557437408209657,30.35385068955351,0.012694633784151295,16.817779526714006,59.94845702626881,3.0440948314936565,0.0,0.0,0.0,0.11083473814358868,1.2367030190982573,0.007773320125583759,45.59177610577273,0.6466900388144597,-0.7086614173228346,0.3065884092579504,0.47832866877479635,0.5188827789349921,-0.19139760096021233,-0.7036579835743437,-0.4590192478156262,-0.21751589096142038,0.32605639213671034,0.46242930386530584,Software—Application,Technology,NICE
2017Q4,2017,Q4,2017-12-31,2017-12-31,79388000.0,392235000.0,63176000.0,1.27,268274000.0,0.6839624205,2845086000.0,1749561000.0,693056000.0,523352000.0,1095525000.0,9013000.0,850772000.0,5610775590.0,5730115590.0,28.746832947207572,1.3242635931457223,0.15733865338341266,0.2558596127828638,0.03837783277357989,28.746832947207572,0.04537595431082426,14.304627557459176,17.668840347407667,3.206961969316874,0.0,13.75357816487296,0.0,0.13786402238807544,1.2521457833351166,0.027903550191452912,77.84634880332986,0.6839624204877178,2.023809523809524,1.4481835182712886,0.6351003205397253,0.45540906063654263,0.29362863521730537,2.0332021548924466,0.907487922705314,0.5356279059664231,0.2917495211509627,0.3965521197891259,Software—Application,Technology,NICE
2017Q3,2017,Q3,2017-09-30,2017-09-30,26173000.0,322755000.0,33120000.0,0.42,207381000.0,0.6425338105,2775952000.0,1655344000.0,647132000.0,505158000.0,1120608000.0,0.0,0.0,4919417620.0,5044062620.0,27.36015338335923,1.2810487015943526,0.16051214142031275,0.2691730540600624,0.01433403621920314,27.36015338335923,0.015811215070704338,15.241956344595746,46.98943204829404,2.9718400646632963,0.0,0.0,0.0,0.11626822077615175,1.1282608609583535,0.009428477149460797,54.542021398081936,0.642533810475438,0.2727272727272726,0.56685972934083,0.48115151260806127,0.4342712561148881,0.04771744402231024,0.2804168093537498,0.2820314314469304,-0.051879723793204935,0.25796485398738306,0.37596735749893523,Software—Application,Technology,NICE
2017Q2,2017,Q2,2017-06-30,2017-06-30,20441000.0,311540000.0,25834000.0,0.33,197936000.0,0.6353469859,2707781000.0,1612365000.0,635827000.0,465818000.0,1095416000.0,0.0,0.0,4745005440.0,4883899440.0,26.749257594107206,1.364968721689587,0.16379315757071936,0.2750717114301042,0.011443446985556374,26.749257594107206,0.012677650531982523,15.230806445400269,58.032941636906216,2.942885413662539,0.0,0.0,0.0,0.11505361770394282,1.2046357160951273,0.007548985682372392,96.49615520712587,0.6353469859408102,0.17857142857142852,0.855228829824196,0.4903834233206388,0.4202358593851899,0.04238287832827772,0.18231245300480073,-0.07540889731935149,0.9473816626635285,0.2904745790761367,0.33867759570186223,Software—Application,Technology,NICE
2017Q1,2017,Q1,2017-03-31,2017-03-31,17289000.0,305622000.0,27941000.0,0.28,189888000.0,0.6213165283,2670433000.0,1571158000.0,585974000.0,467580000.0,1099275000.0,0.0,0.0,4087433460.0000005,4262186460.0000005,26.130656776489765,1.253205868514479,0.1653304913472834,0.2810054749426856,0.01266510635209961,26.130656776489765,0.01100398559533796,13.374146691010466,59.104538434842965,2.6015419582244435,0.55740644340332,0.0,0.002357714221970478,0.11444660847136026,1.1010479490140725,0.006474230958050623,35.42184933228186,0.6213165282604001,-0.34883720930232553,1.2623579735177723,0.4842088483995063,0.38103331919028277,-0.14115912400835828,-0.3376115857629976,-0.2471979739196034,0.09586268410239485,0.33194431826915916,0.30174929701413683,Software—Application,Technology,NICE
2016Q4,2016,Q4,2016-12-31,2016-12-31,26101000.0,323860000.0,37116000.0,0.43,221098000.0,0.6826962268,2631876000.0,1511332000.0,509233000.0,472810000.0,1120544000.0,4716000.0,710910000.0,4124018520.0000005,4432172520.0,25.198526101672307,1.0770351726909329,0.17674844863511807,0.3077947135374623,0.01575084032543251,25.198526101672307,0.01727019609192421,12.733954548261597,39.50057967127697,2.7287310266705136,0.3677253745067239,21.790076335877863,0.002327341633761625,0.12305290978754319,1.0065776950572112,0.009917260539630287,166.38499636891797,0.6826962267646514,-0.15686274509803924,0.7698508490788968,0.5671778518709578,0.34839400048995467,0.3894785794636853,-0.1385524274728539,0.03019873431775286,0.08391526340465534,0.20526354904429747,0.2614991266756905,Software—Application,Technology,NICE
2016Q3,2016,Q3,2016-09-30,2016-09-30,30299000.0,237187000.0,36028000.0,0.51,159123000.0,0.6708757225,1935317000.0,1480494000.0,902350000.0,421801000.0,454823000.0,0.0,694407000.0,3982260600.0,3316135600.0,24.886434694906708,2.1392789490778825,0.0,0.0,0.019257488088637673,24.886434694906708,0.020465466256533293,16.789539898898337,32.858020066668864,2.6898188037236217,0.31578599953793857,0.0,0.0024026554163733035,0.12255718313847293,1.9857183837876156,0.015655833127079438,122.72745931952663,0.6708757225311673,0.21428571428571436,0.7463730946388554,0.2557827281319256,0.3681006066440489,0.08921212950920665,0.1938140267927502,0.5306963504269873,9.309567874034652,0.04932901451329454,0.24757693780718754,Software—Application,Technology,NICE
2016Q2,2016,Q2,2016-06-30,2016-06-30,25380000.0,228528000.0,23537000.0,0.42,146090000.0,0.6392652104,1904622000.0,1451066000.0,587290000.0,418140000.0,453556000.0,0.0,0.0,3798436500.0,3497429500.0,24.39176332156665,1.404529583393122,0.0,0.0,0.015552550405121417,24.39176332156665,0.01749058967683069,16.621317737870196,37.41564716312057,2.6176869280928643,0.37505910165484635,0.0,0.002506031099901236,0.11998601297265284,1.3995719137131104,0.013325478756414658,155.21561376266754,0.6392652103899741,-0.27586206896551724,0.7449178522943767,0.24993478328732235,0.30378167818558033,-0.035696840882387885,-0.27774615822424586,-0.3722629683957861,0.5183632371087284,0.03148685704740989,0.22430741271324037,Software—Application,Technology,NICE
2016Q1,2016,Q1,2016-03-31,2016-03-31,35140000.0,225967000.0,37495000.0,0.58,151498000.0,0.6704430293,1928375000.0,1437327000.0,559732000.0,443561000.0,491048000.0,0.0,0.0,3850664070.0000005,3580951070.0000005,24.18398869315027,1.261905352364162,0.0,0.0,0.022291223491453266,24.18398869315027,0.02444815967417296,17.0408248549567,27.39516270631759,2.679045248576003,0.27083096186681843,0.0,0.0024715217497536727,0.11718000907499838,1.242259801921269,0.018222596745964867,36.784746706661196,0.6704430292918877,-0.3829787234042553,3.612753814740328,0.304165981358004,0.29842422184695583,-0.20895795151344268,-0.38773021100134164,-0.4116585595480935,1.0048363841288777,0.023022180313912285,0.21014774460316843,Software—Application,Technology,NICE
2015Q4,2015,Q4,2015-12-31,2015-12-31,57393000.0,273558000.0,63730000.0,0.94,191517000.0,0.700096506,1849613000.0,1415149000.0,655152000.0,399063000.0,434464000.0,6198000.0,632192000.0,3419195320.0,3093264320.0,23.723810162444888,1.6417257425519278,0.0,0.0,0.03946087816495201,23.723810162444888,0.04055615345097937,12.498977620833607,14.893781994319866,2.4161380321082797,0.1665534124370568,13.236689254598257,0.002795687027320802,0.14790012829710864,1.5772622367896798,0.031029734328208117,123.0900467996256,0.7000965060425942,0.9583333333333333,2.487241317430167,0.552104169175404,0.2876047074623763,0.3072297380312069,0.9486961836208068,0.6858896354690228,0.8057989265009118,0.16350655597810987,0.20110094655131622,Software—Application,Technology,NICE
2015Q3,2015,Q3,2015-09-30,2015-09-30,29452000.0,221085000.0,37802000.0,0.48,146506000.0,0.6626682045,1825329000.0,1378639000.0,647178000.0,404733000.0,446690000.0,7633000.0,0.0,3361267430.0,3028537430.0,23.10400361984884,1.5990245421055362,0.0,0.0,0.020545140276579176,23.10400361984884,0.02136309795385159,15.203507384037813,28.5317417323102,2.438105573685352,0.3247996740459052,9.770601336302896,0.002845950284890007,0.12112063085613607,1.498797972984659,0.016135173439966163,73.0694426208126,0.6626682045367166,0.0,1.4686921519436271,0.3287985598552613,0.2793859575111375,-0.047103051747014596,0.006665071606794955,0.07124234867377012,0.7877130915086359,0.02870819748425276,0.21115579393199171,Software—Application,Technology,NICE
2015Q2,2015,Q2,2015-06-30,2015-06-30,29257000.0,234731000.0,35288000.0,0.48,153748000.0,0.6549965705,1741126000.0,1270084000.0,567359000.0,430655000.0,471042000.0,11614000.0,0.0,3784240900.0,3547948900.0,21.342362628129727,1.3174327477911554,0.0,0.0,0.022221319565667644,21.342362628129727,0.023035484267182327,16.121606860619178,32.33620073828485,2.9795201734688415,0.3256656526643196,6.97287756156363,0.002517810110873227,0.13481563080443346,1.1413567705007488,0.016803493831003616,72.68580181702937,0.6549965705424508,0.0,1.422298465241733,0.465564872851141,0.2199799560617389,-0.03257511404750669,0.0006840647125218045,0.026858722537465445,1.689594555597006,0.13740811868806171,0.13315999974330733,Software—Application,Technology,NICE
2015Q1,2015,Q1,2015-03-31,2015-03-31,29237000.0,245989000.0,34365000.0,0.48,158925000.0,0.6460654745,1678199000.0,1232291000.0,513903000.0,399067000.0,445908000.0,14895000.0,0.0,3617475030.0,3394984030.0,20.75577302049822,1.2877612030060115,0.0,0.0,0.022607991695944133,20.75577302049822,0.02372572712127249,14.705840627019908,30.932337705646955,2.935568814508911,0.3278722167117009,5.845182947297751,0.002649914628436288,0.14657916015919448,1.189930512921389,0.017421652616882742,35.846752514492394,0.6460654744724358,-0.4216867469879518,4.064867509904992,0.6195940309094005,0.20320671866822096,-0.19875673059471233,-0.4161357963055417,-0.40650743484793533,2.874533583620097,0.20982139800930097,0.09696493096372083,Software—Application,Technology,NICE
2014Q4,2014,Q4,2014-12-31,2014-12-31,50075000.0,294117000.0,57903000.0,0.83,198348000.0,0.6743846836,1642091000.0,1213456000.0,506436000.0,378246000.0,428635000.0,13375000.0,411600000.0,2985868150.0,2798371150.0,20.584146155281505,1.3389064259767454,0.0,0.0,0.04051426354785919,20.584146155281505,0.04126643240463602,10.151974044342898,14.90698027958063,2.4606315762582245,0.18853719420868698,7.160299065420561,0.0031618944728018213,0.17911126728055876,1.20978410875462,0.03049465589909451,49.72551751128283,0.674384683646304,0.8863636363636362,3.1309063540114908,0.9476580682186366,0.2008583939721265,0.2891543556113065,0.8620779413952104,1.3215989735776432,2.4545703579726137,0.44802034459256107,0.10147470804444964,Software—Application,Technology,NICE
2014Q3,2014,Q3,2014-09-30,2014-09-30,26892000.0,249941000.0,24941000.0,0.44,153859000.0,0.6155812772,1594241000.0,1171961000.0,443499000.0,366254000.0,422280000.0,14082000.0,0.0,2404121810.0,2285184810.0,19.884304111030048,1.2109055464240663,0.0,0.0,0.022213168694493263,19.884304111030048,0.022946156058094084,9.618757266714944,22.349786274728544,2.0513667348998816,0.3509222073479102,6.823036500497088,0.00392534186942882,0.15677742574679737,1.1293610445210154,0.01686821503147893,80.84070782474193,0.6155812771814149,1.588235294117647,2.589513872518631,0.7976343578800564,0.1706091648206953,0.061521160188213214,1.5877598152424943,1.0448470935475938,0.5644909137239814,0.3356797213224025,0.09311473702428404,Software—Application,Technology,NICE
2014Q2,2014,Q2,2014-06-30,2014-06-30,10392000.0,239008000.0,12197000.0,0.17,144942000.0,0.6064315839,1647003000.0,1192437000.0,460374000.0,392105000.0,454566000.0,15396000.0,0.0,2435377560.0,2309746560.0,19.981852000804345,1.1741089759120644,0.0,0.0,0.008388915651984947,19.981852000804345,0.008714925819980427,10.189523195876289,58.587797344110854,2.0423532312398893,0.9197459584295612,6.109768771109379,0.003924648135462002,0.14511691842698526,1.0945308016985247,0.006309642423237845,115.99797856632532,0.6064315838800375,-0.34615384615384615,-0.08190919489835274,0.7424512245083936,0.2057485097219097,0.04343882281798025,-0.3387630440315602,-0.27329599618684464,-0.2877593283750259,0.3031806906428425,0.06806433759670076,Software—Application,Technology,NICE
2014Q1,2014,Q1,2014-03-31,2014-03-31,15716000.0,228574000.0,16784000.0,0.26,138908000.0,0.6077156632,1654147000.0,1202322000.0,479185000.0,388167000.0,451825000.0,14195000.0,0.0,2674955360.0,2528218360.0,20.073494056364364,1.2344815504666806,0.0,0.0,0.012456843845753365,20.073494056364364,0.01307137355883033,11.70279804352201,42.55146602188852,2.2248244313919234,0.6175871723084755,6.316731243395562,0.003628471766347533,0.13818239854136302,1.1573266145756853,0.009500969381802222,49.70095984838632,0.607715663198789,-0.3333333333333333,0.504637005244014,0.670196371180584,0.24555286928252634,-0.17161344187017324,-0.3510075982821275,-0.3549825141232082,1.0470590576794385,0.3090146552842501,0.0777341666251515,Software—Application,Technology,NICE
2013Q4,2013,Q4,2013-12-31,2013-12-31,24216000.0,270219000.0,26021000.0,0.39,167685000.0,0.6205522188,1657058000.0,1204796000.0,460616000.0,384191000.0,452262000.0,13448000.0,346667000.0,2470502400.0,2350957400.0,19.975064246041615,1.1989244932858916,0.0,0.0,0.0194154528732731,19.975064246041615,0.02009966832559205,9.142593229935718,25.50485629335976,2.050556608753681,0.3989511067063099,7.624479476502082,0.003910540625259057,0.1630715400426539,1.0922275638940007,0.014613851778272095,59.67685395429731,0.6205522187558979,7.36215334420881,0.3068848523904783,0.6757081366190592,0.2551002336252562,0.20376020272647002,7.53074433656958,0.6447127235952216,0.45518389518198243,0.516281110032813,0.08414232701042573,Software—Application,Technology,NICE
2013Q3,2013,Q3,2013-09-30,2013-09-30,-3708000.0,229863000.0,15821000.0,-0.0613,139301000.0,0.6060174974,1640701000.0,1206783000.0,426617000.0,364169000.0,433918000.0,15221000.0,0.0,2502760890.0,2399810890.0,19.947815594161693,1.1714808234638314,0.0,0.0,-0.0029236849731132447,19.947815594161693,-0.0030726319479144138,10.888054580336984,-168.74062095469253,2.073911291425219,-2.6140776699029127,5.94980618881808,0.0038729229143420097,0.14010048144055498,1.082741803942675,-0.0022600095934603563,-109.27178178484108,0.6060174973788734,-1.2270370370370371,-1.3388245276265156,0.412062416147264,0.2690457553751658,0.00314696393593732,-1.2185547565719674,-0.18165830445352507,-1.3065641364017706,0.3626942348016957,0.10461180556026638,Software—Application,Technology,NICE
2013Q2,2013,Q2,2013-06-30,2013-06-30,16966000.0,224874000.0,19333000.0,0.27,138864000.0,0.6175191441,1670946000.0,1202985000.0,483754000.0,393278000.0,467961000.0,15534000.0,0.0,2239568380.0,2121818380.0,19.922907488986784,1.2300560926367607,0.0,0.0,0.0134010695545785,19.922907488986784,0.014103251495238927,9.95921440451097,33.00083077920547,1.8616760641238255,0.5691382765531062,5.536886828891464,0.004311545066554297,0.134578855331052,1.1505906763154816,0.010153529796893497,72.98814952418198,0.6175191440540035,-0.06896551724137918,10.144274021029272,0.4479924900009645,0.26376360851348396,0.002729517785191283,-0.04690747710802764,0.04063946603509527,0.38439423278997875,0.3837457490241201,0.13884054106553842,Software—Application,Technology,NICE
2013Q1,2013,Q1,2013-03-31,2013-03-31,17801000.0,224327000.0,18578000.0,0.29,138486000.0,0.6173398655,1685596000.0,1206254000.0,519250000.0,397809000.0,479342000.0,13167000.0,0.0,2188050000.0,2067887000.0,19.98432736911862,1.3052746418507375,0.0,0.0,0.013868193441869568,19.98432736911862,0.014757256763500887,9.753841490324392,30.72931295994607,1.8139214460635986,0.0,6.519404572036151,0.0,0.13308467746719854,1.233451229107436,0.01056065629011934,40.69276548261112,0.6173398654642553,-0.44230769230769235,1.2125231214829029,0.5311268477419444,0.2816469118985126,-0.07040154657859761,-0.4459694989106754,-0.008485883545925174,2.0332263112124664,0.4527709992486391,0.15848621657414683,Software—Application,Technology,NICE
2012Q4,2012,Q4,2012-12-31,2012-12-31,32130000.0,237685000.0,18737000.0,0.52,148974000.0,0.626770726,1660945000.0,1191088000.0,521064000.0,383429000.0,469857000.0,13897000.0,320402000.0,2018944439.9999998,1920348439.9999998,19.751720478251496,1.3589582425951088,0.0,0.0,0.02421834625181626,19.751720478251496,0.026975336834893813,8.494202158318782,15.70918487394958,1.695042213505635,0.0,6.383464056990717,0.0,0.14310227009323007,1.2597586515365296,0.01934440935732369,59.5910401416765,0.6267707259608305,0.9259259259259258,2.8099320646225587,0.6196716058429809,0.2893994740138109,0.14129210685584268,0.9151218930678906,0.4141132075471698,1.5911190998595377,0.5386740161342343,0.15229551679089678,Software—Application,Technology,NICE
2012Q3,2012,Q3,2012-09-30,2012-09-30,16777000.0,218859000.0,13250000.0,0.27,130531000.0,0.5964159573,1628414000.0,1159172000.0,493707000.0,380731000.0,469242000.0,11005000.0,0.0,1996163100.0,1921319100.0,19.07599644538064,1.2967344398013296,0.0,0.0,0.012899086623048676,19.07599644538064,0.014473261949046388,9.120772278042027,29.74553108422245,1.7220594527818134,0.0,8.026169922762382,0.0,0.13440009727256091,1.1203316777462302,0.010302662590717103,451.212273960217,0.5964159573058453,0.5000000000000001,0.5865713966198488,0.45125949534916165,0.1815496952435773,0.04002135322051184,0.5006261180679785,0.46928365491239743,1.1720456659462646,0.5267586221151733,0.12302327214270385,Software—Application,Technology,NICE
2012Q2,2012,Q2,2012-06-30,2012-06-30,11180000.0,212106000.0,9018000.0,0.18,125508000.0,0.5917230064,1644881000.0,1151967000.0,511418000.0,400636000.0,492914000.0,11760000.0,0.0,2238565800.0,2112276800.0,18.83437699262626,1.2765153406084326,0.0,0.0,0.008637219442454602,18.83437699262626,0.009705139122908903,10.55399564368759,50.0573747763864,1.943255145329684,0.0,7.363775510204082,0.0,0.1289491458652632,1.108385167583542,0.0067968442701934065,564.0125472411187,0.5917230064213176,0.5,-0.1501423370412041,0.4273188945335305,0.5888240021618463,0.022251905909949826,0.43204816190598183,0.9489950291765723,-0.036305834744728135,0.5087318976604118,0.13650736625842258,Software—Application,Technology,NICE
2012Q1,2012,Q1,2012-03-31,2012-03-31,7807000.0,210361000.0,4627000.0,0.12,122776000.0,0.5836443067,1709959000.0,1162228000.0,524330000.0,448278000.0,547731000.0,13385000.0,0.0,2414002500.0,2264510500.0,18.92109076109076,1.1696536524210424,0.0,0.0,0.00387058669565872,18.92109076109076,0.006717270621599204,11.475523029458882,77.30250096067631,2.0770472747171813,0.0,6.543518864400448,0.0,0.12302107828316351,1.0029847549957838,0.004565606543782629,38.20168220157934,0.5836443066918298,-0.52,-0.2514234370480074,0.5180696370387768,0.6391277002457577,-0.06971669306015442,-0.48789767136766155,-0.6939814814814815,-0.27116947606543695,0.4988514381831429,0.1740466717581554,Software—Application,Technology,NICE
2011Q4,2011,Q4,2011-12-31,2011-12-31,15245000.0,213622000.0,15120000.0,0.25,131977000.0,0.6178062185,1581836000.0,1158644000.0,543171000.0,369628000.0,423192000.0,13404000.0,252508000.0,2135900000.0000002,1931463000.0000002,18.687806451612904,1.4695071801919768,0.0,0.0,0.011353912079176524,18.687806451612904,0.013157622185934593,9.998502026944792,35.02623811085602,1.8434480306289076,0.0,6.091092211280215,0.0,0.13504686958698625,1.2862147889229172,0.009637535117420517,43.708433093907956,0.6178062184606454,-0.13793103448275856,0.26108627669789525,0.5077163278704496,0.6733174776802631,0.08353721613766604,-0.16794018120292545,-0.25983943606814175,-0.19962044273074672,0.28873052505989244,0.17421751211693498,Software—Application,Technology,NICE
2011Q3,2011,Q3,2011-09-30,2011-09-30,18322000.0,199461000.0,20428000.0,0.29,121802000.0,0.6106557172,1543020000.0,1142800000.0,493887000.0,356489000.0,400220000.0,13007000.0,0.0,1906708400.0,1784552400.0,18.190500445689544,1.385420026985405,0.0,0.0,0.014554191203316554,18.190500445689544,0.01603255162758138,9.559304325156296,26.016652112214828,1.6684532726636334,0.0,5.970554316906282,0.0,0.1292666329665202,1.202104412758879,0.011874116991354617,213.2306419145605,0.6106557171577401,0.2083333333333333,3.6799261869481747,0.4666257176454253,0.7057469967609816,0.026556876891050223,0.17833944305100005,0.3501652346331791,0.612190097490304,0.17991594435387792,0.15724838490630266,Software—Application,Technology,NICE
2011Q2,2011,Q2,2011-06-30,2011-06-30,15549000.0,195451000.0,15130000.0,0.24,118651000.0,0.6070626397,1604791000.0,1189784000.0,529497000.0,365950000.0,415007000.0,15049000.0,0.0,2312350560.0,2169744560.0,18.708472230957923,1.4469107801612242,0.0,0.0,0.011177519452614316,18.708472230957923,0.01306875869905798,11.830845378125463,37.17844491607177,1.9435045016574435,0.0,5.103329124858795,0.0,0.12179218353044104,1.2826506353326956,0.009689112164761642,100.37986455981941,0.6070626397409069,0.846153846153846,0.11711565377856441,0.5507848920298659,0.7464424257196794,0.03992252138549993,0.908555296428133,0.8119760479041916,8.697336728802085,0.19493052158387508,0.1867287136397835,Software—Application,Technology,NICE
2011Q1,2011,Q1,2011-03-31,2011-03-31,8147000.0,185297000.0,8350000.0,0.13,114096000.0,0.6157466122,1612082000.0,1183846000.0,508196000.0,375964000.0,428236000.0,13478000.0,0.0,2347906400.0,2237169400.0,18.625645059786027,1.3517145258588588,0.0,0.0,0.005144873367219832,18.625645059786027,0.006881807262093211,12.671043783763364,72.04818951761385,1.983287015371932,0.0,5.282757085621012,0.0,0.11494266420690759,1.1916087710525476,0.0050537131485867345,45.08961438008911,0.6157466121955564,-0.5357142857142857,-0.11769230734994751,0.6137905606160936,0.7962594773129038,-0.0158198913137238,-0.5312967437579105,-0.5135733426540836,-0.0383733811024927,0.2010562677636265,0.1945110802118213,Software—Application,Technology,NICE
2010Q4,2010,Q4,2010-12-31,2010-12-31,17382000.0,186145000.0,17166000.0,0.28,115930000.0,0.6227940584,1534418000.0,1160760000.0,500959000.0,327050000.0,373658000.0,10861000.0,195245000.0,2198700000.0,2089174000.0,18.424761904761905,1.5317504968659226,0.0,0.0,0.013463322450554328,18.424761904761905,0.014974671766773494,11.811759649735421,31.623230928546768,1.8941900134394707,0.0,6.46487432096492,0.0,0.121313097213406,1.3801437089130102,0.01132807357577922,53.6386035959113,0.622794058395337,0.4000000000000001,-0.31550018754633274,0.31259428024235175,0.5132000718429788,0.0749089020964108,0.386345509650662,0.3586070439256035,0.9728979459921165,0.21415725139833275,0.20277513723365315,Software—Application,Technology,NICE
2010Q3,2010,Q3,2010-09-30,2010-09-30,12538000.0,174856000.0,12635000.0,0.2,107851000.0,0.616798966,1497975000.0,1132477000.0,463919000.0,316636000.0,365498000.0,13099000.0,0.0,1962227190.0,1877600190.0,18.05866594377382,1.4651492565595825,0.0,0.0,0.008736320131702151,18.05866594377382,0.011071306525430539,11.221960870659286,39.12560197001117,1.7326861296079301,0.0,5.115275975265288,0.0,0.11672824980390194,1.3943581904773936,0.008369966120929922,71.00257598784195,0.6167989660063138,0.0,-0.02820709335100442,0.2892904591009732,1.6840909285887642,0.06443812794852055,-0.013455031867180738,-0.04127779042415965,0.14892189134127892,0.12351306258576783,0.11853717856707056,Software—Application,Technology,NICE
2010Q2,2010,Q2,2010-06-30,2010-06-30,12709000.0,168529000.0,13179000.0,0.2,101322000.0,0.6012140344,1443904000.0,1095441000.0,484223000.0,301754000.0,348463000.0,12023000.0,0.0,1596132820.0,1447035820.0,17.494027276501964,1.6046945525162881,0.0,0.0,0.010174956464044095,17.494027276501964,0.0116017202204409,9.470968319992405,31.39768707215359,1.4570687239203206,0.0,5.589869416950844,0.0,0.11671759341341252,1.5359133598891812,0.008801831700722487,44.70083793093791,0.6012140343798397,1.2222222222222223,0.12017893895196613,0.39863962180673845,1.6827572439760659,0.06349123046403493,1.0909838762750905,1.1704545454545454,-0.05636213863584963,0.10772585279082479,0.4757552342858055,Software—Application,Technology,NICE
2010Q1,2010,Q1,2010-03-31,2010-03-31,6078000.0,159921000.0,6072000.0,0.09,95273000.0,0.5957504018,1406616000.0,1078373000.0,423215000.0,281558000.0,328243000.0,13673000.0,0.0,1984787750.0,1819495750.0,17.250379920976435,1.5031183628240008,0.0,0.0,0.004331530644296162,17.250379920976435,0.0056362687122173865,12.411051394125849,81.6381930733794,1.840539173365802,0.0,4.728150369341037,0.0,0.11369200975959323,1.4242855823666882,0.004321008718797454,71.72808174623252,0.5957504017608695,-0.5714285714285714,-0.38017292403180136,0.42461183524055357,1.718068104094664,0.016939564075742375,-0.5232567260177269,-0.448651593571234,-0.42735224023208357,0.13398363757026188,0.49439458460721825,Software—Application,Technology,NICE
2009Q4,2009,Q4,2009-12-31,2009-12-31,12749000.0,158821000.0,11013000.0,0.21,93686000.0,0.5898842093,1399677000.0,1062754000.0,472321000.0,287861000.0,336923000.0,14445000.0,146538000.0,1924480000.0,1669442000.0,17.141193548387097,1.6407953838831937,0.0,0.0,0.01059455106605741,17.141193548387097,0.011996191028215373,12.11728927534772,37.73786179308181,1.8108423962647988,0.0,4.509172724125995,0.0,0.11346975052101306,1.5621949482562765,0.009108530039430525,73.52920949069652,0.5898842092670364,0.75,-0.19759529328439893,0.2966775362873645,1.7064921006669416,0.09671755010301554,0.6353258081067213,1.2881778516517763,0.05461390236939758,0.12093798816934902,0.5348328241242437,Software—Application,Technology,NICE
2009Q3,2009,Q3,2009-09-30,2009-09-30,7796000.0,144684000.0,4813000.0,0.12,85424000.0,0.590417738,1388079000.0,1041803000.0,470327000.0,284452000.0,346276000.0,12504000.0,0.0,1866946080.0,1722261080.0,16.98628774538577,1.65344943962426,0.0,0.0,0.005620559961636565,16.98628774538577,0.0074831806013228985,12.903611180227253,59.86871729091842,1.792033695429942,0.0,4.739283429302623,0.0,0.1042332604988621,1.5767159309830832,0.005616395032271218,74.04402633457603,0.5904177379668796,-0.368421052631579,-0.13680967960901344,0.3070640140068215,1.9123181018091542,0.020024597896044036,-0.327351164797239,-0.6052653161650127,2.1680467934755456,0.0897334161653895,0.592826398279518,Software—Application,Technology,NICE
2009Q2,2009,Q2,2009-06-30,2009-06-30,11590000.0,140450000.0,12193000.0,0.19,83747000.0,0.5962762549,1323844000.0,1012625000.0,498933000.0,256301000.0,311219000.0,11053000.0,0.0,1409669280.0,1239565280.0,16.572155669023303,1.9466681753094994,0.0,0.0,0.0099717747962167,16.572155669023303,0.011445500555486977,10.036805126379495,30.40701639344262,1.3920940920873968,0.0,5.1301004252239215,0.0,0.10609256075489257,1.866356354442628,0.008754807968310466,48.76735902580779,0.5962762548949804,0.11764705882352934,0.465108681724592,0.3051659622515268,1.9229906751771695,0.008356109953884869,0.09123434704830054,0.19774066797642437,-0.13335892363944862,0.1598332844032108,0.5470165275238656,Software—Application,Technology,NICE
2009Q1,2009,Q1,2009-03-31,2009-03-31,10621000.0,139160000.0,10180000.0,0.17,83053000.0,0.596816614,1289414000.0,981553000.0,497040000.0,253976000.0,307861000.0,10608000.0,0.0,1514098300.0,1331872300.0,16.116131680486003,1.957035310423032,0.0,0.0,0.008523855676474101,16.116131680486003,0.01082060775118613,10.880269473986777,35.639259485924114,1.542553789759697,0.0,5.2891214177978885,0.0,0.1079249953855007,1.8809611931836079,0.008237075136457337,53.640071562688206,0.5968166139695315,-0.4516129032258064,1.2816268510828466,0.33991289530985935,1.8850542026357413,-0.1834573751634501,-0.4332443970117396,-0.35651074589127685,0.20037985747042458,0.26480666037649336,0.5542417014698703,Software—Application,Technology,NICE
2008Q4,2008,Q4,2008-12-31,2008-12-31,18740000.0,163088000.0,15820000.0,0.31,101713000.0,0.62366943,1288705000.0,970822000.0,478160000.0,260649000.0,317883000.0,11500000.0,103782000.0,1370670000.0,1226294000.0,15.915114754098362,1.8344977345011875,0.0,0.0,0.014576472210698363,15.915114754098362,0.01930322963426869,8.404481016383793,18.28535218783351,1.4118654089009106,0.0,5.336956521739131,0.0,0.12655184856115248,1.7581498490306888,0.014541729876115945,35.162515071445064,0.6236694300009811,0.7222222222222223,21.809151487553127,0.5122245461636177,1.886718904620518,0.01406751610137385,0.715488831929696,-0.017208175436416725,-0.23782642249184807,0.18771393942395292,0.307086241535999,Software—Application,Technology,NICE
2008Q3,2008,Q3,2008-09-30,2008-09-30,10924000.0,162492000.0,16097000.0,0.18,100302000.0,0.6172734658,1266625000.0,949224000.0,410021000.0,255053000.0,317401000.0,11865000.0,0.0,1644969120.0,1503284120.0,15.718752069947671,1.6075913633636931,0.0,0.0,0.012590041843681553,15.718752069947671,0.01150834787152453,10.123385274351968,37.645759794946905,1.7329619984324036,0.0,5.241466498103666,0.0,0.1282873778742722,1.5126385496347818,0.008624494226783776,69.69026944585663,0.6172734657706226,8.0,0.6399338919794075,0.48724285806629,2.0463404626732746,0.05040371142225806,6.229649238914626,84.4041450777202,-0.1207341001103442,0.24421460093482128,1.3363054597191142,Software—Application,Technology,NICE
2008Q2,2008,Q2,2008-06-30,2008-06-30,1511000.0,154138000.0,-193000.0,0.02,95489000.0,0.6195033022,1266518000.0,944781000.0,359533000.0,259679000.0,321737000.0,13512000.0,0.0,1772130100.0,1617575100.0,15.764742199232439,1.3845285910682035,0.0,0.0,-8.505574527902546e-05,15.764742199232439,0.0015993124332517271,11.497035773138357,293.2048477829252,1.8757046341956496,0.0,4.340512137359385,0.0,0.12170217872939824,1.2989113482414827,0.0011930347614483173,182.67499226883825,0.619503302235659,-0.8461538461538461,-0.44168495154774107,0.44698881855782413,2.1439866273768446,0.0862008167351071,-0.809505799293999,-1.0342502218278615,-0.8608460937113002,0.3365826442169519,1.4175666166483043,Software—Application,Technology,NICE
2008Q1,2008,Q1,2008-03-31,2008-03-31,7932000.0,144443000.0,5635000.0,0.13,87911000.0,0.6086207016,1233824000.0,927890000.0,368363000.0,248409000.0,305934000.0,13023000.0,0.0,1679315760.0,1560406760.0,15.592693419372186,1.482889106272317,0.0,0.0,0.005183513028730766,15.592693419372186,0.008548427076485359,11.626148446099846,52.92850983358547,1.8098220263177747,0.0,4.340935268371343,0.0,0.11706937132038281,1.3975902644429148,0.006428793733952331,38.90997845177136,0.6086207015916313,-0.07142857142857148,19.163596032924527,0.44044426302336315,2.178968854727525,0.015748486389055783,-0.038661980366016244,-0.1671593260419746,-0.1502571082879613,0.35170692256888186,1.456873578105132,Software—Application,Technology,NICE
2007Q4,2007,Q4,2007-12-31,2007-12-31,8251000.0,143578000.0,6766000.0,0.14,86548000.0,0.6027943,1192334000.0,903794000.0,382760000.0,229877000.0,288540000.0,11835000.0,64675000.0,2024880000.0,1908261000.0,15.318542372881357,1.6650643605058357,0.0,0.0,0.006061112222447247,15.318542372881357,0.009129292737061765,14.102996280767249,61.3525633256575,2.2404220430761876,0.0,4.818757921419518,0.0,0.12041760110841425,1.5037737572701924,0.006920040861033905,76.30115306353154,0.6027942999623898,-0.1764705882352941,1.1131928323359,0.31898821726519666,1.669266119331089,0.08427606770148206,-0.10626083188908146,-0.5718805365730195,-0.45428786494806994,0.231832443806973,1.4187063642272657,Software—Application,Technology,NICE
2007Q3,2007,Q3,2007-09-30,2007-09-30,9232000.0,131662000.0,15804000.0,0.17,79821000.0,0.6062569306,1146046000.0,856519000.0,352837000.0,230956000.0,289527000.0,11957000.0,0.0,1943825280.0,1823369280.0,16.14489557415366,1.5277238954606072,0.0,0.0,0.013837822725309612,16.14489557415366,0.010778511626712308,14.763753246950525,52.63824956672444,2.269447939858894,0.0,4.3356193025006275,0.0,0.11488369576788367,1.428631427631237,0.00805552307673514,58.73471158785315,0.6062569306253892,-0.19047619047619038,10.025776973535399,0.7340529076498288,1.5861643726030588,0.04958579881656805,-0.17357443380180826,0.4074271974352124,0.1817235570276977,0.37506163400589054,1.7680604695513105,Software—Application,Technology,NICE
2007Q2,2007,Q2,2007-06-30,2007-06-30,11171000.0,126191000.0,11229000.0,0.21,76050000.0,0.6026578758,844416000.0,615688000.0,308122000.0,184660000.0,228728000.0,13580000.0,47192000.0,1804326120.0,1727355120.0,11.854287804690207,1.6685909238600671,0.0,0.0,0.013839969461796725,11.854287804690207,0.018143930042489053,14.298374052032237,40.379691164622685,2.9305851665129095,0.0,3.6922680412371136,0.0,0.149441744353494,1.5248510776562332,0.013229261406700015,118.47961914767878,0.602657875759761,0.31249999999999994,106.4920496923847,0.6521013969713176,0.84652823695157,0.10839053823619431,0.28019711207884485,0.567858140184306,0.6613566595695769,0.37961147052079774,1.0908548897319188,Software—Application,Technology,NICE
2007Q1,2007,Q1,2007-03-31,2007-03-31,8726000.0,115942000.0,7162000.0,0.16,68613000.0,0.5917872729,816839000.0,593261000.0,285493000.0,179834000.0,223578000.0,16122000.0,0.0,1748423880.0000002,1669011880.0000002,11.543390279020898,1.5875362834614144,0.0,0.0,0.010117415046598455,11.543390279020898,0.014708534692150672,15.080159735039937,50.09236419894568,2.9471411065281554,0.0,2.9356779555886368,0.0,0.14193984371461205,1.4181300532713503,0.01068264370334913,55.55313697454962,0.5917872729468182,-0.15789473684210525,4.807209356093295,0.6691422985746059,0.8515943290617328,-0.026393086714060703,-0.12248592115848753,-0.22931238566663079,1.2214418345402085,0.32295009476170816,1.0664578384823358,Software—Application,Technology,NICE
