Year,Date,FillingDate,NetIncome,Revenue,OperatingIncome,EPSDiluted,GrossProfit,GrossProfitRatio,TotalAssets,CommonStockEquity,CurrentAssets,CurrentLiability,TotalLiability,Inventory,RetainedEarnings,EnterpriseValue,bookValuePerShare,currentRatio,debtToAssets,debtToEquity,roic,shareholdersEquityPerShare,roe,priceToSalesRatio,peRatio,pbRatio,payoutRatio,inventoryTurnover,dividendYield,assetTurnover,quickRatio,returnOnAssets,priceToFreeCashFlowsRatio,grossProfitMargin,epsdilutedGrowth,fiveYNetIncomeGrowthPerShare,fiveYRevenueGrowthPerShare,fiveYShareholdersEquityGrowthPerShare,grossProfitGrowth,netIncomeGrowth,operatingIncomeGrowth,threeYNetIncomeGrowthPerShare,threeYRevenueGrowthPerShare,threeYShareholdersEquityGrowthPerShare,Industry,Sector,Price,MarketCap,AvgVolume,Symbol
2022,2022-12-31,2022-12-31,265945000.0,2181294000.0,335173000.0,4.0,1497606000.0,0.6865676979,4856181000.0,3042085000.0,2415964000.0,1144293000.0,1800758000.0,122323000.0,1926398000.0,12514681000.0,47.68905784605737,2.1113158954918014,0.16009699803199262,0.2555681382998831,0.06564081510556283,47.68905784605737,0.08742194909083736,5.6236422050397605,46.12539058827954,4.032371547803563,0.0,5.589202357692339,0.0,0.4491788918081925,1.8240686607363674,0.05476422728065531,30.834706215044303,0.686567697889418,0.3422818791946309,0.7586260859677294,0.5515330044090171,0.6475661108398575,0.15494172102284734,0.33491112973903614,0.2700324733146653,0.3930988706717584,0.3496234110974707,0.31240371023932667,Software—Application,Technology,202.32,12801029184,425404,NICE
2021,2021-12-31,2021-12-31,199223000.0,1921150000.0,263909000.0,2.98,1296694000.0,0.6749571871,4663017000.0,2825085000.0,2256829000.0,1222192000.0,1825058000.0,427097000.0,1653963000.0,19684041400.0,44.70849356691829,1.846542114495922,0.18840098588531845,0.3109701124036976,0.057436621702233376,44.70849356691829,0.07051929410973475,9.985779559118237,96.29500810649374,6.790655997961124,0.0,1.4620940910378672,0.0,0.41199721124756783,1.4894010106431723,0.042724056120747575,48.61616147793363,0.6749571871014757,0.0,0.6089531151588649,0.7863070234859137,0.7650798670691242,0.19393884706610293,0.012965684155933962,0.09032130123488413,0.21466087088138572,0.29203102970477834,0.36095537150281837,Software—Application,Technology,202.32,12801029184,425404,NICE
2020,2020-12-31,2020-12-31,196673000.0,1648016000.0,242047000.0,2.98,1086064000.0,0.6590130193,4232917000.0,2563910000.0,1942320000.0,1044450000.0,1644433000.0,168300000.0,1454388000.0,18134418400.0,40.88518577579333,1.8596581933074825,0.18802447579293427,0.31042119263156664,0.057668643137474565,40.88518577579333,0.07670823078813219,10.789211633867632,90.4079024573785,6.935030246771533,0.0,3.338989898989899,0.0,0.3893334076713529,1.6917803628704102,0.04646275842403714,42.63754286344605,0.6590130192910748,0.03472222222222225,0.32857762110008776,0.6885096793872523,0.7205217141940844,0.04214388798476986,0.0579277476547035,0.013949572087450832,0.3229463275191909,0.19240568732160124,0.4125052907741154,Software—Application,Technology,202.32,12801029184,425404,NICE
2019,2019-12-31,2019-12-31,185904000.0,1573912000.0,238717000.0,2.88,1042144000.0,0.6621361296,3609905000.0,2257266000.0,875689000.0,689372000.0,1352639000.0,3389000.0,1257715000.0,9999500000.0,36.33718609143593,1.2702706231178522,0.163412887596765,0.2613360587542629,0.06373452242414257,36.33718609143593,0.08235803844119391,6.123543120581075,51.84352138738274,4.269730727348926,0.0,156.91000295072294,0.0,0.4359981772373511,1.1005915528916173,0.051498308127222184,30.872457036692985,0.662136129593014,0.1428571428571428,0.7235046855241255,0.48672950557438144,0.7776071326523746,0.0996513679376683,0.166727334345856,0.20798417132216016,0.5272237989046615,0.48862501512757234,0.43458279353425167,Software—Application,Technology,202.32,12801029184,425404,NICE
2018,2018-12-31,2018-12-31,159338000.0,1444519000.0,197616000.0,2.52,947704000.0,0.656068906,3207366000.0,2016613000.0,861241000.0,624912000.0,1190753000.0,3434000.0,1071811000.0,6856573270.0,32.85081531920439,1.3781796476943953,0.1421680593982726,0.22611428171890194,0.06820382688452857,32.85081531920439,0.07901268116391197,4.598546138887754,41.68928485358169,3.293982172087554,0.0,144.67530576587072,0.0,0.45037547944325657,1.2996005837621938,0.04967877067974157,19.95148485321768,0.6560689059818527,0.0909090909090909,1.8357297989001524,0.49692945532042554,0.6465816914200535,0.09754145729079688,0.11198888974185399,0.31681670675880086,0.09956762168254481,0.5119094457191699,0.38242104109832953,Software—Application,Technology,202.32,12801029184,425404,NICE
2017,2017-12-31,2017-12-31,143291000.0,1332152000.0,150071000.0,2.31,863479000.0,0.6481835406,2845086000.0,1749561000.0,693056000.0,523352000.0,1095525000.0,9013000.0,850772000.0,5691672360.0,28.945155846734167,1.3242635931457223,0.15733865338341266,0.2558596127828638,0.07548132052616748,28.945155846734167,0.08190111690875597,4.182955368456453,38.88822298678912,3.184988897214787,0.06725474733235165,51.99966714745368,0.0017294374020432623,0.4682290798942457,1.2521457833351166,0.0503643826583801,17.049270309053135,0.6481835406169867,0.20312500000000008,1.1266071422120938,0.5270692351367762,0.4800793197860649,0.273926725670506,0.22554738282586384,0.11846380872883377,0.3652773890704142,0.29325315090982756,0.41599064273763015,Software—Application,Technology,202.32,12801029184,425404,NICE
2016,2016-12-31,2016-12-31,116920000.0,1015542000.0,134176000.0,1.92,677809000.0,0.6674357141,2631876000.0,1511332000.0,509233000.0,472810000.0,1120544000.0,4716000.0,710910000.0,4410856920.0,25.329445086898957,1.0770351726909329,0.17674844863511807,0.3077947135374623,0.05782469066441163,25.329445086898957,0.07736222087536028,4.039914567787448,35.08982996920972,2.7146271765568386,0.3267362299007869,71.61429177268872,0.009311422431727032,0.3858624038518532,1.0065776950572112,0.04442458535280538,22.229161266552527,0.6674357141309764,-0.16157205240174677,1.1532617694258587,0.34912426864601487,0.3755994098688035,0.08747844084166954,-0.1682909132296661,1.974302000508296,1.1408019877423576,0.08272501878136064,0.26958798826328617,Software—Application,Technology,202.32,12801029184,425404,NICE
2015,2015-12-31,2015-12-31,140578000.0,926867000.0,-137715000.0,2.29,623285000.0,0.6724643341,1849613000.0,1415149000.0,655152000.0,399063000.0,434464000.0,6198000.0,632192000.0,3087589640.0,23.763248925308975,1.6417257425519278,0.0,0.0,-0.07981054620744596,23.763248925308975,0.09933794957280116,3.682859180443365,24.282040148529642,2.4121280797993707,0.27201269046365717,48.98063891577928,0.011202217309575137,0.50111401682406,1.5772622367896798,0.07600400732477551,15.053650559850412,0.6724643341493439,0.3550295857988166,2.0364390439285445,0.4143360194210269,0.2826209308284728,-0.020078420767982694,0.3638418627213194,-2.2315224681421864,1.1175933300276673,0.07839834330812102,0.21510809931419267,Software—Application,Technology,202.32,12801029184,425404,NICE
2014,2014-12-31,2014-12-31,103075000.0,1011639000.0,111825000.0,1.69,636056000.0,0.6287381171,1642091000.0,1213456000.0,506436000.0,378246000.0,428635000.0,13375000.0,411600000.0,2819188300.0,20.441629325157507,1.3389064259767454,0.0,0.0,0.08258020848510952,20.441629325157507,0.08494333539905856,2.9720931083123525,29.169879214164443,2.477786833638797,0.3700412321125394,28.08097196261682,0.01268573069486188,0.6160675626381242,1.20978410875462,0.06277057727007822,18.266395912564853,0.62873811705559,0.8988764044943819,1.4933356931785922,0.7943031906802659,0.18090718305275263,0.08851071985980669,0.8647670737222976,0.4021416122277532,0.9080381081404962,0.35084433805344367,0.11015038584432403,Software—Application,Technology,202.32,12801029184,425404,NICE
2013,2013-12-31,2013-12-31,55275000.0,949284000.0,79753000.0,0.89,584336000.0,0.61555446,1657058000.0,1204796000.0,460616000.0,384191000.0,452262000.0,13448000.0,346667000.0,2353947480.0,19.95091740080811,1.1989244932858916,0.0,0.0,0.04372608465709993,19.95091740080811,0.045879136384914955,2.6056401245570346,44.74884631388512,2.0530384231023344,0.5248303934871099,27.137715645449138,0.011728355850914089,0.5728731281584591,1.0922275638940007,0.03335731157267881,24.02662004118584,0.6155544599930053,-0.18348623853211013,0.4064080789083603,0.5133380056885087,0.2348409129374465,0.1071394060884179,-0.18586325743070078,0.7477428120617111,0.17739357932179695,0.4284894853149758,0.07685040576469705,Software—Application,Technology,202.32,12801029184,425404,NICE
2012,2012-12-31,2012-12-31,67894000.0,879012000.0,45632000.0,1.09,527789000.0,0.6004343513,1660945000.0,1191088000.0,521064000.0,383429000.0,469857000.0,13897000.0,320402000.0,1940503399.9999998,19.55648961497414,1.3589582425951088,0.0,0.0,0.04825788514662648,19.55648961497414,0.05700166570396142,2.3197628701314654,30.03357292249683,1.711963683623712,0.0,25.273296394905376,0.0,0.529224026081538,1.2597586515365296,0.04087672981344957,19.266049376883757,0.6004343512944078,0.22471910112359558,0.6155833079436004,0.5112191991543616,0.17222682047791044,0.08481150031036368,0.18565216632031153,-0.2269431456258047,0.6007163606711133,0.5195697756473826,0.12977291067484786,Software—Application,Technology,202.32,12801029184,425404,NICE
2011,2011-12-31,2011-12-31,57263000.0,793831000.0,59028000.0,0.89,486526000.0,0.6128835987,1581836000.0,1158644000.0,543171000.0,369628000.0,423192000.0,13404000.0,252508000.0,1963294800.0,18.413387578666327,1.4695071801919768,0.0,0.0,0.04235101180124181,18.413387578666327,0.049422428286859464,2.73072203025581,37.855714859507884,1.870921352891829,0.0,22.92636526410027,0.0,0.5018415309804556,1.2862147889229172,0.03620033935249925,16.30891308109572,0.6128835986500905,0.17105263157894737,1.0222985047217454,0.5330630850191707,0.6093052591340368,0.15735912611566788,0.1756626357607736,0.2033760091331648,0.3982699426771194,0.21451296868009798,0.13967713218994038,Software—Application,Technology,202.32,12801029184,425404,NICE
2010,2010-12-31,2010-12-31,48707000.0,689451000.0,49052000.0,0.76,420376000.0,0.6097257093,1534418000.0,1160760000.0,500959000.0,327050000.0,373658000.0,10861000.0,195245000.0,2077028800.0,18.527102087722657,1.5317504968659226,0.0,0.0,0.03546750551012408,18.527102087722657,0.0419613012164444,3.1714433658084475,44.89200320282505,1.883726868603329,0.0,24.774422244728846,0.0,0.4493241085545138,1.3801437089130102,0.031742980074529886,16.564181659785614,0.6097257092962372,0.11764705882352934,-0.18594626224557984,0.3544538537368631,0.45663818164606856,0.21527564973548033,0.13918514360557582,0.28411738527186575,0.1266975518069749,0.15226951612999443,0.11052476188424089,Software—Application,Technology,202.32,12801029184,425404,NICE
2009,2009-12-31,2009-12-31,42756000.0,583115000.0,38199000.0,0.68,345910000.0,0.5932106017,1399677000.0,1062754000.0,472321000.0,287861000.0,336923000.0,14445000.0,146538000.0,1650662800.0,17.310106686212233,1.6407953838831937,0.0,0.0,0.03355743574281589,17.310106686212233,0.0402313235236,3.26813887483601,44.57154083637384,1.793172079333505,0.0,16.421253028729666,0.0,0.4166068314332521,1.5621949482562765,0.030547047640277006,17.56082565425728,0.593210601682344,0.06250000000000006,-0.005130723124735344,0.3187298388265545,1.724507927948771,-0.102502231355211,0.09330810340859692,0.02270354207384006,0.547574449602302,0.15416926137870254,0.512879995996385,Software—Application,Technology,202.32,12801029184,425404,NICE
2008,2008-12-31,2008-12-31,39107000.0,624162000.0,37351000.0,0.64,385416000.0,0.6174935353,1288705000.0,970822000.0,478160000.0,260649000.0,317883000.0,11500000.0,103782000.0,1205801360.0,16.156670217015044,1.8344977345011875,0.0,0.0,0.030966850769700148,16.156670217015044,0.04028235866101098,2.1631841733396135,34.52520929756821,1.3907568637711134,0.0,20.760521739130436,0.0,0.48433272160812596,1.7581498490306888,0.030345967463461382,11.695416518688553,0.6174935353321733,-0.044776119402985114,2.740619637934501,0.4929540217673995,1.9449522647095219,0.23915224156999923,0.0462011771000535,-0.08683959611764418,-0.3185038834540026,0.27851351194156343,0.2702700408804638,Software—Application,Technology,202.32,12801029184,425404,NICE
TTM,,,,,,,,,,,,,,,,12984815184.0,48.75719804194492,2.11405837952803,0.1631072460378081,0.2612430009905106,0.06702746461524807,48.75719804194492,0.09551817535767441,5.751397492502443,45.399981470173294,4.149541157511714,0.0,0.0,0.0,0.4457403307857975,1.8069978153500146,0.05706541657037139,32.55619098774663,0.6840211616439588,,,,,,,,,,,Software—Application,Technology,202.32,12801029184,425404,NICE
