Quarters,Year,Quarter,FillingDate,Date,NetIncome,Revenue,OperatingIncome,EPSDiluted,GrossProfit,GrossProfitRatio,TotalAssets,CommonStockEquity,CurrentAssets,CurrentLiability,TotalLiability,Inventory,RetainedEarnings,MarketCap,EnterpriseValue,bookValuePerShare,currentRatio,debtToAssets,debtToEquity,roic,shareholdersEquityPerShare,roe,priceToSalesRatio,peRatio,pbRatio,payoutRatio,inventoryTurnover,dividendYield,assetTurnover,quickRatio,returnOnAssets,priceToFreeCashFlowsRatio,grossProfitMargin,epsdilutedGrowth,fiveYNetIncomeGrowthPerShare,fiveYRevenueGrowthPerShare,fiveYShareholdersEquityGrowthPerShare,grossProfitGrowth,netIncomeGrowth,operatingIncomeGrowth,threeYNetIncomeGrowthPerShare,threeYRevenueGrowthPerShare,threeYShareholdersEquityGrowthPerShare,Industry,Sector,Symbol
2023Q1,2023,Q1,2023-05-09,2023-03-31,-5037000.0,80999000.0,1097000.0,-0.19,7485000.0,0.0924085483,202669000.0,-32514000.0,131648000.0,112079000.0,235183000.0,80861000.0,-123950000.0,82821844.56,184160844.56,-1.2248420756496128,1.1746000588870351,0.6371867429157888,-3.9717660084886512,0.008534013320222654,-1.2248420756496128,0.15491788152795719,1.0225045316608847,-4.11067324597975,-2.547267163683337,0.0,0.9091403766958114,0.0,0.3996615170549023,0.3563022510907485,-0.024853332280713875,-8.570141200331125,0.09240854825368214,0.48648648648648646,0.63537400943975,-0.5474465722900017,-1.066670146478742,0.6194288186932064,0.48248227679030103,1.6352055587724377,0.8615321453579229,6.261005779759282,-1.1505398969251914,Railroads,Industrials,RAIL
2022Q4,2022,Q4,2023-03-27,2022-12-31,-9733000.0,128989000.0,-1727000.0,-0.37,4622000.0,0.0358325128,199738000.0,-28584000.0,128888000.0,105985000.0,228322000.0,64317000.0,-118913000.0,83575606.4,172924606.4,-1.0944437490793963,1.216096617445865,0.6371396529453585,-4.452176042541282,-0.013528362129932086,-1.0944437490793963,0.3405051777218024,0.6479281675181605,-2.1467072433987466,-2.9238597257206833,0.0,1.9336567315017803,0.0,0.6457909861919114,0.5229607963391046,-0.04872883477355335,4.0468529149719155,0.03583251284993294,0.46376811594202894,0.5886379254700532,-0.23372003992298832,-1.0580659763610563,0.014931927975406236,0.45338649893294397,0.3248631743549648,0.5169449833518239,0.35834318032782214,-1.1154071226525635,Railroads,Industrials,RAIL
2022Q3,2022,Q3,2022-11-07,2022-09-30,-17806000.0,85743000.0,-2558000.0,-0.69,4554000.0,0.0531122074,193051000.0,-18848000.0,131921000.0,64289000.0,211899000.0,84218000.0,-109180000.0,95929684.22,190215684.22,-0.7328601211567711,2.051999564466705,0.5632190457443887,-5.768781833616298,-0.023865662300340963,-0.7328601211567711,0.9447156196943973,1.1188048496087144,-1.3468730234190722,-5.089647931876061,0.0,0.9640338169987414,0.0,0.4441468834660271,0.5550249653906578,-0.09223469445897717,-8.15659248533288,0.053112207410517476,-2.189655172413793,0.26711893300863726,-0.4309317407392036,-1.0371125673532497,-0.3088480801335559,-2.2247059632712016,-2.0086750788643535,0.7605022412163961,0.013639175214531509,-1.0702174373198738,Railroads,Industrials,RAIL
2022Q2,2022,Q2,2022-08-08,2022-06-30,14539000.0,56786000.0,2536000.0,0.58,6589000.0,0.1160321206,212354000.0,-10151000.0,150480000.0,86118000.0,222505000.0,75845000.0,-91374000.0,89179213.76,171153213.76,-0.41433018348243394,1.7473698878283286,0.4689245316782354,-9.809673923751355,0.021280305735377363,-0.41433018348243394,-1.4322726824943355,1.5704436614658543,1.5334482041405875,-8.785263891242243,0.0,0.6618366405168435,0.0,0.26741196304284354,0.6911447084233261,0.06846586360511221,-7.50098526032467,0.11603212059310393,1.5225225225225223,17.271406491022535,-0.7600826871139423,-1.0199369586221914,-0.3448995824219527,1.5625024180755986,2.015457788347206,1.4613995820074028,-0.6113235535710473,-1.0311686208357729,Railroads,Industrials,RAIL
2022Q1,2022,Q1,2022-05-10,2022-03-31,-25847000.0,93236000.0,841000.0,-1.11,10058000.0,0.1078767858,230750000.0,-26028000.0,167978000.0,91904000.0,256778000.0,58476000.0,-105913000.0,137222203.77,207244203.77,-1.12099555154958,1.8277550487465182,0.46226652221018416,-4.09820193637621,0.008601861466579194,-1.12099555154958,0.9930459505148301,1.4717727462568109,-1.3272546501528224,-5.272099422544952,0.0,1.422429714754771,0.0,0.40405633802816904,1.0547310236768803,-0.11201300108342362,20.526881640987288,0.10787678579089623,-23.111553784860558,-22.408259823211736,-0.6469068706674062,-1.0535882327195307,0.5223248070228546,-23.1862660944206,-0.8113503813369224,0.021268242653687566,-0.2993708644241296,-1.0766364475720764,Railroads,Industrials,RAIL
2021Q4,2021,Q4,2022-03-22,2021-12-31,1165000.0,75019000.0,4458000.0,0.0502,6607000.0,0.088071022,200664000.0,-1656000.0,136726000.0,69320000.0,202320000.0,56012000.0,-80066000.0,80391576.15,152207576.15,-0.07601094906509057,1.9723889209463359,0.48865765658015387,-59.21256038647343,0.10832728243873954,-0.07601094906509057,-0.7035024154589372,1.071616205894507,17.251411190987124,-48.54563777173913,0.0,1.2213811326144397,0.0,0.3738538053661843,1.0909838430467398,0.005805724993023163,64.10811495215312,0.08807102200775803,0.6733333333333335,7.865155227881222,-0.6882902386016849,-1.0036296495944903,3.2958387516254875,0.5937072503419972,2.070862358875811,1.0256773731499116,-0.5167884771146697,-1.0048391174671691,Railroads,Industrials,RAIL
2021Q3,2021,Q3,2021-11-15,2021-09-30,731000.0,58307000.0,-4163000.0,0.03,1538000.0,0.026377621897885332,184105000.0,-9920000.0,124592000.0,62699000.0,194025000.0,44635000.0,-81231000.0,92799034.14,165231034.14,-0.48424641933455365,1.987144930541157,0.5427229026913989,-10.072379032258064,-0.012371397595996078,-0.48424641933455365,-0.07368951612903225,1.5915590604901642,31.73701577975376,-9.354741344758065,0.0,1.2718494455024085,0.0,0.3167051410879661,1.174819375109651,0.00397056027810217,-6.925817907306516,0.026377621897885332,1.2307692307692308,7.583351159003777,-0.692260127476627,-1.0231218057430151,-0.577240241891149,1.2844357976653697,-0.6415615141955836,1.0712620698916555,-0.5557406968045406,-1.0272142548728693,Railroads,Industrials,RAIL
2021Q2,2021,Q2,2021-08-16,2021-06-30,-2570000.0,37354000.0,-2536000.0,-0.13,3638000.0,0.09739251485784654,170058000.0,-9438000.0,109841000.0,69529000.0,179496000.0,48783000.0,-79047000.0,119551231.3,187024231.3,-0.4681452410938071,1.5797868515295777,0.5186642204424373,-9.34551811824539,-0.03210421359774363,-0.4681452410938071,0.2723034541216359,3.200493422391176,-11.629497208171205,-12.667009037931765,0.0,0.6911424061660825,0.0,0.2196544708276,0.7264738454457852,-0.015112491032471274,-5.261011762893856,0.09739251485784654,0.9322916666666667,-2.3398326966429,-0.8199209448470661,-1.0221812852221401,1.016629711751663,0.933036295890982,0.8188183182110452,0.32782072542990864,-0.6580550269299305,-1.0256630063679268,Railroads,Industrials,RAIL
2021Q1,2021,Q1,2021-05-17,2021-03-31,-38379000.0,32370000.0,-13997000.0,-1.92,1804000.0,0.05573061476675935,158070000.0,-7707000.0,97223000.0,61849000.0,165777000.0,37054000.0,-76998000.0,131909925.475,176580925.475,-0.38532100459440427,1.5719413410079386,0.4822357183526286,-9.890618917866874,-0.15739679978477597,-0.38532100459440427,4.979758660957571,4.075067206518381,-0.8592584842947966,-17.115599516673154,0.0,0.8249041938792033,0.0,0.20478269121275383,0.8244110656599136,-0.24279749478079332,-5.7809591320448765,0.05573061476675935,-1.2068965517241377,-2.8559609770078467,-0.8665550715208942,-1.0181661597333462,-0.6734250543084721,-1.6683584787596468,-0.5194311767260096,-2.687202208310215,-0.759972760523973,-1.0209736490347299,Railroads,Industrials,RAIL
2020Q4,2020,Q4,2021-03-24,2020-12-31,-14383000.0,60590000.0,-9212000.0,-0.87,5524000.0,0.0911701600924245,182742000.0,30497000.0,120978000.0,71149000.0,152245000.0,38831000.0,-38619000.0,39784762.0,41010762.0,1.8473849359712142,1.7003471587794627,0.3024646769762835,1.8124077778142111,-0.08097723930888229,1.8473849359712142,-0.47162015935993706,0.6566225779831656,-0.6915240561774317,1.3045467423025217,0.0,1.4180937910432387,0.0,0.33156034190279193,0.9551364038848051,-0.07870659180702849,-1.8499377848042406,0.0911701600924245,0.7128712871287128,-1.9153089362850242,-0.778966069844916,-0.9037994828207683,2.3542534935033097,0.643296463469074,0.7771649733913885,0.03826185231453972,-0.4305369093311391,-0.9019865478585742,Railroads,Industrials,RAIL
2020Q3,2020,Q3,2020-11-09,2020-09-30,-40322000.0,25202000.0,-41340000.0,-3.03,-4079000.0,-0.16185223394968654,211105000.0,47857000.0,118647000.0,103518000.0,164699000.0,60186000.0,-24236000.0,28333268.159999996,15776268.159999996,3.851089799589148,1.1461484959137542,0.0956869804125909,0.42209081221137973,-0.3231231411099927,3.851089799589148,-0.8425517688112502,1.1242468121577651,-0.175668792222608,0.5920402064483774,0.0,0.4865084903465922,0.0,0.119381350512778,0.416922660793292,-0.19100447644537077,-1.4562740625,-0.16185223394968654,-2.123711340206185,-3.6788681364086524,-0.8970384342826682,-0.7872653302494653,0.3361002604166667,-2.1523727620983504,-2.1927710843373496,-2.4347217222374744,-0.6538350811254965,-0.8049780231661811,Railroads,Industrials,RAIL
2020Q2,2020,Q2,2020-08-10,2020-06-30,-12791000.0,17458000.0,-12948000.0,-0.97,-6144000.0,-0.3519303471187994,253784000.0,87760000.0,121592000.0,99477000.0,166484000.0,47116000.0,16086000.0,15382213.64,-12957786.36,7.074560433682808,1.2223126953969259,0.07959524635122782,0.2301731996353692,-0.07556807395231997,7.074560433682808,-0.14574977210574294,0.8810982724252492,-0.3006452513486045,0.17527590747493163,0.0,0.5009338653535954,0.0,0.06879078271285818,0.5665229148446375,-0.050401128518740346,-0.8500808864327163,-0.3519303471187994,0.24806201550387602,-2.70003496549447,-0.9271616703531537,-0.5835830361229666,0.30205611723276155,0.24523514486339765,0.24249692856724975,-27.27223609439248,-0.8543267191806001,-0.6595825641978468,Railroads,Industrials,RAIL
2020Q1,2020,Q1,2020-05-12,2020-03-31,-16947000.0,5197000.0,-17093000.0,-1.29,-8803000.0,-1.6938618433711756,251102000.0,100621000.0,116654000.0,74576000.0,150752000.0,41121000.0,28877000.0,11501198.4,28257198.4,8.13632864554358,1.5642297790173783,0.04062094288376835,0.10137048926168493,-0.09609193915003288,8.13632864554358,-0.16842408642331125,2.2130456802001155,-0.16966422375641707,0.11430216753957922,0.0,0.34045864643369567,0.0,0.020696768643818052,0.9014160051491096,-0.06749050186776688,-1.186057378570692,-1.6938618433711756,-0.7200000000000001,-6.94621517702771,-0.9455681850755856,-0.5014693801948611,-0.09150650960942343,-0.7773466177241741,-0.9019695115166352,-27.353652545927403,-0.9630482413448572,-0.6110497741607771,Railroads,Industrials,RAIL
2019Q4,2019,Q4,2020-03-04,2019-12-31,-9535000.0,44938000.0,-8987000.0,-0.75,-8065000.0,-0.17946949129912323,245202000.0,117209000.0,109679000.0,49430000.0,128048000.0,25092000.0,45824000.0,25584119.459999997,38253119.45999999,9.483329312127907,2.2188751770180053,0.041598355641471116,0.08702403399056387,-0.048134342292527936,9.483329312127907,-0.08135040824510063,0.5693203849748542,-0.6707949517566859,0.2182777726966359,0.0,2.112346564642117,0.0,0.18326930449180676,1.4818531256322072,-0.03888630598445363,5.959496729559747,-0.17946949129912323,0.734982332155477,-2.927689586061359,-0.7944920833320571,-0.42684221934755007,-0.4907578558225508,0.7331299504604103,0.752123786407767,-128.8984157482764,-0.6708628377603258,-0.5471552083541744,Railroads,Industrials,RAIL
2019Q3,2019,Q3,2019-10-31,2019-09-30,-35729000.0,40651000.0,-36256000.0,-2.83,-5410000.0,-0.1330840569727682,289287000.0,128996000.0,132010000.0,61733000.0,160291000.0,55656000.0,55359000.0,59943468.3,96650468.3,10.437010365648128,2.138402475175352,0.0352591025521368,0.0790722192936215,-0.15930915251513986,10.437010365648128,-0.27697758070017675,1.4745877911982483,-0.4194314723333986,0.4646924579056715,0.0,0.8276016961333909,0.0,0.14052135076930522,1.1043688140864691,-0.12350710540051921,-5.141831214616572,-0.1330840569727682,-1.246031746031746,-6.396899003163675,-0.792438138858971,-0.38370489505895206,-1.8980743691899071,-1.248945678856927,-1.288455469292432,-696.3532518977601,-0.6443855239144908,-0.5016534628299878,Railroads,Industrials,RAIL
2019Q2,2019,Q2,2019-08-01,2019-06-30,-15887000.0,73661000.0,-15843000.0,-1.26,6024000.0,0.08178004642891082,337638000.0,164201000.0,153513000.0,69390000.0,173437000.0,61788000.0,91088000.0,74978284.97,105386284.97,13.29318309159506,2.2123216601815825,0.030209869742149877,0.062118988313104063,-0.05995045075783694,13.29318309159506,-0.0967533693461063,1.017883072046266,-1.179868524107761,0.45662502037137415,0.0,1.094662393992361,0.0,0.2181656093212257,1.1923764231157228,-0.04705335299936619,-4.134679881438182,0.08178004642891082,-0.1249999999999999,-10.556409598324942,-0.48772413180457636,-0.1903990082507255,1.879544459045116,-0.13219783352337514,-0.09141636814549463,-32.69659616424305,-0.42041618641869705,-0.3701529786442568,Railroads,Industrials,RAIL
2019Q1,2019,Q1,2019-05-02,2019-03-31,-14032000.0,70708000.0,-14516000.0,-1.12,-6849000.0,-0.09686315551281326,344083000.0,180459000.0,138029000.0,68821000.0,163624000.0,52700000.0,106975000.0,76982961.12,106103961.12,14.627446692323335,2.0056232835907646,0.0,0.0,-0.05211961338299795,14.627446692323335,-0.07775727450556637,1.0887447123380665,-1.3715607383124289,0.4265952993200672,0.0,1.4716698292220114,0.0,0.20549692951991236,1.1084988593597884,-0.040780858106910255,81.29140561774024,-0.09686315551281326,0.45631067961165045,-0.9624079383674154,0.22519753192286168,-0.10271490156830666,-0.6986607142857143,0.4533483968989832,-0.28985249688999465,-2.100138630228567,-0.5274142960044607,-0.3103813964581124,Railroads,Industrials,RAIL
2018Q4,2018,Q4,2019-03-04,2018-12-31,-25669000.0,87835000.0,-11254000.0,-2.06,-4032000.0,-0.04590425229122787,289737000.0,193610000.0,155833000.0,62050000.0,96127000.0,64562000.0,120799000.0,82460110.44,37390110.44,15.707605690662472,2.5114101531023367,0.0,0.0,-0.1369244877744079,15.707605690662472,-0.1325809617271835,0.9388069726191154,-0.8031098839066578,0.4259083231238056,0.0,1.4229267990458785,0.0,0.303154239879615,1.3103464947622885,-0.08859413882244932,33.92024287947347,-0.04590425229122787,-3.12,-1.027963027348557,0.06950030779222005,-0.0720498594578955,-0.05054715997915581,-3.158943616331821,-0.2916331917823941,-3.1878074628435744,-0.5708515715907087,-0.18204389260391854,Railroads,Industrials,RAIL
2018Q3,2018,Q3,2018-11-01,2018-09-30,-6172000.0,78968000.0,-8713000.0,-0.5,-3838000.0,-0.0486019653530544,324503000.0,219322000.0,210400000.0,69958000.0,105181000.0,100471000.0,146468000.0,201402232.12,168526232.12,17.79385184700802,3.007518796992481,0.0,0.0,-0.029587896783922017,17.79385184700802,-0.0281412717374454,2.550428428224091,-8.157899875243032,0.9182947087843444,0.0,0.8241781210498552,0.0,0.24335060076486195,1.4154778581434575,-0.019019854978228244,-8.640164398112399,-0.0486019653530544,-1.631578947368421,-5.466136023471088,0.00873279294746289,0.040627384603094174,-1.7931390783219674,-1.6421232876712328,-1.4571347997743938,-1.4134136256769196,-0.6747323533101048,-0.01706545594781171,Railroads,Industrials,RAIL
2018Q2,2018,Q2,2018-08-02,2018-06-30,-2336000.0,66743000.0,-3546000.0,-0.19,4839000.0,0.07250198522691519,329873000.0,224697000.0,218434000.0,67512000.0,105176000.0,98171000.0,152640000.0,206811597.34,181667597.34,18.24202645559432,3.235484062092665,0.0,0.0,-0.012350085384666426,18.24202645559432,-0.010396222468479774,3.0986260332918807,-22.133090468749998,0.9204021297124572,0.0,0.6305731835267034,0.0,0.20232938130735162,1.5873029979855433,-0.007081513188408873,-5.646733033174062,0.07250198522691519,0.6274509803921569,0.34077393076282897,0.3745775463626563,0.06206177353957656,9.119127516778523,0.6352279825109307,0.5872905027932961,-1.312679316700154,-0.7195572783362544,0.07374717380832421,Railroads,Industrials,RAIL
2018Q1,2018,Q1,2018-05-03,2018-03-31,-6404000.0,82973000.0,-8592000.0,-0.51,-596000.0,-0.007183059549492003,317630000.0,226082000.0,205349000.0,51391000.0,91548000.0,61421000.0,154976000.0,164900547.4,99645547.4,18.371672185243455,3.9958163880835165,0.0,0.0,-0.029525299064534515,18.371672185243455,-0.028326005608584497,1.9874000867752162,-6.43740425515303,0.7293837961447617,0.0,1.3605932824278342,0.0,0.2612253250637534,2.544861940806756,-0.020161823505336397,-12.061186907548274,-0.007183059549492003,0.43333333333333335,-1.3507226258516487,-0.08088502384894171,0.05171139674497164,0.8528031612743887,0.42503142395403126,0.355825461088619,-2.017599942331948,-0.12666726497047243,0.12567246486321793,Railroads,Industrials,RAIL
2017Q4,2017,Q4,2018-03-09,2017-12-31,-11138000.0,79241000.0,-13338000.0,-0.9,-4049000.0,-0.05109728549614467,295904000.0,231732000.0,199947000.0,40317000.0,64172000.0,45292000.0,161380000.0,209991716.76,122203716.75999999,18.848279451534687,4.959371977081628,0.0,0.0,-0.048621883971062485,18.848279451534687,-0.04806414306181278,2.65003870168221,-4.713407181720236,0.906183508363109,0.0,1.8389561070387705,0.0,0.26779293284308425,3.450182305231044,-0.037640586136044124,23.149786876860322,-0.05109728549614467,0.042553191489361625,-10.278106361022507,-0.3399494435576735,0.06480573464945616,0.4834141362592498,0.04098501808162562,0.28336557059961315,-3.263650887485001,-0.6357071936460091,0.1391609068919667,Railroads,Industrials,RAIL
2017Q3,2017,Q3,2017-11-02,2017-09-30,-11614000.0,72025000.0,-18612000.0,-0.94,-7838000.0,-0.10882332523429365,318531000.0,242769000.0,220228000.0,49205000.0,75762000.0,70263000.0,172518000.0,240470600.88,170263600.88,19.746952944030088,4.47572401178742,0.0,0.0,-0.04837251008578491,19.746952944030088,-0.04783971594396319,3.338710182297813,-5.1763087842259345,0.9905325675024405,-0.09609092474599622,1.1366295205157764,0.004640899951661484,0.22611613940244435,2.8276394675337873,-0.03646112937202344,-24.083184865297948,-0.10882332523429365,-22.499999999999996,-3.3705150768726706,-0.5645511118213444,0.08568903907788854,-2.471096096096096,-24.924107142857142,-18.716101694915253,-2.7636493475610546,-0.6302854177699523,0.16603797548793722,Railroads,Industrials,RAIL
2017Q2,2017,Q2,2017-08-03,2017-06-30,-448000.0,118672000.0,-944000.0,-0.04,5328000.0,0.044896858568154244,328691000.0,255281000.0,234348000.0,46091000.0,73410000.0,74092000.0,185248000.0,213614342.94,112321342.94,20.7820155187188,5.084463344253759,0.0,0.0,-0.0018551543839666605,20.7820155187188,-0.0017549288822904957,1.800039966799245,-119.20443244419643,0.8367812055734661,-2.4955357142857144,1.5297737947416725,0.0052337309593205724,0.361044263457168,3.2167017422056365,-0.00136298225384936,8.675046415692007,0.044896858568154244,-1.7999999999999998,-1.0782231927188097,-0.3638752813176185,0.16716546633812546,-0.46127401415571284,-1.702194357366771,-1.8566243194192378,-1.2709860021376411,-0.17009088820503068,0.26569688076753123,Railroads,Industrials,RAIL
2017Q1,2017,Q1,2017-05-04,2017-03-31,638000.0,139536000.0,1102000.0,0.05,9890000.0,0.07087776631120285,339320000.0,256663000.0,243666000.0,54460000.0,82657000.0,77501000.0,186814000.0,153737524.15,55670524.150000006,20.91868857509502,4.474219610723467,0.0,0.0,0.0025410911648061974,20.91868857509502,0.002485749796425663,1.1017767755274626,60.24197654780564,0.5989859237599497,1.750783699059561,1.6728300279996386,0.007265630210814085,0.41122244488977955,2.6536173338229894,0.001880231050335966,9.814704044305413,0.07087776631120285,7.289237837837839,-0.9363002516679546,-0.3809586343694508,0.20524915725081386,0.4704133214391912,7.621621621621622,1.3561732385261798,1.0897163518197879,1.4311124074358055,0.283206012093472,Railroads,Industrials,RAIL
2016Q4,2016,Q4,2017-03-03,2016-12-31,74000.0,135523000.0,-3094000.0,0.006031917647695579,6726000.0,0.049629952111449716,339255000.0,256914000.0,241170000.0,54135000.0,82341000.0,97904000.0,187508000.0,183162314.96,90412314.96000001,20.94167689919003,4.454973676918814,0.0,0.0,0.0002843578789093082,20.94167689919003,0.0002880341281518329,1.351521992281753,618.7916045945946,0.712932401348311,15.067567567567568,1.3155437980062101,0.006087496766152469,0.3994723732885293,2.424309596379422,0.0002181250092113602,3.3867518760400874,0.049629952111449716,0.45102661719884024,-0.9915200297839307,-0.2958049756784019,0.26545506079482367,-0.2911792601960164,0.45098039215686275,-58.5,1.0058738693287268,0.6579361202430467,0.23716067263788984,Railroads,Industrials,RAIL
2016Q3,2016,Q3,2016-11-01,2016-09-30,51000.0,113461000.0,-52000.0,0.004157,9489000.0,0.08363226130564687,355765000.0,256921000.0,243068000.0,66669000.0,98844000.0,144658000.0,188549000.0,176406189.84,151620189.84,20.943278596691673,3.645892393766218,0.0,0.0,0.00015179763429225325,20.943278596691673,0.00019850459868986966,1.5547737975163272,864.7362247058825,0.6866164690313366,21.84313725490196,0.7187435191970026,0.006314971152715193,0.31892119798181384,1.051088211912583,0.00014335305609039674,-4.799254287346628,0.08363226130564687,1.103925,1.0203009583746738,-0.15262930590267101,0.3068912618008837,0.17481738269159341,1.108974358974359,0.913477537437604,1.0536841879934258,0.4562264032627533,0.22481345907990305,Railroads,Industrials,RAIL
2016Q2,2016,Q2,2016-08-02,2016-06-30,-468000.0,126157000.0,-601000.0,-0.04,8077000.0,0.06402339941501463,368567000.0,258780000.0,262707000.0,78426000.0,109787000.0,136079000.0,189612000.0,172271377.4,108808377.4,21.105415507056833,3.34974370744396,0.0,0.0,-0.0016956319337865097,21.105415507056833,-0.0018084859726408531,1.3655316581719603,-92.02530844017095,0.6657059177679883,-2.3824786324786325,0.867731244350708,0.006472346229699327,0.3422905469019201,1.2110907097136154,-0.0012697826989394058,-14.89721354202698,0.06402339941501463,-1.0388349514563107,-3.4716160699416694,0.2562907659882114,0.30441250749790105,-0.4915969031283439,-1.0369463961474699,-1.0306710895636642,0.8673232639937494,1.610130765482546,0.22877000969595282,Railroads,Industrials,RAIL
2016Q1,2016,Q1,2016-05-03,2016-03-31,12667000.0,148590000.0,19595000.0,1.03,15887000.0,0.10691836597348409,376401000.0,259879000.0,272172000.0,84507000.0,116522000.0,136363000.0,191195000.0,190888200.98,120665200.97999999,21.210922410150527,3.220703610351805,0.0,0.0,0.04865252991453569,21.210922410150527,0.048741914506366425,1.2846638466922404,3.7674311395752746,0.7345272260552027,0.08770821820478408,0.9731598747460821,0.005820160671514753,0.394765157372058,1.296141148070574,0.03365293928549605,-9.843657228754125,0.10691836597348409,0.09574468085106393,10.543592222712588,0.999123662684906,0.3157333978181552,-0.41703361221194774,0.08692294491161832,0.21996015440169345,5.67013572189365,0.6532110511877232,0.2142481429723495,Railroads,Industrials,RAIL
2015Q4,2015,Q4,2016-03-04,2015-12-31,11654000.0,203299000.0,16062000.0,0.94,27252000.0,0.13404886398850954,406904000.0,235111000.0,280681000.0,72557000.0,171793000.0,115354000.0,179639000.0,237884287.92,154816287.92,19.203482373481844,3.8684206899403226,0.0,0.0,0.04967322450841115,19.203482373481844,0.04956807635542361,1.170120305166282,5.103060921571992,1.0117956536274355,0.09516045992792174,1.5261456039669192,0.004661930427170349,0.4996239899337436,2.063577601058478,0.028640662170929754,-17.072218165638006,0.13404886398850954,-0.21666666666666667,4.260931938517455,2.874861307785991,0.18740598680379544,-0.06189328743545611,-0.21400148377959127,-0.2992758049035861,12.850190346739721,0.7005281931404106,0.0848723995790649,Railroads,Industrials,RAIL
2015Q3,2015,Q3,2015-11-03,2015-09-30,14827000.0,241114000.0,22922000.0,1.2,29050000.0,0.12048242739948738,428401000.0,221600000.0,320916000.0,101255000.0,206801000.0,141676000.0,169094000.0,210059180.76,115062180.75999999,18.102784111800702,3.169384227939361,0.0,0.0,0.06704924979064403,18.102784111800702,0.06690884476534296,0.8712027537181581,3.541835515613408,0.9479204907942239,0.07479598030619815,1.4968237386713346,0.0052794645584525604,0.5628231493390539,1.5192336180929338,0.034610096615087266,7.307168774480815,0.12048242739948738,1.0,4.070956987465867,4.674211987994856,0.0910525111488485,0.332202146198294,1.0044612680816547,1.1064142620841757,2.0393655875654324,0.46401356661753834,-0.004707493724130212,Railroads,Industrials,RAIL
2015Q2,2015,Q2,2015-08-06,2015-06-30,7397000.0,235637000.0,10882000.0,0.6,21806000.0,0.09254064514486265,397002000.0,207194000.0,285695000.0,93224000.0,189808000.0,150288000.0,155376000.0,254645861.04,228690861.04,16.98912639825092,3.064607826310821,0.0,0.0,0.0357896406382193,16.98912639825092,0.03570084075793701,1.0806701029125307,8.606389787751791,1.229021405253048,0.15019602541570906,1.422808208240179,0.0043629218847797534,0.5935410904730959,1.135705397751652,0.018632147948876833,-11.01981396226415,0.09254064514486265,4.529411764705882,6.529060288173455,6.414844014174975,0.0018288394461616825,3.7893696463869975,4.56825856246985,4.506928778601353,0.30088181566318584,0.272219931869242,-0.04585185121089988,Railroads,Industrials,RAIL
2015Q1,2015,Q1,2015-05-08,2015-03-31,-2073000.0,92804000.0,-3103000.0,-0.17,4553000.0,0.04906038532821861,393636000.0,196184000.0,284397000.0,104701000.0,197452000.0,159677000.0,149090000.0,377808149.46,336133149.46,16.32061968174359,2.7162777814920585,0.0,0.0,-0.010505669252320497,16.32061968174359,-0.010566610936671696,4.071033031550364,-45.56297026772793,1.925784719752885,-0.5258080077182827,0.552684481797629,0.0028850621712579088,0.2357609568230548,0.925502144201106,-0.0052662866201262076,-4.56218407085844,0.04906038532821861,-1.435897435897436,0.37828060306232586,3.6944331820144956,-0.04277247729534097,-0.7085520419920625,-1.4313358302122348,-1.4221194395320365,-1.2112604551231985,-0.5797555680975452,-0.05967273968353169,Railroads,Industrials,RAIL
2014Q4,2014,Q4,2015-03-13,2014-12-31,4806000.0,212464000.0,7351000.0,0.39,15622000.0,0.07352775058362829,385252000.0,198695000.0,273165000.0,98325000.0,186557000.0,82375000.0,152253000.0,315952027.89,202420027.89,16.545756914147844,2.778184591914569,0.0,0.0,0.02496555822868904,16.545756914147844,0.024187825561790683,1.4870850021180058,16.435290672596754,1.590135775384383,0.15085310029130253,2.389584218512898,0.0022946521497004342,0.5514935678465005,1.683996948893974,0.01247495146034284,3.199157844594526,0.07352775058362829,-0.2641509433962264,1.8566287881773955,3.2496409939770503,-0.046950967135558665,-0.169881502736596,-0.25279850746268656,-0.35044623133339226,-0.43737064096309564,0.12782395795978535,-0.00017978873033034422,Railroads,Industrials,RAIL
2014Q3,2014,Q3,2014-11-06,2014-09-30,6432000.0,190280000.0,11317000.0,0.53,18819000.0,0.09890161866722724,381067000.0,203356000.0,264815000.0,104900000.0,177711000.0,129196000.0,148172000.0,399865400.99999994,373411400.99999994,16.93508561397139,2.5244518589132507,0.0,0.0,0.032422857494716906,16.93508561397139,0.03162926100041307,2.1014578568425475,15.542032066231341,1.9663319547984812,0.11256218905472637,1.327138611102511,0.0018106092654913148,0.4993347626532867,1.0293422306959008,0.016878921554477296,-19.394936266188093,0.09890161866722724,3.076923076923077,4.946359610256143,2.4109873759683826,-0.06412732032000153,0.7024606477293287,2.9826625386996906,3.7550420168067227,3.6156386128766687,0.45179506377084655,0.05677414854449843,Railroads,Industrials,RAIL
2014Q2,2014,Q2,2014-08-08,2014-06-30,1615000.0,139688000.0,2380000.0,0.13,11054000.0,0.07913349750873375,371561000.0,197029000.0,246749000.0,102729000.0,174532000.0,107835000.0,142464000.0,300473740.0,259551740.0,16.419425404695932,2.4019410293101267,0.0,0.0,0.009250021684739415,16.419425404695932,0.00819676291307371,2.1510347345512857,46.512962848297214,1.5250229154083914,0.448297213622291,1.1928780080678816,0.002409528366771752,0.3759490366319393,0.9645280300596716,0.0043465272189492435,-6.282381450196538,0.07913349750873375,1.2241379310344829,-0.7726715369538963,0.32342803884712074,-0.08902765172211548,4.506979695431472,1.2324075406533315,1.2062212979811109,7.715098251594009,0.42135485648263526,0.014796598373195271,Railroads,Industrials,RAIL
2014Q1,2014,Q1,2014-05-09,2014-03-31,-6949000.0,56086000.0,-11541000.0,-0.58,-3152000.0,-0.056199408051920266,404936000.0,195452000.0,280104000.0,138170000.0,209484000.0,108828000.0,141573000.0,278636607.47999996,194816607.47999996,16.301894144781524,2.027241803575306,0.0,0.0,-0.034776064508343585,16.301894144781524,-0.03555348627796083,4.9680242392040785,-10.024341900992948,1.4256012088901622,-0.10404374730177005,0.5443268276546477,0.002594777500841829,0.1385058379595788,1.060353188101614,-0.017160736511448723,-5.787566622632103,-0.056199408051920266,0.4368932038834952,-3.657893652175132,0.40111263402474623,-0.031055282641288748,-14.527093596059114,0.4344429071376251,0.3635711922355796,-4.350199757186922,-0.22889392209160175,0.011221773350170312,Railroads,Industrials,RAIL
2013Q4,2013,Q4,2014-03-14,2013-12-31,-12287000.0,79723000.0,-18134000.0,-1.03,-203000.0,-0.0025463166213012555,417719000.0,202535000.0,297388000.0,147228000.0,215184000.0,83295000.0,149245000.0,318509790.72,173003790.72000003,16.9272086983964,2.0199146901404625,0.0,0.0,-0.05960439349113132,16.9272086983964,-0.06066605771841904,3.9952057840271946,-6.480625675917637,1.5726160452267508,-0.05884267925449662,0.9595533945614982,0.0022699459202357294,0.19085318120554726,1.2805172929062407,-0.029414510711746413,3.501954775266075,-0.0025463166213012555,-11.875,-2.4613438145176856,-0.7096704246900004,0.018562601375016696,-1.0328372694920738,-12.26889848812095,-18.169133192389005,-2.5179592205096175,0.5548295109639104,0.046657505000686376,Railroads,Industrials,RAIL
2013Q3,2013,Q3,2013-11-08,2013-09-30,-926000.0,75946000.0,-946000.0,-0.08,6182000.0,0.08139994206409817,355212000.0,204464000.0,225481000.0,67696000.0,150748000.0,83839000.0,162255000.0,247282092.64,188285092.64,17.099157787198514,3.330787638856062,0.0,0.0,-0.0036649728278677907,17.099157787198514,-0.004528914625557556,3.256025236878835,-66.76082414686825,1.2094162915721103,-0.7796976241900648,0.8321187037059126,0.0029197423569651978,0.2138047138047138,1.751949893642165,-0.0026068939112417373,-63.275868126919136,0.08139994206409817,0.7241379310344827,-1.123764813708971,-0.6848732849170527,0.034173092663912046,1.714975845410628,0.7306573589296103,0.8298255081849254,0.803657786059902,0.8296595422082248,0.030564079372296524,Railroads,Industrials,RAIL
2013Q2,2013,Q2,2013-08-09,2013-06-30,-3438000.0,47109000.0,-5559000.0,-0.29,2277000.0,0.04833471311214418,363866000.0,205265000.0,226824000.0,75081000.0,158601000.0,95698000.0,163903000.0,204953681.79999998,152546681.79999998,17.17605031089517,3.021057258161186,0.0,0.0,-0.01640961195986917,17.17605031089517,-0.016749080456970256,4.350626882336708,-14.903554522978473,0.9984833352008379,-0.21000581733566026,0.4684737403080524,0.0035227471575970492,0.12946799096370643,1.4437873763002624,-0.009448533251251834,-5.736821412976544,0.04833471311214418,-0.31818181818181807,-2.8250568676623957,-0.6714360522784034,0.0768237463321525,-0.5417589052123164,-0.30030257186081694,-11.070652173913043,-1.6225036805667519,0.5127840852266785,0.012851523136854828,Railroads,Industrials,RAIL
2013Q1,2013,Q1,2013-05-10,2013-03-31,-2644000.0,87615000.0,552000.0,-0.22,4969000.0,0.056714032985219424,359326000.0,208632000.0,224028000.0,70795000.0,150694000.0,75824000.0,168063000.0,256783594.5,183706594.5,17.46835894533753,3.1644607670033196,0.0,0.0,-0.014947678700123198,17.46835894533753,-0.012673031941408796,2.930817719568567,-24.279840629727687,1.230796783331416,-0.273071104387292,1.0899715129774215,0.0028117061037557832,0.24383150676544418,1.7776396638180663,-0.007358220668696393,-7.056045133545834,0.056714032985219424,-1.7500000000000002,0.7456027490877559,-0.094394754875221,0.09336025504955435,-0.3880541871921182,-1.7570385818561,15.526315789473685,0.20190481185925438,3.4605977235086174,0.024544060521532247,Railroads,Industrials,RAIL
2012Q4,2012,Q4,2013-03-15,2012-12-31,-959000.0,116579000.0,-38000.0,-0.08,8120000.0,0.06965233875740914,388565000.0,211331000.0,261225000.0,96576000.0,177234000.0,73842000.0,171429000.0,267668635.86,169159635.86,17.701143822013425,2.7048645626242545,0.0,0.0,-0.0013685745215904065,17.701143822013425,-0.004537904992641875,2.2960278940460976,-69.7780594004171,1.2665848165200564,-0.7507820646506778,1.4687982449012758,0.0026898930376608823,0.3000244489338978,1.5891525844930416,-0.0024680555376835277,22.838620807167235,0.06965233875740914,-1.2,0.9432535579951772,-0.1638670862277683,0.04915318944893465,-0.49540144171016653,-1.2015976455749422,-1.0048247841543931,0.8280643527795958,1.3454470700505092,0.01960025689360449,Railroads,Industrials,RAIL
2012Q3,2012,Q3,2012-11-09,2012-09-30,4757000.0,160598000.0,7876000.0,0.4,16092000.0,0.10020050062889949,363356000.0,217111000.0,237916000.0,71701000.0,146245000.0,56546000.0,173108000.0,213310258.60000002,84638258.60000002,18.18840591851404,3.3181685053207066,0.0,0.0,0.02218936797247814,18.18840591851404,0.021910451335952576,1.3282248757767845,11.210335221778433,0.9824940173459659,0.15093546352743326,2.5555476956813923,0.0033659890748451793,0.4419852706436663,1.9951883516268951,0.013091843811578727,10.416048566824553,0.10020050062889949,-0.13043478260869565,-0.45284292760160205,-0.010823954439559786,0.08763143211694709,-0.05580003520506953,-0.14488585295703757,-0.16346255974508764,3.424056758511376,1.8960730109401907,0.005134108800971103,Railroads,Industrials,RAIL
2012Q2,2012,Q2,2012-08-09,2012-06-30,5563000.0,181206000.0,9415000.0,0.46,17043000.0,0.09405317704711764,370254000.0,212448000.0,244386000.0,82245000.0,157806000.0,72592000.0,169069000.0,274068048.05,166626048.05,17.80554353096178,2.971438993251869,0.0,0.0,0.026454979272199395,17.80554353096178,0.026185231209519506,1.5124667397878657,12.316557974564084,1.2900476730776471,0.12924680927557072,2.2614475424289178,0.002623436059459322,0.48940997261339514,1.3945042251808621,0.01502482079869495,-14.025282639066578,0.09405317704711764,-0.4320987654320988,-0.5022383965518709,-0.049464107352163084,0.034285397215213655,-0.28182546036829464,-0.4284980480788987,-0.41104716627048665,-0.21247357424539023,0.7265875008271268,-0.012123907933748379,Railroads,Industrials,RAIL
2012Q1,2012,Q1,2012-05-10,2012-03-31,9734000.0,219066000.0,15986000.0,0.81,23731000.0,0.10832808377383984,380753000.0,206964000.0,252972000.0,97136000.0,173789000.0,77753000.0,164225000.0,268180160.82,139791160.82,17.356318773796758,2.604307362872673,0.0,0.0,0.04729862187557287,17.356318773796758,0.047032334125741676,1.2241980079975898,6.887717300698582,1.295781685800429,0.07376207109102116,2.512250331176932,0.002677304681318,0.5753493734783443,1.4486390215779938,0.025565130149992253,8.580117763629383,0.10832808377383984,0.1387383376562133,-0.5519484188469662,-0.28225783913270297,0.08551664850450211,0.4276861990133558,0.14760669653383635,0.7029935016512198,2.743445276347585,4.502479313838809,0.03161713843220253,Railroads,Industrials,RAIL
2011Q4,2011,Q4,2012-03-29,2011-12-31,8482000.0,187060000.0,9387000.0,0.7113135416755769,16622000.0,0.08885918956484551,345463000.0,197334000.0,200287000.0,69698000.0,148129000.0,72877000.0,155209000.0,249816557.1,147946557.1,16.548732189696807,2.8736405635742774,0.0,0.0,0.04323165891986271,16.548732189696807,0.042982962895395625,1.3354889185288144,7.363138325277057,1.2659580057161968,0.0,2.338707685552369,0.0,0.5414762217661515,1.6068610290108756,0.024552557003210185,7.5752488659106065,0.08885918956484551,4.556567708377884,-0.7361701948035122,-0.49435102205395476,0.022605052463948443,0.8231874520127235,4.474805407619828,4.183324130314743,0.012237353682468753,-0.3164565595376231,-0.004211502975508086,Railroads,Industrials,RAIL
2011Q3,2011,Q3,2011-11-02,2011-09-30,-2441000.0,130103000.0,1811000.0,-0.2,9117000.0,0.07007524807268088,330353000.0,191018000.0,183178000.0,64818000.0,139335000.0,92354000.0,146727000.0,171764361.23,105889361.22999999,16.02526484707843,2.8260359776605264,0.0,0.0,-0.013177318338191328,16.02526484707843,-0.012778900417761677,1.320218298040783,-17.59159783183122,0.8992051075291334,0.0,1.3100244710570197,0.0,0.3938302361413397,1.155805486130396,-0.007389065635850136,13.974807682857374,0.07007524807268088,-11.0,-1.070136598498385,-0.6524554879799099,0.06428484295388792,1.2993694829760403,-14.266304347826088,1.938341968911917,-1.3272857075758857,-0.45844735241157875,-0.03077695908105679,Railroads,Industrials,RAIL
2011Q2,2011,Q2,2011-08-08,2011-06-30,184000.0,97583000.0,-1930000.0,0.02,3965000.0,0.04063207730854759,379390000.0,192783000.0,225300000.0,111934000.0,186599000.0,72107000.0,149168000.0,301923135.21999997,250854135.21999997,16.180016203264437,2.012793253167045,0.0,0.0,0.000898187298337943,16.180016203264437,0.000954441003615464,3.0940136624207084,410.2216511141304,1.5661294575766538,0.0,1.2983205514027765,0.0,0.2572102585729724,1.1512766451659013,0.0004849890613880176,-50.21173045401629,0.04063207730854759,1.1818181818181819,-0.9946945601625825,-0.7181734267958727,0.3308577175050999,0.7685102586975915,1.1426356589147286,0.48601864181091875,1.2053296490549672,-0.3173595702568545,0.014379053877264646,Railroads,Industrials,RAIL
2011Q1,2011,Q1,2011-05-10,2011-03-31,-1290000.0,72240000.0,-3755000.0,-0.11,2242000.0,0.031035437430786267,318225000.0,191969000.0,165411000.0,50546000.0,126242000.0,75183000.0,148984000.0,387129632.66999996,336562632.66999996,16.120988070473867,3.272484469592055,0.0,0.0,-0.006516734475482158,16.120988070473867,-0.006719834973355073,5.358937329318937,-75.0251226104651,2.0166257711922233,0.0,0.9310349414096272,0.0,0.22700919160971011,1.2783800894234953,-0.004053735564459109,-34.82321063866151,0.031035437430786267,0.6231640189873419,-1.0635303112349674,-0.7402988898184124,0.7743078002957133,78.3103448275862,0.6288837744533947,0.3943548387096774,0.8755112685756469,-0.2510935530405817,0.009027103435419615,Railroads,Industrials,RAIL
2010Q4,2010,Q4,2011-03-15,2010-12-31,-3476000.0,51030000.0,-6200000.0,-0.291904185222443,-29000.0,-0.0005682931608857535,310643000.0,192584000.0,150476000.0,38681000.0,118063000.0,57713000.0,150274000.0,344618011.98,282838011.98,16.17263394904458,3.890178640676301,0.0,0.0,-0.018216847317180023,16.17263394904458,-0.018049266813442447,6.753243425044092,-24.785530205696205,1.7894425911809912,0.0,0.8847053523469582,0.0,0.16427217094864524,1.7033168739174271,-0.011189693635459354,-34.5863119209153,-0.0005682931608857535,0.25152773019886415,-1.2079444123651562,-0.7990243288111684,1.1986229175208751,0.9645476772616137,0.25979557069846676,0.15312115831170606,0.793784061754107,-0.6330532940042845,-0.04144214294620326,Railroads,Industrials,RAIL
2010Q3,2010,Q3,2010-11-09,2010-09-30,-4696000.0,41330000.0,-7321000.0,-0.39,-818000.0,-0.01979191870312122,331762000.0,197548000.0,187790000.0,56404000.0,134158000.0,48243000.0,153750000.0,292892347.8,197181347.8,16.592037437995504,3.3293738032763636,0.0,0.0,-0.022119019467906523,16.592037437995504,-0.02377143782776844,7.0866766948947495,-15.592650543015333,1.4826388918136353,0.0,0.873660427419522,0.0,0.12457725719039553,1.941351677186015,-0.014154725375419728,-7.93101402112104,-0.01979191870312122,-2.545454545454546,-1.2901053320201605,-0.834836865490291,1.7625181353096897,-1.2234362196121278,-2.5984674329501916,-2.417833800186741,-1.541528384678889,-0.7447809222606567,-0.007828309898453156,Railroads,Industrials,RAIL
2010Q2,2010,Q2,2010-08-09,2010-06-30,-1305000.0,30999000.0,-2142000.0,-0.11,3661000.0,0.1181005838898029,345139000.0,201739000.0,205733000.0,64114000.0,143335000.0,32616000.0,158446000.0,269094577.44,178950577.44,16.958112732752806,3.20886233895873,0.0,0.0,-0.006171438418250537,16.958112732752806,-0.00646875418238417,8.680750264202072,-51.550685333333334,1.3338748454190812,0.0,0.8381775815550649,0.0,0.08981598718197596,2.200424244314814,-0.0037810853018638868,-37.363868014440435,0.1181005838898029,0.6071428571428572,-1.1436119555247357,-0.8647810593110581,2.4687670381996774,40.79347826086956,0.6038251366120219,0.6328419609187521,-1.1171137561740956,-0.8369094877421702,-0.014940019476721036,Railroads,Industrials,RAIL
2010Q1,2010,Q1,2010-05-10,2010-03-31,-3294000.0,19530000.0,-5834000.0,-0.28,-92000.0,-0.004710701484895033,351242000.0,202473000.0,217633000.0,69163000.0,148689000.0,37343000.0,159751000.0,286907948.64,182827948.64,17.04988552317161,3.146668016135795,0.0,0.0,-0.015932007428316373,17.04988552317161,-0.016268835844779304,14.690627170506911,-21.775041639344263,1.4170183117749033,-0.21736490588949606,0.5254532308598666,0.0024955739406802096,0.0556026898833283,2.0895854720009255,-0.009378149537925418,27.082117107796865,-0.004710701484895033,0.4006683273251621,-2.077165946307677,-0.9262765629768958,4.524003340509931,-1.027340267459138,0.4062725306416727,0.2031143286436279,-1.1522480743230659,-0.9357479092892995,0.0663513865878368,Railroads,Industrials,RAIL
2009Q4,2009,Q4,2010-03-15,2009-12-31,-5548000.0,49440000.0,-7321000.0,-0.4671870564596568,3365000.0,0.06806229773462784,335566000.0,206166000.0,203399000.0,49344000.0,129313000.0,40800000.0,163761000.0,235487774.07,137472774.07,17.360866381049316,4.1220614461738005,0.0,0.0,-0.026719246304436884,17.360866381049316,-0.026910353792574917,4.763102226334952,-10.611381311733957,1.142224101306714,-0.12941600576784426,1.1292892156862746,0.0030489905594273895,0.1473331624777242,2.669402561608301,-0.01653326022302617,-19.115818984495494,0.06806229773462784,-6.190967293996187,0.6241100748964614,-0.84015442554116,4.230216001588572,-0.5108300625090856,-6.189897100093545,-26.778169014084508,-1.1732820519706744,-0.8658044214902666,0.07278971421543061,Railroads,Industrials,RAIL
2009Q3,2009,Q3,2009-11-09,2009-09-30,1069000.0,55131000.0,284000.0,0.09,6879000.0,0.12477553463568591,347263000.0,214745000.0,227790000.0,56442000.0,132347000.0,56191000.0,170027000.0,288375730.2,174684730.2,18.095501644264235,4.035824386095461,0.0,0.0,0.018675827332606303,18.095501644264235,0.00497799715942164,5.230736431408826,67.4405355940131,1.3428751784674848,0.6679139382600561,0.8587140289370184,0.0024759365134673873,0.1587586353858603,2.6208320045356297,0.003078358477580393,-15.875349859620147,0.12477553463568591,-0.8474576271186441,1.0804279979001898,-0.7297594359137402,0.0,-0.5696052055308766,-0.8477641697522074,-0.9697421691881526,-0.9691488562360422,-0.8520770230502046,0.20177534096409364,Railroads,Industrials,RAIL
2009Q2,2009,Q2,2009-09-30,2009-06-30,7022000.0,104328000.0,9386000.0,0.59,15983000.0,0.15319952457633618,362446000.0,213780000.0,245295000.0,60442000.0,148613000.0,40598000.0,169672000.0,199380199.29,47029199.28999999,18.024065643414374,4.058353462823864,0.0,0.0,0.03314342038861268,18.024065643414374,0.032846851903826364,1.9110900169657234,7.098412108017658,0.9326419650575357,0.10239248077470806,2.1760924183457315,0.003606175550833958,0.28784425817914944,3.127609940107872,0.019373920528851195,3.601065603879567,0.15319952457633618,1.6818181818181819,1.93973615309575,-0.365386104615316,0.0,0.5167014613778705,1.7174922600619196,1.6108484005563282,-0.7966051904303909,-0.6973197206411775,0.482536640322826,Railroads,Industrials,RAIL
2009Q1,2009,Q1,2009-05-11,2009-03-31,2584000.0,39563000.0,3595000.0,0.22,10538000.0,0.26635998281222356,357763000.0,199365000.0,235719000.0,69980000.0,158398000.0,43575000.0,155769000.0,207726433.04000002,116461433.04000002,16.8243800216173,3.3683766790511576,0.0,0.0,0.013572776057428302,16.8243800216173,0.012961151656509417,5.2505227874529234,20.09737161764706,1.0419403257342061,0.27670278637770895,0.6660929432013769,0.003442027042664902,0.11058438128034481,1.5668476707630752,0.0072226585756492425,-9.468363783217104,0.26635998281222356,-0.6869281902245707,1.351715041234183,-0.7431753097843184,0.0,-0.5061855670103093,-0.6896841599615708,-0.719030871434154,-0.8721168337697902,-0.8570728008316255,0.8517245082619472,Railroads,Industrials,RAIL
2008Q4,2008,Q4,2009-03-13,2008-12-31,8327000.0,271949000.0,12795000.0,0.7027141797206494,21340000.0,0.07847059558961422,389154000.0,196928000.0,273383000.0,102662000.0,192125000.0,31644000.0,153890000.0,216495261.35999998,87303261.35999998,16.61872198679333,2.6629424714110383,0.0,0.0,0.040309197326364336,16.61872198679333,0.04228448976275593,0.7960877273312275,6.499797687042151,1.0993625150308741,0.08586525759577279,7.919637214005815,0.0033026127015826894,0.6988210322905585,1.9706610040716137,0.02139769859747041,177.30979636363634,0.07847059558961422,0.13340996729137006,7.804264117548759,1.0040873825182886,6.772086863748162,0.15871205951023512,0.12694545946677493,0.16934746847011514,-0.4994059881281951,0.0763040734534913,1.2592672990184393,Railroads,Industrials,RAIL
2008Q3,2008,Q3,2008-11-03,2008-09-30,7389000.0,238008000.0,10942000.0,0.62,18417000.0,0.07737975194111123,458080000.0,195252000.0,336047000.0,188076000.0,262828000.0,114386000.0,146278000.0,345650132.48,217597132.48000002,16.53413525114353,1.7867617346179203,0.0,0.0,0.03577695772921314,16.53413525114353,0.03784340237231885,1.4522626654566233,11.694753433482203,1.7702770393132976,0.09663012586276898,1.9197366810623677,0.0020656725772882885,0.5195773663988823,1.0441151449414066,0.01613037024100594,24.441389653514356,0.07737975194111123,8.75,2.0605219652935234,1.4571642052556673,0.0,1.778247096092925,9.339729119638827,5.850177304964539,-0.5397728848959857,-0.04104510784759411,1.7528776169676585,Railroads,Industrials,RAIL
2008Q2,2008,Q2,2008-08-11,2008-06-30,-886000.0,141335000.0,-2256000.0,-0.08,6629000.0,0.04690274878833976,409853000.0,187904000.0,328333000.0,140606000.0,221949000.0,95158000.0,139603000.0,418201608.5,267346608.5,15.950660792353217,2.335127946175839,0.0,0.0,-0.006619434897392031,15.950660792353217,-0.004715173705722071,2.9589387519015107,-118.0027112020316,2.225613124254939,-0.8058690744920993,1.415603522562475,0.0017073105064348408,0.34484315108099733,1.1212963884898226,-0.0021617506764620487,-39.46415103331132,0.04690274878833976,0.9080459770114943,0.16433179044634427,0.35042965573778867,0.0,-0.285898955079177,0.91327329678935,0.8715700785608562,-1.0984620346748395,-0.3774208554714298,2.2626936302384886,Railroads,Industrials,RAIL
2008Q1,2008,Q1,2008-05-12,2008-03-31,-10216000.0,95098000.0,-17566000.0,-0.87,9283000.0,0.09761509180003786,362292000.0,187564000.0,282100000.0,103720000.0,174728000.0,84141000.0,140490000.0,402675105.7,240928105.7,15.976764167768119,2.7198225993058234,0.0,0.0,-0.05861080558079581,15.976764167768119,-0.05446674201872428,4.23431729058445,-9.854030581930305,2.1468677662024693,-0.06959671104150353,1.0198951759546475,0.0017656914716990414,0.26248992525366277,1.620150404936367,-0.028198248926280457,-11.642719762331579,0.09761509180003786,0.3853878246479721,-1.9006743073994141,0.10892924712250143,0.0,-0.3868560105680317,0.38524491515224457,0.3743187889581478,-4.379285568120317,-0.6368720288173919,4.302202247706406,Railroads,Industrials,RAIL
2007Q4,2007,Q4,2008-03-12,2007-12-31,-16618000.0,137102000.0,-28075000.0,-1.4155267905353406,15140000.0,0.11042873189304314,355884000.0,198072000.0,280697000.0,95520000.0,157812000.0,49845000.0,152129000.0,410892965.0,213850965.0,16.87183911751811,2.9386201842546065,0.0,0.0,-0.08927601457982177,16.87183911751811,-0.08389878428046367,2.996987388951292,-6.181444292333614,2.0744626448968053,-0.04266458057527982,2.4468251579897684,0.0017255101946074935,0.38524350631104515,2.19964405360134,-0.04669499050252329,18.32952513717268,0.11042873189304314,-2.9390777952538913,-12.706309657928692,0.019816804763242657,6.860000607440799,-0.21950716568718426,-2.914295588065891,-3.3726020451280316,-0.13890625161685893,-0.5516151462288273,4.139226090301893,Railroads,Industrials,RAIL
2007Q3,2007,Q3,2007-11-08,2007-09-30,8681000.0,162112000.0,11833000.0,0.73,19398000.0,0.11965801421239637,346660000.0,199319000.0,269314000.0,89284000.0,147341000.0,64144000.0,169456000.0,470319399.40000004,294981399.40000004,16.722949872009895,3.0163747143945163,0.0,0.0,0.038070930550807396,16.722949872009895,0.04355329898303724,2.901200400957363,13.544505224052529,2.3596315424018783,0.0832853357908075,2.2249002244948866,0.0015372531962797025,0.4676397623031212,2.123874378388065,0.025041827727456296,22.15248454618247,0.11965801421239637,-0.21505376344086027,2.2344740106941257,0.6581964556154791,0.0,-0.2144332401895274,-0.24203265519951103,-0.260853270035605,1.6503032595817284,-0.20879967966869883,0.0,Railroads,Industrials,RAIL
2007Q2,2007,Q2,2007-08-08,2007-06-30,11453000.0,195360000.0,16009000.0,0.93,24693000.0,0.12639742014742014,370170000.0,210496000.0,293189000.0,101523000.0,159674000.0,85629000.0,161498000.0,584951927.0400001,409517927.0400001,17.215309796408942,2.887907173743881,0.0,0.0,0.04816383997504101,17.215309796408942,0.05440958498023715,2.9942256707616712,12.768530669693531,2.7789218181818183,0.06478651881603073,1.9930981326419788,0.0012684803070137775,0.5277575168165978,1.888852772278203,0.03093983845260286,-117.24833173782322,0.12639742014742014,-0.48333333333333334,11.407532138882953,0.7983997384433658,0.0,-0.4404867106247026,-0.5010020913210178,-0.5270186427157503,2.4867901595326725,0.15273544965267302,0.0,Railroads,Industrials,RAIL
2007Q1,2007,Q1,2007-05-09,2007-03-31,22952000.0,322451000.0,33847000.0,1.8,44133000.0,0.1368673069706715,424241000.0,201426000.0,346242000.0,160483000.0,222815000.0,79281000.0,150787000.0,606835592.47,422380592.47,15.988993625946009,2.1574995482387544,0.0,0.0,0.10691605517203683,15.988993625946009,0.11394755394040491,1.8819466910321259,6.60983348368334,3.0126974296764075,0.03328685953293831,3.510525851086641,0.0012589900946486914,0.7600656230774488,1.571069832941807,0.05410132448301791,-182.0142748860228,0.1368673069706715,-0.3323708582364199,7.073022378817577,2.5039866655363534,0.0,-0.2824719137659128,-0.3242455468865008,-0.35196247367413364,3.9385590077379944,0.9689139390769732,0.0,Railroads,Industrials,RAIL
