Year,Date,FillingDate,NetIncome,Revenue,OperatingIncome,EPSDiluted,GrossProfit,GrossProfitRatio,TotalAssets,CommonStockEquity,CurrentAssets,CurrentLiability,TotalLiability,Inventory,RetainedEarnings,EnterpriseValue,bookValuePerShare,currentRatio,debtToAssets,debtToEquity,roic,shareholdersEquityPerShare,roe,priceToSalesRatio,peRatio,pbRatio,payoutRatio,inventoryTurnover,dividendYield,assetTurnover,quickRatio,returnOnAssets,priceToFreeCashFlowsRatio,grossProfitMargin,epsdilutedGrowth,fiveYNetIncomeGrowthPerShare,fiveYRevenueGrowthPerShare,fiveYShareholdersEquityGrowthPerShare,grossProfitGrowth,netIncomeGrowth,operatingIncomeGrowth,threeYNetIncomeGrowthPerShare,threeYRevenueGrowthPerShare,threeYShareholdersEquityGrowthPerShare,Industry,Sector,Price,MarketCap,AvgVolume,Symbol
2023,2023-01-31,2023-03-23,-176146000.0,280910000.0,-176552000.0,-3.36,171643000.0,0.6110248834,370057000.0,287819000.0,262441000.0,79039000.0,82238000.0,1056000.0,-606084000.0,1798475111.8300002,5.48853227056327,3.320398790470527,0.02480698919355667,0.03189504514990324,-0.5935237271417465,5.48853227056327,-0.6120026822412696,6.99860493335944,-11.161071564667948,6.830605734263548,0.0,103.47253787878788,0.0,0.7590992738956431,2.885626083325953,-0.4759969410117901,-16.900590683338205,0.6110248834146168,-0.41772151898734167,0.7159107316119604,-0.896761472802606,1.0503607335307867,0.3018544503014904,-0.4907287514492938,-0.5113553677974952,-2.3603519544276197,-0.12850172209641628,0.09383724495463672,Health Information Services,Healthcare,31.07,1667194451,437213,PHR
2022,2022-01-31,2022-03-31,-118161000.0,213233000.0,-116817000.0,-2.37,131845000.0,0.6183142384,494476000.0,417280000.0,386349000.0,68432000.0,77196000.0,1642000.0,-429938000.0,1258009318.8400002,8.364263012775146,5.645735913023147,0.03195503927389803,0.03786666027607362,-0.26064134325657434,8.364263012775146,-0.2831695743865031,7.2972772452669155,-13.168645482350353,3.7289597364838953,0.0,49.56638246041413,0.0,0.43123023159870244,5.174099836333879,-0.2389620527588801,-14.746911044306499,0.6183142384152547,-2.4347826086956528,0.7996821965009072,-0.9176255806211358,1.0767473706999913,0.3692349233053972,-3.329510479261322,-3.5505434147481596,-3.4071014979710816,0.1992213162647911,2.1111189904165384,Health Information Services,Healthcare,31.07,1667194451,437213,PHR
2021,2021-01-31,2021-03-31,-27292000.0,148677000.0,-25671000.0,-0.69,96291000.0,0.6476522932,326666000.0,263306000.0,272268000.0,54990000.0,63360000.0,1693000.0,-311777000.0,2433080773.6,6.662661906839232,4.951227495908347,0.0438398853875212,0.05438918976400082,-0.09164640468577122,6.662661906839232,-0.10365126506801972,17.74007259764456,-96.64153501392349,10.017017362308492,0.0,30.942705256940343,0.0,0.45513460231551495,4.506873977086743,-0.08354710927981486,-168.15688706407394,0.6476522932262556,0.31000000000000005,0.9415926283096058,-0.9274948846239496,1.0611341109709134,0.20267535971223022,-0.34489725521115655,-1.1408556417312985,0.9415926283096058,-0.9274948846239496,1.0611341109709134,Health Information Services,Healthcare,31.07,1667194451,437213,PHR
2020,2020-01-31,2020-04-23,-20293000.0,124784000.0,-11991000.0,-1.0,80064000.0,0.6416207206,158758000.0,101865000.0,131538000.0,35353000.0,56893000.0,1720000.0,-284485000.0,562885859.0,5.017686402505785,3.720702627782649,0.15031683442724147,0.2342708486722623,-0.08470313011146524,5.017686402505785,-0.19921464683649928,5.043409884280036,-31.01250968314197,6.178146164040641,-0.7369536293303109,26.0,0.023763108399153847,0.7860013353657769,3.1763358130851698,-0.12782347976164982,-54.753511310248825,0.6416207206052058,-0.8867924528301886,0.9154584780877723,-0.8815390347692511,1.0460404267299157,0.2730468035663691,-0.34729720946219184,-0.2630513196363558,0.9154584780877723,-0.8815390347692511,1.0460404267299157,Health Information Services,Healthcare,31.07,1667194451,437213,PHR
2019,2019-01-31,2019-01-31,-15062007.0,99888805.0,-9493676.0,-0.53,62891639.0,0.6296164920583442,59261500.0,-210973904.0,32880782.0,27929076.0,270235404.0,0.0,-210993851.0,729365443.64,-7.527783329163995,1.177295732948702,0.4727360934164677,-0.1327891718778641,0.053129781385313934,-7.527783329163995,0.07139274912408124,7.03675359455947,-46.66661671582014,-3.3316580596622036,0.0,0.0,0.0,1.6855598491432042,0.6320133541116791,-0.2541617576335395,-58.75457988923032,0.6296164920583442,0.9551749120492524,0.9545465872316954,-0.9313100774130371,0.9309278561864737,0.25624990511954937,0.17205326517150396,0.34764818250532536,0.9545465872316954,-0.9313100774130371,0.9309278561864737,Health Information Services,Healthcare,31.07,1667194451,437213,PHR
2018,2018-01-31,2018-01-31,-18192000.0,79834000.0,-14553000.0,-11.82373586377226,50063000.0,0.627088709071323,57136319.0,-167683335.0,35954282.0,24983355.0,224819654.0,0.0,-167699718.0,48704805.0,-108.98435915767581,1.439129452389401,0.3608826462901819,-0.12296693645793721,0.10053956787440183,-108.98435915767581,0.1084902086423794,0.48335405967382317,-2.121156992084433,-0.230124764634482,0.0,0.0,0.0,1.397254870409135,0.9130759259514986,-0.3183964301235437,-1.6699739472887003,0.627088709071323,0.0,0.0,0.0,0.0,0.0,0.0,0.0,0.0,0.0,0.0,Health Information Services,Healthcare,31.07,1667194451,437213,PHR
TTM,,,,,,,,,,,,,,,,1532047451.0,4.941374333432013,2.8940467582550014,0.04131670868046528,0.055460508097158315,-0.561448561440259,4.941374333432013,-0.5324694588519134,5.53148281193493,-10.2041636262505,6.287724406910182,0.0,125.24229074889868,0.0,0.8517713620383663,2.4427452398168232,-0.4590478505137741,-17.474550619975474,0.6226953460671996,,,,,,,,,,,Health Information Services,Healthcare,31.07,1667194451,437213,PHR
