Quarters,Year,Quarter,FillingDate,Date,NetIncome,Revenue,OperatingIncome,EPSDiluted,GrossProfit,GrossProfitRatio,TotalAssets,CommonStockEquity,CurrentAssets,CurrentLiability,TotalLiability,Inventory,RetainedEarnings,MarketCap,EnterpriseValue,bookValuePerShare,currentRatio,debtToAssets,debtToEquity,roic,shareholdersEquityPerShare,roe,priceToSalesRatio,peRatio,pbRatio,payoutRatio,inventoryTurnover,dividendYield,assetTurnover,quickRatio,returnOnAssets,priceToFreeCashFlowsRatio,grossProfitMargin,epsdilutedGrowth,fiveYNetIncomeGrowthPerShare,fiveYRevenueGrowthPerShare,fiveYShareholdersEquityGrowthPerShare,grossProfitGrowth,netIncomeGrowth,operatingIncomeGrowth,threeYNetIncomeGrowthPerShare,threeYRevenueGrowthPerShare,threeYShareholdersEquityGrowthPerShare,Industry,Sector,Symbol
2023Q1,2023,Q1,2023-05-04,2023-03-31,20928000.0,298739000.0,38193000.0,0.68,143718000.0,0.4810821486,1296008000.0,368223000.0,731538000.0,441735000.0,927785000.0,0.0,948347000.0,1633446600.0,1971363600.0,12.105430994805706,1.6560562328092634,0.3901195054351516,1.3730755547589368,0.029267636161186744,12.105430994805706,0.05683512436757074,5.467805007046285,19.512693520642202,4.436025451967965,0.43425076452599387,0.0,0.005563695807380541,0.2305070647712051,1.5091265125018394,0.016148048468836614,243.90721218456025,0.481082148631414,0.030303030303030328,0.5969536789352125,0.5838137821758357,0.09967313942341702,0.028599647872203374,0.038661968335897565,0.08898836678832117,0.023162106235652062,0.27929701129512907,0.0012154125388445973,Software—Infrastructure,Technology,CSGS
2022Q4,2022,Q4,2023-02-17,2022-12-31,20149000.0,289876000.0,35072000.0,0.66,139722000.0,0.4820060992,1348553000.0,355249000.0,765955000.0,527209000.0,993304000.0,0.0,936215000.0,1742026000.0,2078849000.0,11.664718437038253,1.4528488701824134,0.36126722494406965,1.3713986527759403,0.027272686793082878,11.664718437038253,0.05671796401960315,6.009555810070513,21.614298476351184,4.903676013162599,0.4009628269393022,0.0,0.004637703455631546,0.21495336112114244,0.908036471304549,0.014941199938007627,35.84636911743523,0.48200609915964066,0.65,0.4372517244966114,0.508035343606766,0.10648505256075262,0.036159767438411226,0.614373848249339,-0.0582422598748691,-0.06340118640080444,0.1943908255079636,-0.05994006414327102,Software—Infrastructure,Technology,CSGS
2022Q3,2022,Q3,2022-11-03,2022-09-30,12481000.0,273308000.0,37241000.0,0.4,134846000.0,0.4933847527,1259145000.0,344305000.0,691725000.0,445380000.0,914840000.0,0.0,924359000.0,1636160080.0,1999137080.0,11.127791603374163,1.5531119493466254,0.40476831500740584,1.4802631387868315,0.026584654254079836,11.127791603374163,0.03624983662740884,5.9865063591259675,32.77301658520952,4.752065988004822,0.6566781507891996,0.0,0.0050092898000542825,0.21705840074018481,1.0335107099555436,0.009912281746740845,149.81778957970883,0.49338475273318017,1.352941176470588,-0.09914426496661259,0.44390060916620494,0.11537568615081978,0.08716964703226535,1.3473763400413767,0.2905808150817854,-0.4009632091136125,0.12485258803633037,-0.06745077434161378,Software—Infrastructure,Technology,CSGS
2022Q2,2022,Q2,2022-08-04,2022-06-30,5317000.0,262168000.0,28856000.0,0.17,124034000.0,0.4731088462,1290679000.0,377022000.0,708255000.0,683437000.0,913657000.0,0.0,920233000.0,1868043680.0,2201174680.0,12.045046484137886,1.0363135153642544,0.361748351061728,1.238391924078701,0.023162719318084415,12.045046484137886,0.01410262531098981,7.125368771169632,87.83353770923453,4.954733888208115,1.5638517961256349,0.0,0.004451180713290388,0.20312409204767412,0.64030481229433,0.004119537080869836,-109.96254297150931,0.47310884623600136,-0.1052631578947368,-0.522243271384175,0.41564670469458836,0.24499804548447038,-0.015462526392659269,-0.13021429739898577,-0.05275251944982438,-0.7186885552548611,0.09332926518925656,0.03269273895191646,Software—Infrastructure,Technology,CSGS
2022Q1,2022,Q1,2022-05-05,2022-03-31,6113000.0,264400000.0,30463000.0,0.19,125982000.0,0.4764826021,1303334000.0,410537000.0,686775000.0,646877000.0,889162000.0,0.0,923389000.0,1997115120.0,2291272120.0,13.067768016297428,1.0616778769379651,0.3649210409611044,1.1585167719352945,0.02884955766084046,13.067768016297428,0.014890253497248726,7.553385476550681,81.67491902502863,4.864640994599756,1.4534598396859153,0.0,0.0044489172962648245,0.20286434636094816,0.7373179136064507,0.004690278930803616,-125.41541823662396,0.47648260211800303,-0.6481481481481481,-0.6921604275809881,0.39995664896413363,0.3774611771922473,-0.052759795186429974,-0.6456026436315149,0.06985319940998806,-0.6752614070217128,0.1045751256027356,0.14239408676662885,Software—Infrastructure,Technology,CSGS
2021Q4,2021,Q4,2022-02-18,2021-12-31,17249000.0,275025000.0,28474000.0,0.54,132999000.0,0.4835887647,1387149000.0,436609000.0,748199000.0,695102000.0,946905000.0,0.0,916060000.0,1822405360.0,2084827360.0,13.804508663209814,1.0763873503457047,0.3374237374643964,1.0720278326832475,0.020424582615271115,13.804508663209814,0.03950674402039353,6.626326188528315,26.41320308423677,4.173998612030443,0.4599686938373239,0.0,0.004353586844147561,0.19826637224984484,0.7483865677267509,0.012434857394555307,38.059548482760064,0.4835887646577584,0.08000000000000007,0.34141390131777116,0.38595055117641447,0.7083738502007784,0.03497945589242358,0.06937383756974581,-0.1309098678387205,-0.15631614488231416,0.13691122585185858,0.23616701541423865,Software—Infrastructure,Technology,CSGS
2021Q3,2021,Q3,2021-11-04,2021-09-30,16130000.0,263209000.0,32763000.0,0.5,128504000.0,0.48822038760072795,1364756000.0,439989000.0,721717000.0,663241000.0,921132000.0,0.0,906955000.0,1530639200.0,1814731200.0,13.855302934878448,1.0881670463677608,0.3513133483201393,1.0897022425560638,0.02291310264070523,13.855302934878448,0.03666000740927614,5.815299628812085,23.723484190948547,3.478812424856076,0.4959082455052697,0.0,0.005225921301375268,0.1928615811177969,0.7684808387901231,0.0118189625105147,39.54424781047356,0.48822038760072795,-0.16666666666666663,-0.11825188930465708,0.3600112128958407,0.7060513299829518,0.05162198435300665,-0.16515708296672016,0.018559970154821862,0.02549279962089657,0.26462016459909904,0.25661399787425804,Software—Infrastructure,Technology,CSGS
2021Q2,2021,Q2,2021-08-05,2021-06-30,19321000.0,255134000.0,32166000.0,0.6,122196000.0,0.4789483173548018,1291684000.0,439780000.0,677944000.0,623239000.0,851904000.0,0.0,898961000.0,1503862500.0,1796084500.0,13.797019607843136,1.0877753157295997,0.35301977883135505,1.0368593387602891,0.022305168466604477,13.797019607843136,0.043933330301514396,5.89440254924863,19.458911288235598,3.4195791077356863,0.41504062936700997,0.0,0.005332269406278832,0.1975204461772384,0.7815204119126049,0.014957992821773746,39.45178257561846,0.4789483173548018,-0.016393442622950834,0.7306877332016134,0.3017791021444006,0.7693515834609821,0.021902205273589402,-0.015791350415159697,0.025145807438569652,0.3067268902560033,0.22445349593724917,0.2851742754244555,Software—Infrastructure,Technology,CSGS
2021Q1,2021,Q1,2021-05-06,2021-03-31,19631000.0,253119000.0,31377000.0,0.61,119577000.0,0.47241416092825905,1274481000.0,427715000.0,643008000.0,587733000.0,846766000.0,0.0,887790000.0,1429477160.0,1742819160.0,13.431572666750409,1.0940478074227582,0.3640313194155111,1.0847199653975195,0.023033869992781387,13.431572666750409,0.045897384940906914,5.647451040814794,18.204334470989764,3.3421253872321524,0.4398655188222709,0.0,0.006040670142641523,0.19860555002389207,0.8428708273995165,0.015403132726184227,-129.387867487328,0.47241416092825905,0.48780487804878053,-0.11811871903150636,0.3130201277386227,0.851315012230215,-0.045841911236654376,0.4799095363739163,0.3253220696937698,0.43090254443817344,0.28185818639037885,0.22014157845160184,Software—Infrastructure,Technology,CSGS
2020Q4,2020,Q4,2021-02-19,2020-12-31,13265000.0,260487000.0,23675000.0,0.41,125322000.0,0.4811065427449355,1332000000.0,422395000.0,698345000.0,420015000.0,909605000.0,0.0,876402000.0,1434668240.0,1715763240.0,13.269508670520231,1.6626668095187076,0.3526981981981982,1.1122148699676844,0.015781381424503742,13.269508670520231,0.03140425431172244,5.5076385385835,27.038602336977007,3.3965085760958345,0.5740670938560121,0.0,0.005307847338977825,0.1955608108108108,1.2067949954168304,0.009958708708708708,27.516220871132933,0.4811065427449355,-0.023809523809523832,-0.4551735040600808,0.2835060204510889,0.18727081872103987,0.10870084487105763,-0.02218782249742002,-0.18212595433032783,-0.09472344401183849,0.296522303191931,0.2587113077788035,Software—Infrastructure,Technology,CSGS
2020Q3,2020,Q3,2020-11-05,2020-09-30,13566000.0,244108000.0,28947000.0,0.42,113035000.0,0.463053238730398,1271816000.0,409927000.0,637186000.0,357386000.0,861889000.0,0.0,870848000.0,1315109250.0,1617294250.0,12.76434687840573,1.7829069969164992,0.3747979267441202,1.1628265520446324,0.017088931111155652,12.76434687840573,0.033093697170471816,5.3874074180280855,24.235390866873065,3.2081547446252627,0.5591183841957835,0.0,0.005767581666694231,0.19193656944086251,1.3361715344193672,0.010666637312315617,23.763742071881605,0.463053238730398,0.31249999999999994,-0.22008665546405412,0.25708565928059535,0.181983077615107,0.10636402787565578,0.3087015242137758,0.4638179519595449,-0.05662557847345146,0.24249138873018847,0.27941308259690245,Software—Infrastructure,Technology,CSGS
2020Q2,2020,Q2,2020-08-06,2020-06-30,10366000.0,240321000.0,19775000.0,0.32,102168000.0,0.42513138677019485,1269382000.0,397622000.0,642768000.0,370767000.0,871760000.0,0.0,865041000.0,1328619000.0,1663442000.0,12.386978193146417,1.7336170694802935,0.37722450767381294,1.2042643515700842,0.014372967461076884,12.386978193146417,0.026069986067169322,5.528518107031845,32.04271174995176,3.341412195502261,0.7311402662550647,0.0,0.00570441940089672,0.18932126026680698,1.2381684454118085,0.00816617850260993,27.577296691435926,0.42513138677019485,-0.5151515151515151,-0.2226397303642624,0.26244052847250976,0.16428816922424375,-0.1070089414479377,-0.5181742121409315,-0.4036309900781085,-0.09175181930011585,0.2653774886106116,0.2803407326185877,Software—Infrastructure,Technology,CSGS
2020Q1,2020,Q1,2020-05-07,2020-03-31,21514000.0,245617000.0,33159000.0,0.66,114411000.0,0.46581059128643376,1224457000.0,386831000.0,598304000.0,344803000.0,837626000.0,0.0,862444000.0,1338948900.0,1701012900.0,12.090735762955553,1.7352053201393258,0.3836868097450543,1.2145045252319489,0.02563765461501602,12.090735762955553,0.05561601836460883,5.451369001331341,15.559041786743517,3.461327814988975,0.38472622478386165,0.0,0.006181714627048127,0.20059258920484754,1.2557257332447804,0.017570237256187844,-111.25458246780224,0.46581059128643376,-0.05714285714285704,1.266516110368685,0.30445350858280507,0.24208074386604927,-0.06889058888635698,-0.04725211460962756,0.09587547094983145,0.06383325832925589,0.2770088499766409,0.2744731232135837,Software—Infrastructure,Technology,CSGS
2019Q4,2019,Q4,2020-02-21,2019-12-31,22581000.0,254747000.0,30258000.0,0.7,122876000.0,0.4823452287956286,1283030000.0,396662000.0,669082000.0,418693000.0,886368000.0,0.0,848623000.0,1655251260.0,1956903260.0,12.408483748866018,1.598025283441567,0.3571233720178016,1.1551396402982892,0.029508691001292466,12.408483748866018,0.056927560492308314,6.497628078053912,18.32570811744387,4.172951429680685,0.31646074133120766,0.0,0.00431716934624173,0.1985510861008706,1.1093139842318835,0.01759974435515927,48.775673620933524,0.4823452287956286,0.06060606060606049,0.8037638680310222,0.32707299995979805,0.08844987070001684,0.02945710455764075,0.04740479614082286,-0.09461400359066427,0.7374483395319839,0.27014847036812306,0.535609102386916,Software—Infrastructure,Technology,CSGS
2019Q3,2019,Q3,2019-11-01,2019-09-30,21559000.0,251414000.0,33420000.0,0.66,119360000.0,0.47475478692515133,1207157000.0,382036000.0,607465000.0,357079000.0,825121000.0,0.0,833348000.0,1654586880.0,1950971880.0,11.932658670664667,1.7012061756642087,0.37858787216575807,1.196261608853616,0.026637025099771946,11.932658670664667,0.05643185458961983,6.581124678816614,19.18673036782782,4.33097111267001,0.33266849111739877,0.0,0.004334616747353877,0.20826951258204193,1.2776948518395088,0.017859317387879124,23.892951335740072,0.47475478692515133,0.10000000000000009,3.195480346010828,0.3839311986196489,0.04233173110485897,0.05050078329900899,0.11249290469064452,0.10158876656338585,0.16895422475696323,0.2885163495685587,0.46930949767058655,Software—Infrastructure,Technology,CSGS
2019Q2,2019,Q2,2019-08-08,2019-06-30,19379000.0,245856000.0,30338000.0,0.6,113622000.0,0.4621485747754783,1179717000.0,374324000.0,572628000.0,335584000.0,805393000.0,0.0,819098000.0,1566780260.0,1911573260.0,11.66372729255601,1.706362639458377,0.38871186903299687,1.225061711244804,0.02347607221013701,11.66372729255601,0.05177065857385581,6.372755840817389,20.212346612312295,4.185625981769804,0.3698333247329584,0.0,0.004574349181550193,0.20840252365609718,1.3222531467531229,0.016426821008767356,259.7878063339413,0.4621485747754783,0.0169491525423729,1.094716498097218,0.3539675718671494,-0.006193034621412969,-0.019062419062419064,0.0066490052464807025,-0.05468482223537843,0.7240916758596418,0.24591853373455907,0.4957748079454409,Software—Infrastructure,Technology,CSGS
2019Q1,2019,Q1,2019-05-03,2019-03-31,19251000.0,244793000.0,32093000.0,0.59,115830000.0,0.47317529504520145,1147047000.0,367510000.0,550728000.0,319480000.0,779537000.0,0.0,806967000.0,1396925440.0,1717988440.0,11.438931772908367,1.7238262176036059,0.38763450843775366,1.209858235150064,0.02662216841910806,11.438931772908367,0.05238224810209246,5.706557948960959,18.140946444340553,3.8010542298168755,0.39691444600280507,0.0,0.005469869601630278,0.2134114818311717,1.347295605358708,0.016783096071913358,307.6928281938326,0.47317529504520145,-0.07812500000000007,0.9982918811031797,0.30963626199538435,-0.004266775205100433,-0.010735606856440084,-0.07881136950904392,0.09067119796091759,-0.14283403321702037,0.25860530049370684,0.5766631831197143,Software—Infrastructure,Technology,CSGS
2018Q4,2018,Q4,2019-02-22,2018-12-31,20898000.0,247267000.0,29425000.0,0.64,117087000.0,0.4735245706058633,1114362000.0,361024000.0,599567000.0,350391000.0,753338000.0,0.0,795127000.0,1027092330.0,1247641330.0,11.167187355006341,1.7111369869659894,0.3228986630915268,0.9966816610530048,0.03336541431903807,11.167187355006341,0.05788534834249247,4.1537784257503025,12.286969207579673,2.8449419706169117,0.32452866302995503,0.0,0.006603106460740487,0.22189109104581814,1.2633144116144535,0.01875333150268943,18.014423046566694,0.4735245706058633,0.3061224489795919,1.2866958056755493,0.26291610906066065,-0.020128907107751615,0.12580406334432662,0.29793180547792064,0.14703933263166102,-0.1548625525654821,0.19963649899403824,-0.0008314548039838326,Software—Infrastructure,Technology,CSGS
2018Q3,2018,Q3,2018-11-09,2018-09-30,16101000.0,213055000.0,25653000.0,0.49,104003000.0,0.4881509469385839,947309000.0,358419000.0,529038000.0,202637000.0,588890000.0,0.0,781188000.0,1282401150.0,1445838150.0,11.025902113390963,2.610767036622137,0.38066670959528515,1.006110167150737,0.028032437412407983,11.025902113390963,0.04492228369589782,6.01910844617587,19.911824576113286,3.5779385300444453,0.4237003912800447,0.0,0.005319708267572903,0.22490549546135422,2.419755523423659,0.01699656606239358,43.145077885812334,0.4881509469385839,0.06521739130434775,0.0386591123359856,0.1294586118924556,-0.0022337139898640384,0.0044620005601645725,0.06509228021432824,0.06501432307883921,-0.08551113102345992,0.08394095401643455,0.02100247177680242,Software—Infrastructure,Technology,CSGS
2018Q2,2018,Q2,2018-08-03,2018-06-30,15117000.0,213033000.0,24087000.0,0.46,103541000.0,0.48603268038285147,927231000.0,349860000.0,514245000.0,191766000.0,577371000.0,0.0,772071000.0,1331912430.0,1573645430.0,10.735524256651017,2.6816276086480397,0.3897669512775134,1.0329960555650832,0.02470267099815144,10.735524256651017,0.04320871205625107,6.252141358381096,22.0267319904743,3.8069868804664724,0.45895349606403385,0.0,0.005209051168626755,0.22975180941965917,2.4825047192933054,0.016303380710955523,-73.5010446443353,0.48603268038285147,0.09523809523809533,0.23440731992713382,0.12838233064660354,0.03395787386948337,0.029152751272264632,0.07870700727843585,-0.06519967400162999,0.1166337420748826,0.10230071046288644,0.009063202303397197,Software—Infrastructure,Technology,CSGS
2018Q1,2018,Q1,2018-05-04,2018-03-31,14014000.0,201704000.0,25767000.0,0.42,100608000.0,0.4987903065878713,928438000.0,358075000.0,515224000.0,184701000.0,570363000.0,0.0,764015000.0,1473193120.0,1687949120.0,11.00820831283817,2.789503034634355,0.3901811429519257,1.0116847029253648,0.024811595749570002,11.00820831283817,0.03913705229351393,7.303737754333082,26.28073926073926,4.114202667039028,0.5306836021121736,0.0,0.005048217982446185,0.21725090959223986,2.61414935490333,0.015094168915964233,83.60914415437003,0.4987903065878713,-0.06666666666666672,-0.07075965805054309,0.103097074943097,0.08286905750199416,-0.046170765467680466,-0.06361085126286249,-0.010787776412776413,0.4521481918298912,0.05364878982860021,0.13087274735876836,Software—Infrastructure,Technology,CSGS
2017Q4,2017,Q4,2018-02-23,2017-12-31,14966000.0,205204000.0,26048000.0,0.45,105478000.0,0.5140153213387654,904534000.0,342746000.0,554266000.0,222593000.0,561788000.0,0.0,749438000.0,1424675840.0,1634168840.0,10.542138287401574,2.49004236431514,0.3667479608284487,0.9678770868223115,0.02667047852220656,10.542138287401574,0.04366498806696504,6.942729381493538,23.798540692235736,4.156651981350621,0.43064279032473607,0.0,0.0045238361029551815,0.22686156628717108,2.3626843611434323,0.01654553615452819,85.2946081542238,0.5140153213387654,0.02272727272727275,-0.06705284323527803,0.020090523175650084,0.032851280690380444,0.06031484348298116,0.026474622770919068,-0.08204116154496757,0.17543995252651678,0.05106542936876123,-0.075262595490559,Software—Infrastructure,Technology,CSGS
2017Q3,2017,Q3,2017-11-03,2017-09-30,14580000.0,199195000.0,28376000.0,0.44,99478000.0,0.4994000853435076,875372000.0,324852000.0,539666000.0,211096000.0,550520000.0,0.0,741037000.0,1305696100.0,1497233100.0,9.976720616688677,2.5564956228445825,0.38188107456030124,1.0290470737443513,0.026839541125195876,9.976720616688677,0.04488197702338296,6.5548638269032855,22.388479080932786,4.01935681479566,0.4589849108367627,0.0,0.0051252354969889245,0.22755468532235437,2.390533217114488,0.016655776058635642,41.92179092018237,0.4994000853435076,0.25714285714285723,0.5212836244207045,0.029682356922436516,0.03747772679642286,0.04655297570828906,0.25895863915033246,0.17024084460574068,1.789844128158979,0.07813417388228389,-0.12852175209639158,Software—Infrastructure,Technology,CSGS
2017Q2,2017,Q2,2017-08-04,2017-06-30,11581000.0,192713000.0,24248000.0,0.35,95053000.0,0.4932360556890298,864394000.0,315126000.0,530943000.0,208884000.0,549268000.0,0.0,733110000.0,1321771760.0,1533508760.0,9.674751320152279,2.541807893376228,0.3896926632993751,1.068931157695652,0.021214436156804895,9.674751320152279,0.03675037921339401,6.858757634409718,28.533195751662205,4.194423056174355,0.5768068387876695,0.0,0.005053822605500363,0.2229457862965268,2.3616456980908063,0.013397825528636246,59.5929558160505,0.4932360556890298,-0.435483870967742,-0.03563964987267915,0.03606981022860333,0.07154053987437385,0.003070851185074186,-0.4277313831101448,-0.10235812386628661,0.2334053904765619,0.04569336793600579,-0.17566357570710975,Software—Infrastructure,Technology,CSGS
2017Q1,2017,Q1,2017-05-05,2017-03-31,20237000.0,192470000.0,27013000.0,0.62,94762000.0,0.49234685925079236,852402000.0,303731000.0,520518000.0,200279000.0,548671000.0,0.0,728186000.0,1210524960.0,1442518960.0,9.486850324837581,2.5989644445997833,0.39818770955488136,1.1174888305770567,0.0380304246343437,9.486850324837581,0.06662803599237484,6.28942152023692,14.954352917922618,3.985516657832095,0.3475317487769926,0.0,0.005809876072278592,0.22579721774467915,2.452818318445768,0.023741145609700587,75.45032161555721,0.49234685925079236,0.631578947368421,0.7377929756534573,0.05470151558240124,0.07970836434254197,-0.009884231203243199,0.6001423262433778,0.06492943309942442,1.107989199472083,0.033311738372628706,-0.17419106480995208,Software—Infrastructure,Technology,CSGS
2016Q4,2016,Q4,2017-02-24,2016-12-31,12647000.0,195169000.0,25366000.0,0.38,95708000.0,0.49038525585518195,891879000.0,251360000.0,559938000.0,291870000.0,640519000.0,0.0,714846000.0,1505578800.0,1755646800.0,8.080496351303566,1.9184499948607256,0.422051646019247,1.497529439847231,0.026258358303600432,8.080496351303566,0.05031429026098027,7.7142312559884,29.761579821301492,5.989731063017186,0.45742073218945206,0.0,0.003842376101470079,0.21882901155874285,1.809665261931682,0.014180174664948945,73.76672219500244,0.49038525585518195,-0.30909090909090914,0.16576791114219072,0.08320475733803073,-0.04745009777217515,-0.0019084168482965034,-0.29322677992623225,-0.3069020165036341,0.4382200236023685,0.03598465362380202,-0.2909723335738595,Software—Infrastructure,Technology,CSGS
2016Q3,2016,Q3,2016-11-03,2016-09-30,17894000.0,189311000.0,36598000.0,0.55,95891000.0,0.5065262979964186,868118000.0,252271000.0,539014000.0,261301000.0,615847000.0,0.0,707950000.0,1283833790.0,1520316790.0,8.121269677751666,2.062808791393833,0.4339317926825616,1.4932513051440712,0.03452347190703954,8.121269677751666,0.07093165682936207,6.781612214821115,17.93665181066279,5.089105723606756,0.3386610036883872,0.0,0.00472023718895886,0.21807058487440648,1.9352930145694047,0.02061240522601766,286.2505663322185,0.5065262979964186,0.6666666666666667,0.8089197036678324,0.09734460135429192,0.006324395016159647,-0.016189762898973007,0.651194980160561,0.24593177640089875,0.20798380857456242,0.050238499606178814,-0.26508243944812826,Software—Infrastructure,Technology,CSGS
2016Q2,2016,Q2,2016-08-04,2016-06-30,10837000.0,190252000.0,29374000.0,0.33,97469000.0,0.5123152450434161,876728000.0,241279000.0,538996000.0,277867000.0,635449000.0,0.0,695894000.0,1247272020.0,1497936020.0,7.797782948742809,1.9397625482694958,0.4400235877033698,1.5989000285975987,0.02936930584343901,7.797782948742809,0.0449148081681373,6.555894392700208,28.77346175140722,5.169418059590765,0.5292977761373073,0.0,0.004598836427036982,0.21700230858373407,1.8216268934418265,0.012360732176912338,37.17762138960923,0.5123152450434161,-0.484375,0.28311058282949214,0.12001393749502473,-0.03663842170735737,0.007504418924366621,-0.49604724702380953,-0.2886101087404035,-0.06798135357805563,0.061356483014730546,-0.2489813365581296,Software—Infrastructure,Technology,CSGS
2016Q1,2016,Q1,2016-05-06,2016-03-31,21504000.0,186226000.0,41291000.0,0.64,96743000.0,0.5194924446640103,988420000.0,223183000.0,639374000.0,401195000.0,765237000.0,0.0,691050000.0,1389211920.0,1548619920.0,7.2551524608282945,1.5936738992260622,0.4544029865846502,2.0124337427133785,0.039906788114570664,7.2551524608282945,0.09635142461567413,7.459817211345355,16.150622209821428,6.224541833383367,0.30361793154761907,0.0,0.0046997869122804535,0.18840776188260053,1.521529430825409,0.02175593371238947,356.9403699897225,0.5194924446640103,-0.08571428571428563,1.003168722725358,0.08903144106232191,-0.06167606470215761,-0.04959181067088446,-0.09143146864965354,0.21194599354270618,0.5077453149134026,0.07691724294768147,-0.28631618479384924,Software—Infrastructure,Technology,CSGS
2015Q4,2015,Q4,2016-02-29,2015-12-31,23668000.0,197288000.0,34070000.0,0.7,101791000.0,0.5159512996228863,877233000.0,345845000.0,518226000.0,360119000.0,531388000.0,0.0,675431000.0,1113365120.0,1265311120.0,11.176480093071355,1.4390409836748408,0.3244029807360188,0.8228454943688647,0.04374315594547845,11.176480093071355,0.0684352817013402,5.643349418109565,11.760236606388371,3.219260420130405,0.22929694101740747,0.0,0.004874411729370505,0.22489806015049593,1.2910676748519239,0.026980289159208557,22.768202862985685,0.5159512996228863,0.3999999999999999,15.127165183610801,0.36881976491558316,0.559478152670431,0.07399396484416215,0.41326804800859857,0.09828825634247768,0.5501727527731151,0.030435458422811066,0.09500003348794693,Software—Infrastructure,Technology,CSGS
2015Q3,2015,Q3,2015-11-05,2015-09-30,16747000.0,186960000.0,31021000.0,0.5,94778000.0,0.5069426615318785,840706000.0,333908000.0,474011000.0,190727000.0,506798000.0,0.0,666582000.0,952336000.0,1137016000.0,10.79909443725744,2.4852852506462115,0.3388164233394314,0.8530643171172898,0.03004709331049983,10.79909443725744,0.05015453358410101,5.093795464270432,14.216516390995404,2.8520909951244056,0.33277601958559744,0.0,0.005851926210917156,0.22238451967750913,2.2546309646772613,0.019920162339747784,51.104695465521864,0.5069426615318785,0.282051282051282,0.5210401494184058,0.48478884564213415,0.5103779796814335,0.043293521932962736,0.3089729560731593,0.18599938828567059,0.8401275849685738,0.01772814935753073,0.12299626086395778,Software—Infrastructure,Technology,CSGS
2015Q2,2015,Q2,2015-08-06,2015-06-30,12794000.0,182641000.0,26156000.0,0.39,90845000.0,0.4973965319944591,836785000.0,327663000.0,460243000.0,335092000.0,509122000.0,0.0,655510000.0,975064680.0,1165263680.0,10.639099941554646,1.3734825062967781,0.34076136642028715,0.8702355774072752,0.024328481295373034,10.639099941554646,0.0390462151661921,5.338695473634069,19.053163201500706,2.9758156398494795,0.42176020009379395,0.0,0.005533991857852957,0.21826514576623626,1.2619489573012785,0.015289471011072139,30.912236629363093,0.4973965319944591,0.3928571428571428,0.18958557195734002,0.48245904495419084,0.586885175626466,0.06419492766356236,0.36717247275058773,0.19471977344356645,0.12673436983429762,0.03848013821182635,0.17834831282996194,Software—Infrastructure,Technology,CSGS
2015Q1,2015,Q1,2015-05-08,2015-03-31,9358000.0,185631000.0,21893000.0,0.28,85365000.0,0.4598639235903486,810216000.0,307038000.0,438568000.0,181456000.0,503178000.0,0.0,648437000.0,958561380.0,1154756380.0,9.73425908312726,2.416938541574817,0.35234061040512654,0.9297611370579537,0.020691415140295513,9.73425908312726,0.030478312130746033,5.163800119592094,25.608072771959822,3.1219633400426003,0.6242786920282112,0.0,0.006094549730346949,0.22911297728013272,2.204776915615907,0.011550006418041608,86.99958068614994,0.4598639235903486,-0.26315789473684204,8.423056285377703,0.5267917362733266,0.6022031855871779,-0.09771694324067223,-0.2591830272324256,0.14473202614379085,-0.18433319086781763,0.03251143917407404,0.10786621405980745,Software—Infrastructure,Technology,CSGS
2014Q4,2014,Q4,2015-02-27,2014-12-31,12632000.0,193697000.0,19125000.0,0.38,94610000.0,0.4884432902936029,859728000.0,367723000.0,478133000.0,211147000.0,492005000.0,0.0,644806000.0,808657920.0,982776920.0,11.400142609126984,2.264455568869082,0.2975720227792976,0.6957166127764649,0.023178915401550683,11.400142609126984,0.03435194426239316,4.174860323081927,16.004154528182394,2.1990952972753948,0.401282457251425,0.0,0.006268410751483149,0.22530032754545623,2.067085963807205,0.014693019187463942,19.345420444486972,0.4884432902936029,1.5333333333333334,0.5877930196509662,0.613007011980331,0.8448441613232933,0.04503330277357428,1.4139117141219186,0.38276335767478853,0.12290835701496235,0.03674090699611299,0.34387842721509737,Software—Infrastructure,Technology,CSGS
2014Q3,2014,Q3,2014-11-07,2014-09-30,5233000.0,185003000.0,13831000.0,0.15,90533000.0,0.4893596320059675,847384000.0,373252000.0,459834000.0,195743000.0,474132000.0,0.0,637477000.0,856833120.0,1039354120.0,11.44804318488529,2.349172128760671,0.3045773816829206,0.6914738568045181,0.01139111548145324,11.44804318488529,0.014020018646919508,4.631455273698264,40.93412574049303,2.2955888247082403,0.9820370724249953,0.0,0.005997667317061693,0.21832250785948284,2.1488839958517034,0.006175476525400527,100.94640904806786,0.4893596320059675,-0.46428571428571436,-0.5145596165306898,0.5624349161720296,0.9609158068986855,-0.0037743738720894407,-0.44347548654684676,-0.3661319890009166,-0.4959947001398325,0.02168840572861299,0.418552220191503,Software—Infrastructure,Technology,CSGS
2014Q2,2014,Q2,2014-08-07,2014-06-30,9403000.0,184558000.0,21820000.0,0.28,90876000.0,0.49239805372836726,870790000.0,382830000.0,474980000.0,204740000.0,487960000.0,0.0,637688000.0,851682090.0,1025944090.0,11.736411294031086,2.3199179447103644,0.2990204297247327,0.680155682678996,0.017979913494166562,11.736411294031086,0.02456181594963822,4.614712393935782,22.6438926406466,2.2247004936917167,0.548761033712645,0.0,0.006058598696140247,0.21194317803373947,2.0925564130116245,0.01079824067800503,52.049262971337775,0.49239805372836726,0.0,-0.07669805585572113,0.5537311401560963,1.1514254157322892,0.057632326241795075,-0.029718295325559797,0.04332026393803194,0.056085764862806926,0.030634818559001478,0.449951580087549,Software—Infrastructure,Technology,CSGS
2014Q1,2014,Q1,2014-05-08,2014-03-31,9691000.0,188028000.0,20914000.0,0.28,85924000.0,0.4569744931605931,854415000.0,371279000.0,461773000.0,194475000.0,483136000.0,0.0,633586000.0,841586760.0,1038835760.0,11.487948265726043,2.374459442087672,0.3074653417835595,0.7075622375625877,0.0188030697832417,11.487948265726043,0.026101664785781045,4.475858701895462,21.710524197709212,2.2667232997287754,0.532659168300485,0.0,0.0061336516273140995,0.22006636119450151,2.1746445558555085,0.011342263420000819,-57.69825586178527,0.4569744931605931,0.03703703703703707,-0.19519733562481753,0.620958974744098,1.286813950895622,-0.1441321194493695,0.06717321880850127,0.27252814116215396,-0.14074211526276523,0.04659651225369702,0.485760207437934,Software—Infrastructure,Technology,CSGS
2013Q4,2013,Q4,2014-02-28,2013-12-31,9081000.0,194549000.0,16435000.0,0.27,100394000.0,0.5160345208662085,868980000.0,366104000.0,475375000.0,206806000.0,502876000.0,0.0,629011000.0,944445600.0,1126809600.0,11.396588220645,2.2986518766380084,0.30501277359663054,0.7239746083080217,0.018944531382411575,11.396588220645,0.02480442715731049,4.854538445327398,26.0005946481665,2.579719423988812,0.5312190287413281,0.0,0.005107758456389654,0.22388202260121062,2.08663191590186,0.010450182973140924,34.698027113413424,0.5160345208662085,-0.42553191489361697,-0.5275717781944236,0.6269413900591728,1.526918693448169,0.09982252799018426,-0.40647058823529414,-0.2003600447623218,6.221243810886082,0.3002337516769292,0.590190310104424,Software—Infrastructure,Technology,CSGS
2013Q3,2013,Q3,2013-11-07,2013-09-30,15300000.0,186180000.0,20553000.0,0.47,91282000.0,0.49028896766569985,849864000.0,354547000.0,457891000.0,197586000.0,495317000.0,0.0,625000000.0,803704200.0,978391200.0,11.050585961850143,2.317426335873999,0.3146656406201463,0.7542667121707418,0.03040036878173274,11.050585961850143,0.043153658048157226,4.316812761843377,13.132421568627452,2.2668481188671743,0.0,0.0,0.0,0.21907034537290673,2.1049315234885064,0.01800288046087374,50.758128078817734,0.49028896766569985,0.27027027027027023,0.15499725127515088,0.6369389914535878,1.8016222149150967,-0.000733450831426726,0.2673956262425447,-0.052027120520271204,0.3392019281294216,0.4249512296529737,0.5455519716330954,Software—Infrastructure,Technology,CSGS
2013Q2,2013,Q2,2013-08-09,2013-06-30,12072000.0,186107000.0,21681000.0,0.37,91349000.0,0.4908412902255154,844426000.0,333552000.0,456215000.0,208686000.0,510874000.0,0.0,614775000.0,708035000.0,881008000.0,10.382941634241245,2.1861313169067405,0.3195330319056969,0.8089353384179978,0.022997689368877562,10.382941634241245,0.036192257878831485,3.8044512028026887,14.662752650762092,2.1227125005996066,0.0,0.0,0.0,0.22039468230490297,2.0012027639611665,0.014296101730643064,24.608473515918252,0.4908412902255154,-0.19565217391304351,-0.06318235885704002,0.6461610677199949,2.017926082741963,0.04664405692156099,-0.1896898912605719,0.2021624618796784,0.0760883926153521,0.4481932356639525,0.5486776371389759,Software—Infrastructure,Technology,CSGS
2013Q1,2013,Q1,2013-05-07,2013-03-31,14898000.0,180632000.0,18035000.0,0.46,87278000.0,0.48318127463572347,825009000.0,326657000.0,437024000.0,193844000.0,498352000.0,0.0,607772000.0,665795760.0,791884760.0,10.165779728005477,2.254513939043767,0.32999276371530495,0.8334338465117845,0.033123785056742246,10.165779728005477,0.04560747205784661,3.6859236458656275,11.172569472412404,2.038210600109595,0.0,0.0,0.0,0.21894549029162105,2.0807505004023854,0.01805798482198376,37.74138427526784,0.48318127463572347,-0.04166666666666659,0.03368942480366358,0.6371873850697173,2.4370398099325845,-0.10107013008414786,-0.0564914502849905,-0.1857420199557542,13.725656569769118,0.45835058562518854,0.6732290074773013,Software—Infrastructure,Technology,CSGS
2012Q4,2012,Q4,2013-03-08,2012-12-31,15790000.0,198007000.0,22149000.0,0.48,97091000.0,0.4903412505618488,846941000.0,326639000.0,440935000.0,211732000.0,520302000.0,0.0,592874000.0,581799560.1999999,720024560.1999999,10.206830823073558,2.08251468837965,0.3243413649829209,0.8409834710490787,0.03294018290954389,10.206830823073558,0.048340828866118256,2.9382777386658043,9.21151931918936,1.7811699160235,0.0,0.0,0.0,0.2337907835374601,1.8966996013828803,0.018643565490394254,343.6500650915534,0.4903412505618488,0.6551724137931035,0.4078574613290078,1.1634829011045993,3.906511787496098,0.0837258622614131,0.6774673324126208,0.019375920471281297,1.0004941738743502,0.6619857445043642,0.6517347979916076,Software—Infrastructure,Technology,CSGS
2012Q3,2012,Q3,2012-11-06,2012-09-30,9413000.0,190001000.0,21728000.0,0.29,89590000.0,0.47152383408508375,835848000.0,307530000.0,430867000.0,206560000.0,528318000.0,0.0,577084000.0,725946000.0,857062000.0,9.616322701688555,2.085916924864446,0.3486566935615088,0.9476278737033785,0.01995275243365924,9.616322701688555,0.03060839592885247,3.8207483118509904,19.280410071178157,2.360569700517023,0.0,0.0,0.0,0.22731525349106535,1.9026626646010845,0.011261616944707651,43.428212491026564,0.47152383408508375,-0.21621621621621626,-0.25288081930893697,1.1313933730197014,2.0692405506299214,-0.019062530794582342,-0.20699241786015166,-0.08494419877869025,-0.10976297801877115,0.6359554636118301,0.6471635270275848,Software—Infrastructure,Technology,CSGS
2012Q2,2012,Q2,2012-08-09,2012-06-30,11870000.0,183851000.0,23745000.0,0.37,91331000.0,0.4967664032287015,822828000.0,290683000.0,432751000.0,201799000.0,532145000.0,0.0,567671000.0,556329600.0,675539600.0,9.028824351607392,2.144465532534849,0.35872989251702664,1.015446379733249,0.02553318614197472,9.028824351607392,0.040834861343800634,3.025980821426046,11.717135636057288,1.9138704361796186,0.0,0.0,0.0,0.2234379481495525,1.9471702040148862,0.014425858138031277,21.948538288554857,0.4967664032287015,0.027777777777777804,-0.010468092184617295,1.406252367855762,0.6323386244591496,-0.03900545045139839,0.005420972386921904,-0.1798494059132357,0.18089217873245286,0.568163006755685,0.6550921484926021,Software—Infrastructure,Technology,CSGS
2012Q1,2012,Q1,2012-05-09,2012-03-31,11806000.0,185007000.0,28952000.0,0.36,95038000.0,0.5136994816412352,822223000.0,285192000.0,424633000.0,196720000.0,537031000.0,0.0,555801000.0,491414120.0,616953120.0,8.786493314437118,2.158565473769825,0.36966492058723727,1.0657627142416337,0.024571450880013036,8.786493314437118,0.04139667311846055,2.6561920359770173,10.406024902591902,1.723099245420629,0.0,0.0,0.0,0.22500830066782368,1.9752897519316794,0.014358635066156018,10.712958514093872,0.5136994816412352,0.0285714285714286,0.006246989089818745,1.5620754389719886,0.49986349209776115,-0.015680669483801476,0.04533380556047459,0.07059128055319307,-0.023752916499559077,0.5880852651459736,0.7490569269756391,Software—Infrastructure,Technology,CSGS
2011Q4,2011,Q4,2012-03-15,2011-12-31,11294000.0,187574000.0,27043000.0,0.35,96552000.0,0.5147408489449498,814897000.0,274714000.0,409960000.0,197385000.0,540183000.0,0.0,543995000.0,476368640.0,639379640.0,8.483016304347826,2.0769562023456696,0.38010202516391645,1.1275144331923381,0.02360324571036952,8.483016304347826,0.04111184723021033,2.5396304391866678,10.544728174251816,1.7340530151357412,0.0,0.0,0.0,0.23018123762880463,1.8935278769916661,0.013859420270291828,16.29000581335704,0.5147408489449498,0.0937499999999999,0.07349683886112593,1.7847636460320793,0.24051838822794352,0.07560853339274773,0.07777459681267296,0.187815698159617,-0.4171603783038366,0.556018196032255,0.8809043602585249,Software—Infrastructure,Technology,CSGS
2011Q3,2011,Q3,2011-11-08,2011-09-30,10479000.0,182753000.0,22767000.0,0.32,89765000.0,0.49118208729815654,787494000.0,265559000.0,380578000.0,173423000.0,521935000.0,0.0,532701000.0,415931840.0,602836840.0,8.070230353127089,2.1945070723029816,0.39500618417410166,1.1713592836243547,0.020926871007759567,8.070230353127089,0.03946015762975459,2.275923459532812,9.922985017654357,1.5662502118173365,0.0,0.0,0.0,0.23206906973259478,1.985284535499905,0.013306768051566107,19.118029049457622,0.49118208729815654,0.18518518518518512,0.08965365342705542,1.6259355131876485,0.18213849382975333,-0.00741961165907382,0.16239600665557405,0.017701488534263107,-0.2287009889606973,0.5666695295254924,1.0460215154977652,Software—Infrastructure,Technology,CSGS
2011Q2,2011,Q2,2011-08-09,2011-06-30,9015000.0,181312000.0,22371000.0,0.27,90436000.0,0.4987866219555242,800021000.0,267332000.0,379779000.0,182990000.0,532689000.0,0.0,522222000.0,610338960.0,809390960.0,8.094347049383838,2.075408492267337,0.3917484666027517,1.1723512336719883,0.021957024180490496,8.094347049383838,0.03372211332724852,3.366235880691846,16.925650582362728,2.283074828303383,0.0,0.0,0.0,0.22663405085616503,1.8582436198699384,0.011268454203077169,-100.0883830764185,0.4987866219555242,-0.22857142857142848,-0.18616215348433715,1.687179294153573,0.1867240330572394,-0.020492158391820465,-0.21567774491038802,-0.07189678061732492,-0.3195196723287508,0.5599481960186131,1.352718713407857,Software—Infrastructure,Technology,CSGS
2011Q1,2011,Q1,2011-05-09,2011-03-31,11494000.0,183092000.0,24104000.0,0.35,92328000.0,0.5042710768356892,815538000.0,254670000.0,394492000.0,209467000.0,560868000.0,0.0,513207000.0,656763780.0,843414780.0,7.7320338828672925,1.8833133620092903,0.4152301916035795,1.3297051085718774,0.025593972764177745,7.7320338828672925,0.04513291710841481,3.5870697791274333,14.284926483382634,2.578881611497232,0.0,0.0,0.0,0.22450456017990578,1.7318432020318237,0.014093763871211397,-106.98220882879947,0.5042710768356892,7.517690875232774,0.058257243476873374,1.80460249779517,0.19287551566704123,0.15584822043340552,7.417643774427694,0.16664246648274528,-0.22196249889384112,0.6189755946790029,1.6141928094261953,Software—Infrastructure,Technology,CSGS
2010Q4,2010,Q4,2011-03-09,2010-12-31,-1791000.0,154079000.0,20661000.0,-0.0537,79879000.0,0.5184288579235328,879698000.0,237078000.0,441494000.0,270409000.0,642620000.0,0.0,501713000.0,626535200.0,803364200.0,7.1668077388149936,1.6326897403562752,0.42592685216972187,1.5804376618665588,-0.026622814724608306,7.1668077388149936,-0.007554475742160808,4.066324417993367,-87.45605806811837,2.6427386767224292,0.0,0.0,0.0,0.17514988098188242,1.5177046621968944,-0.002035925965501797,13.542314924889226,0.5184288579235328,-1.1534285714285712,-1.114638865894538,1.6063440671685911,0.14952876717070449,0.21219800898385335,-1.153207869974337,-0.08263031702335494,-1.154484091321621,0.6286508656069242,2.4451464179970768,Software—Infrastructure,Technology,CSGS
2010Q3,2010,Q3,2010-11-09,2010-09-30,11690000.0,133691000.0,22522000.0,0.35,65896000.0,0.4928978016470817,579197000.0,234725000.0,367445000.0,158294000.0,344472000.0,0.0,503504000.0,598472670.0,671362670.0,7.14992841694843,2.321281918455532,0.2421265994126351,0.5974608584513793,0.03904104642993925,7.14992841694843,0.049802960911705184,4.476536715261312,12.798816723695467,2.5496758760251357,0.0,0.0,0.0,0.2308212922373562,1.318066382806676,0.020183115589341796,39.44066627125346,0.4928978016470817,0.0,0.24751977496548405,0.9900218528442776,0.15928027279708093,0.16611513210285087,0.019536019536019536,0.5261909602222674,-0.09614837308902059,0.4609343540280505,1.2820417858425206,Software—Infrastructure,Technology,CSGS
2010Q2,2010,Q2,2010-08-06,2010-06-30,11466000.0,131346000.0,14757000.0,0.35,56509000.0,0.43023007933245017,574915000.0,220132000.0,358361000.0,173500000.0,354783000.0,0.0,491814000.0,601847220.0,580006220.0,6.704391788999208,2.0654812680115273,0.27978222867728275,0.7307024875983501,0.037959331518729184,6.704391788999208,0.052086929660385584,4.582151112329267,13.122431972789114,2.734028764559446,0.0,0.0,0.0,0.2284615986711079,1.974951008645533,0.019943817781759042,30.711191508904424,0.43023007933245017,10.666666666666666,0.9673414880212712,0.3591590752222476,0.11842451014270633,-0.0136496133773193,9.776315789473685,-0.10029264723814169,-0.0627495517209597,0.6856083141376782,0.21209996390525243,Software—Infrastructure,Technology,CSGS
2010Q1,2010,Q1,2010-05-10,2010-03-31,1064000.0,130263000.0,16402000.0,0.03,57291000.0,0.4398102300730061,576733000.0,205317000.0,355740000.0,127092000.0,371416000.0,0.0,480348000.0,709674000.0,708135000.0,6.075545954903237,2.799074686054197,0.28392861167992817,0.7975520780062051,0.027555910190004723,6.075545954903237,0.0051822304046912826,5.44800902788973,166.7467105263158,3.4564794926869182,0.0,0.0,0.0,0.22586361453220122,2.6012573568753345,0.0018448744913157388,27.299353746730265,0.4398102300730061,-0.88,-0.8200470936707723,0.3808729848029327,0.0017419370135155485,0.22012565222021083,-0.8743208126624143,0.007865306624062922,-0.9128985070307409,0.7326346062249974,0.03710197529529017,Software—Infrastructure,Technology,CSGS
2009Q4,2009,Q4,2010-02-23,2009-12-31,8466000.0,127787000.0,16274000.0,0.25,46955000.0,0.36744739292729306,561714000.0,212110000.0,339379000.0,118981000.0,349604000.0,0.0,479284000.0,655264250.0,655111250.0,6.179461034231609,2.852379791731453,0.290781429695539,0.7700532742444958,0.02806618583874379,6.179461034231609,0.03991325255763519,5.127784907697966,19.349877450980394,3.0892661826410825,0.0,0.0,0.0,0.22749477492104522,2.6679974113513922,0.015071726893045215,16.141501416430597,0.36744739292729306,-0.24242424242424246,0.015312988581543749,0.37522177714636157,0.012499284659035187,-0.21865379815292454,-0.25337331334332835,-0.05968683191772115,-0.2408087473194169,0.7898734269062838,-0.09634323838639394,Software—Infrastructure,Technology,CSGS
2009Q3,2009,Q3,2009-11-06,2009-09-30,11339000.0,124548000.0,17307000.0,0.33,60095000.0,0.4825047371294601,515828000.0,200218000.0,302038000.0,104181000.0,315610000.0,0.0,470818000.0,549062950.0,588354950.0,5.838110511736405,2.899165874775631,0.31138674131687305,0.8022355632360727,0.033574500528772575,5.838110511736405,0.05663326973598777,4.408444535440152,12.10562990563542,2.7423256150795634,0.0,0.0,0.0,0.24145257721566105,2.7185763238978318,0.02198213357941019,22.600763563019676,0.4825047371294601,0.06451612903225812,0.0033514821516078624,0.35266768081839733,-0.003492156780029957,0.006464687065601501,0.059422591796692514,-0.11640373717261449,0.1313257714867273,0.7171197598348094,-0.14482550495209628,Software—Infrastructure,Technology,CSGS
2009Q2,2009,Q2,2009-08-10,2009-06-30,10703000.0,124836000.0,19587000.0,0.31,59709000.0,0.47829952898202444,484884000.0,187009000.0,272904000.0,94158000.0,297875000.0,0.0,459479000.0,453880440.0,515789440.0,5.455179253814066,2.8983623271522334,0.32851981092384985,0.8517985765390971,0.03676453554895184,5.455179253814066,0.05723253961039308,3.635813707584351,10.601710735307858,2.4270513183857463,0.0,0.0,0.0,0.2574553913925805,2.710497249304361,0.022073320629263905,16.85157941635108,0.47829952898202444,-0.16216216216216217,1.064451111576578,0.4403255232999781,-0.009180205368820896,0.024537140307829577,-0.16545808966861597,-0.09231196997080494,-0.06912081138487533,0.7824837725703523,-0.20020820881046714,Software—Infrastructure,Technology,CSGS
2009Q1,2009,Q1,2009-05-08,2009-03-31,12825000.0,123546000.0,21579000.0,0.37,58279000.0,0.4717190358247131,484677000.0,172921000.0,277831000.0,101618000.0,311756000.0,0.0,451961000.0,491546160.0,571848160.0,5.023560513625007,2.7340727036548644,0.3398799612938101,0.9526431144858056,0.04154023791004821,5.023560513625007,0.07416681606051319,3.97864892428731,9.58179649122807,2.8426053515767316,0.0,0.0,0.0,0.2549037812811419,2.4656556909209,0.02646092139713665,109.23248,0.4717190358247131,-0.37288135593220334,0.7775091380910699,0.4228994871799864,-0.15408963718622173,-0.031604659277845164,-0.35455460493205837,-0.06251629159787991,0.12986191620495266,0.8108337337247093,-0.22497981398488034,Software—Infrastructure,Technology,CSGS
2008Q4,2008,Q4,2009-03-03,2008-12-31,19870000.0,123611000.0,23018000.0,0.59,60181000.0,0.4868579657150254,485214000.0,149766000.0,287928000.0,103253000.0,335448000.0,0.0,461679000.0,580126290.0,696540290.0,4.510073177342127,2.7885678866473613,0.4128075447122301,1.3374197080779349,0.04447722113434901,4.510073177342127,0.132673637541231,4.693160721942222,7.299022269753396,3.8735513400905406,0.0,0.0,0.0,0.25475563359672226,2.621764016541892,0.04095100306256621,28.72196702643826,0.4868579657150254,0.43902439024390244,3.6579769048623443,0.47433279131767503,-0.20229006428440163,0.09272978174819334,0.446037406302307,0.08930008045052293,0.2669807632389654,1.082961651428801,-0.2766013756276669,Software—Infrastructure,Technology,CSGS
2008Q3,2008,Q3,2008-11-07,2008-09-30,13741000.0,117980000.0,21131000.0,0.41,55074000.0,0.466807933548059,483435000.0,131272000.0,298301000.0,97102000.0,352163000.0,0.0,441809000.0,583415930.0,693432930.0,3.9443526336348067,3.07203765112974,0.4757619948907299,1.7520872691815468,0.038602443310199096,3.9443526336348067,0.10467578767749405,4.945040939142228,10.614510042937196,4.444328798220489,0.0,0.0,0.0,0.24404521807481874,2.9019587650099896,0.028423676399102257,39.97094614963004,0.466807933548059,0.024999999999999883,1.3965702536167028,6.150519392671111,-0.20926389173651838,-0.020175064047822374,0.03152916447714135,-0.03480564564015896,0.44648040172292847,0.732308962674705,-0.36046769555217156,Software—Infrastructure,Technology,CSGS
2008Q2,2008,Q2,2008-08-07,2008-06-30,13321000.0,116870000.0,21893000.0,0.4,56208000.0,0.4809446393428596,460576000.0,114253000.0,277791000.0,95917000.0,346323000.0,0.0,428068000.0,365963180.0,467073180.0,3.4404227769580533,2.896160221858482,0.4993746960327937,2.01307624307458,0.040066113929734956,3.4404227769580533,0.11659212449563687,3.1313697270471463,6.868162675474814,3.203094710860984,0.0,0.0,0.0,0.25374748141457654,2.7230522222338065,0.028922479677621064,8.845031540785499,0.4809446393428596,-0.11111111111111108,0.7332634445455043,0.2695182527670746,-0.4280755268698403,0.017449858808196366,-0.10229799851742032,-0.05864900890054607,1.259813699694455,0.195706190314869,-0.42606976440177513,Software—Infrastructure,Technology,CSGS
2008Q1,2008,Q1,2008-05-12,2008-03-31,14839000.0,113596000.0,23257000.0,0.45,55244000.0,0.4863199408429874,440945000.0,97853000.0,295100000.0,95175000.0,343092000.0,0.0,414747000.0,376165080.0,465716080.0,2.9577136984645147,3.1006041502495405,0.5216070031409813,2.350464472218532,0.0456834604292845,2.9577136984645147,0.15164583610109042,3.3114289235536463,6.33743985443763,3.8441854618662683,0.0,0.0,0.0,0.2576194309947953,2.9314736012608353,0.03365272312873488,22.256971776817938,0.4863199408429874,0.2857142857142858,1.6141113193391095,0.24117454785905898,-0.47767683782718107,0.04571352855439247,0.06732359922318924,0.12602885639585554,1.5635598408480935,0.23003447523852275,-0.5123292834218319,Software—Infrastructure,Technology,CSGS
2007Q4,2007,Q4,2008-02-28,2007-12-31,13903000.0,113452000.0,20654000.0,0.35,52829000.0,0.46565067164968443,422388000.0,82524000.0,272186000.0,91203000.0,339864000.0,0.0,399908000.0,583942400.0,690526400.0,2.0802621628434586,2.9843974430665656,0.5445230451622679,2.787068004459309,0.04229764047623714,2.0802621628434586,0.16847220202607727,5.14704368367239,10.500294900381213,7.07603121516165,0.0,0.0,0.0,0.2685966457380418,2.7973860508974484,0.03291523433430874,52.41382281662328,0.46565067164968443,-0.10256410256410266,0.07081574481528664,-0.03968143874896768,-0.6156929410015786,0.03712356197730574,-0.08544928298908039,-0.04237759643916914,0.4427083523064631,0.056444212238637555,-0.6591508644338974,Software—Infrastructure,Technology,CSGS
2007Q3,2007,Q3,2007-11-08,2007-09-30,15202000.0,107561000.0,21568000.0,0.39,50938000.0,0.47357313524418704,466261000.0,120898000.0,311376000.0,96836000.0,345363000.0,0.0,386005000.0,824218320.0,935351320.0,3.1331277373208595,3.2154983683753975,0.49328594928591496,1.9024301477278367,0.039611398875663104,3.1331277373208595,0.1257423613293851,7.662798969886855,13.554438889619787,6.817468609902562,0.0,0.0,0.0,0.2306883912658361,3.0267462513941097,0.032604056526280345,33.24265225457772,0.47357313524418704,0.054054054054054106,2.490883280959732,-0.07146852230788728,-0.38086342987719324,0.028697215097845185,-0.02688516195109461,0.01923349558149426,0.1955530771474732,0.0382429216953117,-0.46520601866413525,Software—Infrastructure,Technology,CSGS
2007Q2,2007,Q2,2007-08-07,2007-06-30,15622000.0,99504000.0,21161000.0,0.37,49517000.0,0.49763828589805437,561948000.0,231913000.0,461616000.0,81210000.0,330035000.0,0.0,370803000.0,1111511280.0,1162133280.0,5.531220186987216,5.684226080531954,0.4092905393381594,0.9917512170512218,0.02931870988795555,5.531220186987216,0.06736146744684429,11.170518572117704,17.78759569837409,4.792794194374615,0.0,0.0,0.0,0.17706976446219222,5.501169806674055,0.02779972524148142,54.58216853270477,0.49763828589805437,0.027777777777777804,0.01999913153182044,-0.2632668066370351,0.06220601962519268,0.028006145158611526,-0.02630266766392421,0.03456536618754278,1.4636842448249159,-0.061334865163054114,0.004631047806316632,Software—Infrastructure,Technology,CSGS
2007Q1,2007,Q1,2007-05-09,2007-03-31,16044000.0,98744000.0,20454000.0,0.36,48168000.0,0.4878068540873369,595612000.0,260016000.0,491479000.0,88481000.0,335596000.0,0.0,355181000.0,1110512700.0,1131809700.0,5.858195336262251,5.554627547157017,0.38615743134792446,0.8845609500953787,0.027132229193610996,5.858195336262251,0.06170389514491416,11.246381552296848,17.30417445774121,4.270939865239062,0.0,0.0,0.0,0.16578578000443242,5.386602773476792,0.026936999254548264,35.397083479424985,0.4878068540873369,0.12499999999999993,6.731246839846834,-0.10108693514680402,0.22302181722655393,0.02172068555913796,0.06286849950314674,0.025365951473831964,0.7245150850353459,-0.11802530284550154,-0.013546641094269576,Software—Infrastructure,Technology,CSGS
