Year,Date,FillingDate,NetIncome,Revenue,OperatingIncome,EPSDiluted,GrossProfit,GrossProfitRatio,TotalAssets,CommonStockEquity,CurrentAssets,CurrentLiability,TotalLiability,Inventory,RetainedEarnings,EnterpriseValue,bookValuePerShare,currentRatio,debtToAssets,debtToEquity,roic,shareholdersEquityPerShare,roe,priceToSalesRatio,peRatio,pbRatio,payoutRatio,inventoryTurnover,dividendYield,assetTurnover,quickRatio,returnOnAssets,priceToFreeCashFlowsRatio,grossProfitMargin,epsdilutedGrowth,fiveYNetIncomeGrowthPerShare,fiveYRevenueGrowthPerShare,fiveYShareholdersEquityGrowthPerShare,grossProfitGrowth,netIncomeGrowth,operatingIncomeGrowth,threeYNetIncomeGrowthPerShare,threeYRevenueGrowthPerShare,threeYShareholdersEquityGrowthPerShare,Industry,Sector,Price,MarketCap,AvgVolume,Symbol
2022,2022-12-31,2023-02-17,44060000.0,1089752000.0,130977000.0,1.41,524584000.0,0.4813792496,1348553000.0,355249000.0,765955000.0,527209000.0,993304000.0,0.0,936215000.0,2111624600.0,11.449303854582958,1.4528488701824134,0.36126722494406965,1.3713986527759403,0.10357747153254239,11.449303854582958,0.12402568339390117,1.6286288990522615,40.28147072174308,4.995936934375607,0.7597594189741262,0.0,0.018861263140623717,0.8080898563126552,0.908036471304549,0.03267205664145199,66.70681801097497,0.4813792495907326,-0.37610619469026546,-0.24989324802205898,0.441858621756667,0.08281113257720464,0.042338597509120245,-0.390855926228035,0.054684102877941156,-0.4501308697251068,0.12928377892629733,-0.07487574347117097,Software—Infrastructure,Technology,51.9516,1645961762,165449,CSGS
2021,2021-12-31,2022-02-18,72331000.0,1046487000.0,124186000.0,2.26,503276000.0,0.4809194954,1387149000.0,436609000.0,748199000.0,695102000.0,946905000.0,0.0,916060000.0,2093355120.0,13.74021273917422,1.0763873503457047,0.3374237374643964,1.0720278326832475,0.08916116031470589,13.74021273917422,0.16566538939875267,1.749599488574631,25.313256003649887,4.1935304127949715,0.45052605383583805,0.0,0.01779802858118597,0.7544157116502985,0.7483865677267509,0.052143641382432604,16.10871908570222,0.4809194954165699,0.2417582417582416,0.12101662834139394,0.3402539072845757,0.6928186987060282,0.10625670423971724,0.23198378498066802,0.17649399370950017,0.11827778191480695,0.22270095510763116,0.23646082108195599,Software—Infrastructure,Technology,51.9516,1645961762,165449,CSGS
2020,2020-12-31,2021-02-19,58711000.0,990533000.0,105556000.0,1.82,454936000.0,0.459284042,1332000000.0,422395000.0,698345000.0,420015000.0,909605000.0,0.0,876402000.0,1723785700.0,13.195720087472665,1.6626668095187076,0.3526981981981982,1.1122148699676844,0.07183196096503844,13.195720087472665,0.1389954900034328,1.4564791884773147,24.57274956992727,3.415501367203684,0.5289639079559196,0.0,0.021526443609846516,0.7436433933933934,1.2067949954168304,0.044077327327327324,10.044983742158289,0.4592840420258588,-0.2862745098039215,-0.0897429253559646,0.27685275850731883,0.18475127423011384,-0.03551500144163091,-0.29067294913616043,-0.1629780586635371,-0.03112852878397598,0.2703753592023732,0.24797741369826767,Software—Infrastructure,Technology,51.9516,1645961762,165449,CSGS
2019,2019-12-31,2020-02-21,82770000.0,996810000.0,126109000.0,2.55,471688000.0,0.4731975,1283030000.0,396662000.0,669082000.0,418693000.0,886368000.0,0.0,848623000.0,1961252780.0,12.375963308477115,1.598025283441567,0.3571233720178016,1.1551396402982892,0.10324823884277246,12.375963308477115,0.20866632044410607,1.6649118487976646,20.050752446538603,4.183916735154868,0.3518907816841851,0.0,0.01755000380272176,0.7769187002642183,1.1093139842318835,0.06451135203385736,14.588999182467893,0.47319750002508,0.2686567164179105,1.2673182119852109,0.3432808501466176,0.09209278015455619,0.10923033870364665,0.2516255859670346,0.2018164144398277,0.2717981329513965,0.26567812207960667,0.5247407373365662,Software—Infrastructure,Technology,51.9516,1645961762,165449,CSGS
2018,2018-12-31,2019-02-22,66130000.0,875059000.0,104932000.0,2.01,425239000.0,0.48595466134283516,1114362000.0,361024000.0,599567000.0,350391000.0,753338000.0,0.0,795127000.0,1252692760.0,11.112533858655503,1.7111369869659894,0.3228986630915268,0.9966816610530048,0.11066421744946586,11.112533858655503,0.18317341783371743,1.1795133356722232,15.607799183426584,2.8589339212905513,0.4230908815968547,0.0,0.027107657948733807,0.7852555991679544,1.2633144116144535,0.05934337315881195,11.968688150097986,0.48595466134283516,0.07486631016042763,0.2730973453360141,0.15732870878150465,-0.025136983101963464,0.07717892145066381,0.07766768789518284,-0.007124946775795998,0.01019637507567505,0.11140386772904678,-0.0022834251034075438,Software—Infrastructure,Technology,51.9516,1645961762,165449,CSGS
2017,2017-12-31,2018-02-23,61364000.0,789582000.0,105685000.0,1.87,394771000.0,0.4999746701419232,904534000.0,342746000.0,554266000.0,222593000.0,561788000.0,0.0,749438000.0,1629918300.0,10.573685022366188,2.49004236431514,0.3667479608284487,0.9678770868223115,0.10962447787803285,10.573685022366188,0.17903637095691854,1.798958562885172,23.147534384981423,4.144250552887561,0.4375529626491102,0.0,0.018902789185745988,0.8729157776269327,2.3626843611434323,0.06784045707513482,16.502565264368616,0.4999746701419232,-0.015789473684210423,0.24551183547789918,0.03498666123885928,0.04102430093857203,0.02322380647519122,-0.024140453547915143,-0.20315315654947258,0.6620678190047774,0.05207629355834753,-0.06694575729350512,Software—Infrastructure,Technology,51.9516,1645961762,165449,CSGS
2016,2016-12-31,2017-02-24,62882000.0,760958000.0,132629000.0,1.9,385811000.0,0.5070069570199669,891879000.0,251360000.0,559938000.0,291870000.0,640519000.0,0.0,714846000.0,1748919200.0,8.11676569361922,1.9184499948607256,0.422051646019247,1.497529439847231,0.1328502574728015,8.11676569361922,0.25016709102482493,1.9696897857700424,23.835933971565787,5.9629662635264165,0.38341655799751917,0.0,0.01608565279862337,0.8532076660623246,1.809665261931682,0.07050507972494027,24.04471252566735,0.5070069570199669,0.016042780748662996,0.5758091016645311,0.09740037243990159,-0.030499236643463965,0.03495905080490049,0.005034602905685106,0.17225561251546756,0.26998693820482833,0.05582002776446042,-0.287945054460021,Software—Infrastructure,Technology,51.9516,1645961762,165449,CSGS
2015,2015-12-31,2016-02-29,62567000.0,752520000.0,113140000.0,1.87,372779000.0,0.49537420932334025,877233000.0,345845000.0,518226000.0,360119000.0,531388000.0,0.0,675431000.0,1269160980.0,11.137966571124924,1.4390409836748408,0.3244029807360188,0.8228454943688647,0.11655180286895335,11.137966571124924,0.18091052350041203,1.4846316111199702,17.856297728834686,3.230392169902702,0.3554269822750012,0.0,0.019904853048067796,0.8578336656281741,1.2910676748519239,0.07132312623898097,10.147643692777212,0.49537420932334025,0.7,1.9718393602815487,0.4592708324054073,0.5541042786458993,0.029938415717391965,0.6928758894991748,0.49478134495970405,0.32571437022705924,0.029736234488030342,0.09658022147020535,Software—Infrastructure,Technology,51.9516,1645961762,165449,CSGS
2014,2014-12-31,2015-02-27,36959000.0,751286000.0,75690000.0,1.1,361943000.0,0.48176460096421336,859728000.0,367723000.0,478133000.0,211147000.0,492005000.0,0.0,644806000.0,987615430.0,11.332336897901323,2.264455568869082,0.2975720227792976,0.6957166127764649,0.07292126641063577,11.332336897901323,0.10050771912553742,1.082805256586706,22.01078032414297,2.212253326552867,0.5554803971968939,0.0,0.02523674258779476,0.8738647572255411,2.067085963807205,0.04298917797256807,15.624331233434487,0.48176460096421336,-0.2948717948717948,-0.09778366975450235,0.5871654020829745,0.8338714064422371,-0.02257610659378941,-0.28026718077544743,-0.013219649561952441,-0.11608742752080879,0.03400241461611892,0.3535821641082583,Software—Infrastructure,Technology,51.9516,1645961762,165449,CSGS
2013,2013-12-31,2014-02-28,51351000.0,747468000.0,76704000.0,1.56,370303000.0,0.4954098369428524,868980000.0,366104000.0,475375000.0,206806000.0,502876000.0,0.0,629011000.0,1126603800.0,11.399072142479062,2.2986518766380084,0.30501277359663054,0.7239746083080217,0.10144305307766946,11.399072142479062,0.1402634224154885,1.2632511358345775,18.38795349652392,2.5791572886392933,0.2814745574574984,0.0,0.01530755217053973,0.860167092453221,2.08663191590186,0.05909341987157357,10.554174770303803,0.4954098369428524,0.033112582781456984,-0.14047414758606733,0.6371664384768799,1.5274694432334588,-0.007363624179064468,0.05057386607745658,-0.2057489593472363,1.3581396662729395,0.4013643962112642,0.5905368970263263,Software—Infrastructure,Technology,51.9516,1645961762,165449,CSGS
2012,2012-12-31,2013-03-08,48879000.0,756866000.0,96574000.0,1.51,373050000.0,0.4928877767002349,846941000.0,326639000.0,440935000.0,211732000.0,520302000.0,0.0,592874000.0,722878835.9,10.157001150533288,2.08251468837965,0.3243413649829209,0.8409834710490787,0.10165115374478563,10.157001150533288,0.1496422656204556,0.7724667720574051,11.961247895824384,1.7899082347790678,0.0,0.0,0.0,0.893646664879844,1.8966996013828803,0.057712402634894286,6.5231887254956655,0.4928877767002349,0.17968749999999997,-0.007831135510849819,1.2268665677268884,3.8825582332613,0.010753736984564364,0.1560238399318859,0.0030015059458898064,0.2039586341676612,0.6133725737960319,0.643671040931852,Software—Infrastructure,Technology,51.9516,1645961762,165449,CSGS
2011,2011-12-31,2012-03-15,42282000.0,734731000.0,96285000.0,1.28,369081000.0,0.5023348681354128,814897000.0,274714000.0,409960000.0,197385000.0,540183000.0,0.0,543995000.0,645690230.0,8.372108615487765,2.0769562023456696,0.38010202516391645,1.1275144331923381,0.09168690006230301,8.372108615487765,0.15391279658117168,0.6569468689901474,11.415714251927536,1.757024505485705,0.0,0.0,0.0,0.901624377068513,1.8935278769916661,0.05188631201243838,12.452381972034466,0.5023348681354128,0.9104477611940298,0.0017121055901460325,1.7156892088269975,0.22429974352767884,0.4218665125686218,0.8851486914262785,0.2951628958058702,-0.3072849976167673,0.575134434012018,0.8563132539728789,Software—Infrastructure,Technology,51.9516,1645961762,165449,CSGS
2010,2010-12-31,2011-03-09,22429000.0,549379000.0,74342000.0,0.67,259575000.0,0.4724880273909268,879698000.0,237078000.0,441494000.0,270409000.0,642620000.0,0.0,501713000.0,803364200.0,7.1668077388149936,1.6326897403562752,0.42592685216972187,1.5804376618665588,0.08094270511777711,7.1668077388149936,0.09460599465154929,1.1404425724317822,27.9341566721655,2.6427386767224292,0.0,0.0,0.0,0.6245086381917431,1.5177046621968944,0.025496249849380127,5.853718514089245,0.4724880273909268,-0.4682539682539682,-0.3904811783441321,1.1061592173646555,0.14952876717070449,0.15347185808618988,-0.4824037107977754,-0.005418277656628359,-0.5574012044781191,0.5713910970032443,2.4451464179970768,Software—Infrastructure,Technology,51.9516,1645961762,165449,CSGS
2009,2009-12-31,2010-02-23,43333000.0,500717000.0,74747000.0,1.26,225038000.0,0.4494315152071929,561714000.0,212110000.0,339379000.0,118981000.0,349604000.0,0.0,479284000.0,655111250.0,6.179461034231609,2.852379791731453,0.290781429695539,0.7700532742444958,0.1315192745462591,6.179461034231609,0.20429494130404036,1.3086518931851725,15.121599012300095,3.0892661826410825,0.0,0.0,0.0,0.8914091512762723,2.6679974113513922,0.0771442406633981,6.802780748107929,0.4494315152071929,-0.31891891891891894,0.3505385687545274,0.38997708330193465,0.012499284659035187,-0.0073619253044678815,-0.2984895824901653,-0.16295815182700815,-0.01861017756705391,0.7692101879166678,-0.09634323838639394,Software—Infrastructure,Technology,51.9516,1645961762,165449,CSGS
2008,2008-12-31,2009-03-03,61771000.0,472057000.0,89299000.0,1.85,226707000.0,0.4802534439696901,485214000.0,149766000.0,287928000.0,103253000.0,335448000.0,0.0,461679000.0,696540290.0,4.510073177342127,2.7885678866473613,0.4128075447122301,1.3374197080779349,0.16694592600208275,4.510073177342127,0.4124500888052028,1.2289327136341586,9.391563840637192,3.8735513400905406,0.0,0.0,0.0,0.9728841294768906,2.621764016541892,0.12730671415086953,6.2332254217255825,0.4802534439696901,0.21710526315789477,4.640932450576336,0.6629579093893819,-0.20229006428440163,0.1253648511804301,0.016455217126589986,0.06515023199780527,0.6722365088263224,0.8028078701105685,-0.2766013756276669,Software—Infrastructure,Technology,51.9516,1645961762,165449,CSGS
TTM,,,,,,,,,,,,,,,,1983878762.0,12.105430994805706,1.6560562328092634,0.3901195054351516,1.3730755547589368,0.10504043414172252,12.105430994805706,0.1629984516877434,1.4642602440549741,26.84099819617834,4.291594410995511,0.5720254777070064,0.0,0.02098106699312437,0.8673488126616502,1.5091265125018394,0.045427960321232586,33.43615824649075,0.4824520434733487,,,,,,,,,,,Software—Infrastructure,Technology,51.9516,1645961762,165449,CSGS
