Quarters,Year,Quarter,FillingDate,Date,NetIncome,Revenue,OperatingIncome,EPSDiluted,GrossProfit,GrossProfitRatio,TotalAssets,CommonStockEquity,CurrentAssets,CurrentLiability,TotalLiability,Inventory,RetainedEarnings,MarketCap,EnterpriseValue,bookValuePerShare,currentRatio,debtToAssets,debtToEquity,roic,shareholdersEquityPerShare,roe,priceToSalesRatio,peRatio,pbRatio,payoutRatio,inventoryTurnover,dividendYield,assetTurnover,quickRatio,returnOnAssets,priceToFreeCashFlowsRatio,grossProfitMargin,epsdilutedGrowth,fiveYNetIncomeGrowthPerShare,fiveYRevenueGrowthPerShare,fiveYShareholdersEquityGrowthPerShare,grossProfitGrowth,netIncomeGrowth,operatingIncomeGrowth,threeYNetIncomeGrowthPerShare,threeYRevenueGrowthPerShare,threeYShareholdersEquityGrowthPerShare,Industry,Sector,Symbol
2023Q4,2023,Q4,2023-06-15,2023-03-31,-1002760.0,7505265.0,-734103.0,-0.12,847884.0,0.1129718937,36207741.0,14594151.0,14580337.0,9020985.0,21613590.0,2412588.0,-356439.0,60885015.940000005,72173543.94,1.6946804723132671,1.616268844255921,0.3265324395686547,0.8101192046046393,-0.027954175892041834,1.6946804723132671,-0.06870971802333688,8.11230728561883,-15.17935895428617,4.171877894096067,0.0,2.7594355107461364,0.0,0.2072834369865825,1.3101414091698411,-0.02769463027257072,50.3215636253336,0.11297189373060111,-9.108108108108109,-8.140302922996602,4.381065565680836,5.096536569812665,-0.4343242686073066,-8.484679977607763,-3.676131454714471,-71.32601442639515,4.170590726697012,4.236267379725425,Metal Fabrication,Industrials,TPCS
2023Q3,2023,Q3,2023-02-14,2022-12-31,133975.0,8327345.0,274315.0,0.0148,1498887.0,0.179995785,37405556.0,15595141.0,15877982.0,8636181.0,21810415.0,2292124.0,646321.0,71298988.92,84125962.92,1.8110743144602786,1.8385420592736534,0.3513691655859894,0.8427726943924393,0.005811042245329825,1.8110743144602786,0.00859081684481083,8.562031346125325,133.0453236051502,4.571872028601729,0.0,2.9790962443567626,0.0,0.22262321137533686,1.4589590005119162,0.003581687169681424,-75.2762868098872,0.1799957849710802,-0.63,1.6486496575779777,6.653176137521509,5.289019742961471,-0.13840827466326985,-0.657303859376279,11.081403895626607,2.4234004199396044,6.714432835830956,4.630519628125536,Metal Fabrication,Industrials,TPCS
2023Q2,2023,Q2,2022-11-17,2022-09-30,390944.0,8522647.0,-27210.0,0.04,1739672.0,0.2041234372,36802074.0,15452503.0,15022181.0,11685673.0,21349571.0,2516604.0,512346.0,53910722.800000004,65744100.800000004,1.800044848220807,1.2855212532474596,0.32793700702846257,0.7810231132134386,-0.0005996604198497189,1.800044848220807,0.02529972005182591,6.325584387104148,34.47470916550708,3.488801963021784,0.0,2.695288968784918,0.0,0.23158061689675424,0.983759172449888,0.010622879569232973,-396.4840025887683,0.20412343723728085,1.6849315068493151,2.5652907662553197,5.23611546470603,4.819865974786072,1.128773472928888,1.7800704358843893,0.9512373456342103,5.577926207468261,8.4479691135713,4.423692104921296,Metal Fabrication,Industrials,TPCS
2023Q1,2023,Q1,2022-09-15,2022-06-30,-501165.0,7076357.0,-558009.0,-0.0584,817218.0,0.1154856941,37647720.0,14814710.0,15511579.0,12865885.0,22833010.0,2899867.0,121402.0,51975783.72,63784065.72,1.7272879055300179,1.2056363786867363,0.32888897388739613,0.8357855131825057,-0.01236780073653851,1.7272879055300179,-0.03382887683930364,7.344991740806745,-25.927480829666873,3.508390222960827,0.0,2.1584227828379716,0.0,0.18796243172229288,0.9236556210474445,-0.013311961521175784,75.7643501419057,0.1154856941219896,0.1597122302158274,-4.967671921958757,3.078938789026813,4.861146539782667,-0.2800627949017024,0.1588834455292003,-1.0456150126657453,-8.742411382854621,4.568565223922627,4.068261932842807,Metal Fabrication,Industrials,TPCS
2022Q4,2022,Q4,2022-08-10,2022-03-31,-595833.0,7561531.0,-272783.0,-0.0695,1135124.0,0.1501182763,37852559.0,15263768.0,16067753.0,13314993.0,22588791.0,2234675.0,622567.0,57979587.12,70583062.12,1.779644816484164,1.2067413779338825,0.3607580137448567,0.8946423976045758,-0.011419413623306363,1.779644816484164,-0.03903577412864242,7.667704743920245,-24.32711310048285,3.798510768769546,0.0,2.8757680647073958,0.0,0.19976274259291163,0.9321536256158752,-0.015740890860245407,41.295472793083846,0.1501182763120326,-1.6325757575757578,-1.6316421877112088,4.033969586024,5.286808788765473,1.374448288701371,0.34138811513463324,0.7649064867618073,-4.749006748678424,4.427552447867884,4.316156964398977,Metal Fabrication,Industrials,TPCS
2022Q3,2022,Q3,2022-02-17,2021-12-31,-904680.0,6511325.0,-1160317.0,-0.0264,478058.0,0.0734194653,37386167.0,15829950.0,15414933.0,12318901.0,21556217.0,1720408.0,1218400.0,69601757.39999999,83698740.39999999,0.4616952171957658,1.2513237179193177,0.39210871764414895,0.9260573785766854,-0.02287186979209994,0.4616952171957658,-0.05714989624098623,10.68933856012409,-19.233805710306406,4.396840002653199,0.0,3.506881507177367,0.0,0.17416401633256492,1.0737213490067012,-0.024198254932098283,-106.14020431473435,0.07341946531619908,-1.6399999999999997,-1.7488429217923063,0.0053558049928072865,1.7065376484929384,-0.48634962453274766,-3.104476596208028,-3.7753208056563863,-4.492570321557191,0.2833694956104763,0.45628313214761934,Metal Fabrication,Industrials,TPCS
2022Q2,2022,Q2,2021-12-09,2021-09-30,-220413.0,4797410.0,-242982.0,-0.01,930707.0,0.19400197189733628,36689952.0,16656331.0,14541665.0,10533535.0,20033621.0,1692531.0,2123080.0,62092683.18,75632156.18,0.5311340030901206,1.3805113857788482,0.3766913622563475,0.8297618485127367,-0.00482014145870577,0.5311340030901206,-0.013232986304126641,12.942959467712786,-70.42765533339686,3.7278727938343685,0.0,2.284568495348091,0.0,0.1307554177230867,1.1617644029283616,-0.006007448578837061,-39.744913318995316,0.19400197189733628,-1.25,-1.351688209860502,0.14329881052034224,4.294321029875238,0.11774080425811968,-1.1607572650121216,-3.4283629822106736,-2.1210654040885593,0.2177105542774743,0.7161490962235142,Metal Fabrication,Industrials,TPCS
2022Q1,2022,Q1,2021-08-12,2021-06-30,1371092.0,3412229.0,100060.0,0.04,832668.0,0.24402465367945703,15490720.0,11346482.0,9615560.0,4114786.0,4144238.0,1032144.0,2343493.0,36873327.5,37116383.5,0.3846439543596927,2.336831125604102,0.16005911926624455,0.2185198019967775,0.0070950784417036115,0.3846439543596927,0.12083851188412409,10.806228860958628,6.723350347752011,3.2497586035918444,0.0,2.499225883210095,0.0,0.2202756876375017,1.9946568302701526,0.08851054050425029,277.55609710199474,0.24402465367945703,3.0,1.8520843135186165,-0.31950949811434615,3.812078868124655,-0.1075044535384998,5.3988089960004295,-0.6638548186072449,7.150143903871131,-0.18653312795955015,0.27892204733650905,Metal Fabrication,Industrials,TPCS
2021Q4,2021,Q4,2021-06-10,2021-03-31,214273.0,4029382.0,297669.0,0.01,932966.0,0.23154071765843992,16004019.0,9941848.0,9921771.0,4720233.0,6062171.0,1271156.0,972401.0,37463300.74,39149490.74,0.3370270827876871,2.101966364795975,0.2384964051842228,0.38392268721066747,0.017868504873491703,0.3370270827876871,0.021552632870669518,9.297530177084228,43.709777643473515,3.7682431616335315,0.0,2.4359055851524123,0.0,0.2517731327362208,1.7522817199913647,0.013388699426062916,41.40355263346938,0.23154071765843992,7.123698714023271,-0.7758528550393857,-0.23335911639185308,4.328829072557551,0.3225231201909719,5.448081873287387,28.26655674635889,1.5701901756619538,-0.15660817477864677,0.21243973055741763,Metal Fabrication,Industrials,TPCS
2021Q3,2021,Q3,2021-02-11,2020-12-31,-48172.0,3569718.0,-10917.0,-0.001633,705444.0,0.19761897158262923,15625088.0,9694075.0,9383857.0,5213454.0,5931013.0,1198484.0,758128.0,40413166.940000005,42963958.940000005,0.32862761707632704,1.7999309095275415,0.24358979610226836,0.39262250395215637,-0.0006323454196064865,0.32862761707632704,-0.004969220890079765,11.321109101615312,-209.73369872540067,4.168852308239828,0.0,2.3899142583463777,0.0,0.228460665309533,1.48526274519733,-0.003082990636596735,194.46422802644625,0.19761897158262923,-1.1633,-4.717545183827483,-0.057016662401156,10.120115868601772,-0.3750828269227362,-1.1779113914700625,-1.0252215578822856,0.9319180757758916,-0.04232141336909276,0.141171047136913,Metal Fabrication,Industrials,TPCS
2021Q2,2021,Q2,2020-11-12,2020-09-30,270764.0,4713933.0,432844.0,0.01,1128860.0,0.2394730684547277,16077234.0,9735800.0,9827223.0,2770080.0,6341434.0,1091156.0,806300.0,35317954.8,38056475.8,0.3307937865077057,3.5476314763472536,0.23823339263457882,0.39340721871854395,0.02261175294128172,0.3307937865077057,0.027811171141560016,7.492247938186647,32.609537087648285,3.6276376671665402,0.0,3.28557328191386,0.0,0.29320547303099526,3.050728859816323,0.01684145419541695,-51.68710630569454,0.2394730684547277,2.0,-0.056434708885754054,0.01914899651446468,9.943704422609738,0.619565747603348,3.3294733038525735,5.492506331216009,-0.2797677996860177,0.006060882239314293,0.06951529828255043,Metal Fabrication,Industrials,TPCS
2021Q1,2021,Q1,2020-08-13,2020-06-30,-116234.0,3282525.0,-96348.0,-0.01,697014.0,0.21234080471588182,15861969.0,9408624.0,9632368.0,3222098.0,6453345.0,1297447.0,535536.0,35231905.199999996,37282364.199999996,0.3204580829764494,2.9894708354618635,0.2428764045623844,0.40946455082060884,-0.005498210543456932,0.3204580829764494,-0.012353985024802778,10.733171933191672,-75.77796772028837,3.7446395137057236,0.0,1.9927681053638415,0.0,0.2069430976696525,2.4567939895062163,-0.007327841833507555,-85.72010286829305,0.21234080471588182,-7.127450980392157,-1.4770846562619904,-0.36452084374539506,14.647845089411799,-0.46460511771921753,-3.399298173186087,-1.578882226414641,-1.2688201035281592,-0.44726236571704314,0.08739937225836243,Metal Fabrication,Industrials,TPCS
2020Q4,2020,Q4,2020-06-11,2020-03-31,48445.0,4931668.0,166438.0,0.001632,1301869.0,0.2639814764497529,14580482.0,9469455.0,8249541.0,2654467.0,5111027.0,1217613.0,651770.0,37158886.82,38794419.82,0.32364284506841423,3.1077956516317586,0.17601537452602734,0.27101760344180315,0.007389278652178782,0.32364284506841423,0.005115922722057394,7.5347502751604525,191.7581113634018,3.924078716251358,0.0,2.9810777315945214,0.0,0.3382376522257632,2.4207409623099476,0.0033225924904265853,591.9659532912764,0.2639814764497529,1.1632,1.0572943761333187,0.06887374725180676,26.896610955234276,3.1419376801542405,1.151499515276605,1.4777744925522662,-0.9849455468434771,-0.03758112748775602,0.14330717227994372,Metal Fabrication,Industrials,TPCS
2020Q3,2020,Q3,2020-02-13,2019-12-31,-319770.0,3667276.0,-348361.0,-0.01,314314.0,0.08570775692912123,15339934.0,9409832.0,8828786.0,3448154.0,5930102.0,1512082.0,603325.0,51195539.5,52876600.5,0.321653139332578,2.560438425893971,0.23790623871002314,0.3878354045003141,-0.02043086586996182,0.321653139332578,-0.03398254081475631,13.960099948844865,-40.025283406823654,5.440643307978293,0.0,2.217447201937461,0.0,0.2390672606544461,1.8915387769803784,-0.020845591643353877,-145.39437257714098,0.08570775692912123,0.0,0.7148650873774841,-0.11914049302800556,7.4676129395411985,-0.23990249517554255,-0.0987866854969229,-0.06386338025158116,-1.310215539454621,-0.33637291080479526,0.8855866358053125,Metal Fabrication,Industrials,TPCS
2020Q2,2020,Q2,2019-11-13,2019-09-30,-291021.0,3074076.0,-327449.0,-0.01,413518.0,0.13451781933823367,16017262.0,9709176.0,9493172.0,3313251.0,6308086.0,1902965.0,923095.0,47099896.34,48394107.34,0.3318855151433652,2.865213652693382,0.2402859489967761,0.39640058023461516,-0.017633624041776055,0.3318855151433652,-0.02997381034188689,15.321643427163155,-40.460908611406055,4.851070403914813,0.0,1.398111893807821,0.0,0.19192268940846444,2.1037868848451264,-0.018169210193352648,-61.42516655907458,0.13451781933823367,-2.0,0.6217247698073922,-0.4328405497875079,3.490165751220862,-0.6272937113170696,-2.3181672003877214,-1.8895943361370107,-1.4977669914479914,-0.21467634794023632,2.308220622501467,Metal Fabrication,Industrials,TPCS
2020Q1,2020,Q1,2019-08-13,2019-06-30,220777.0,4334268.0,368088.0,0.01,1109501.0,0.25598347864045323,15491929.0,9969731.0,8891664.0,2317086.0,5522198.0,1201798.0,1214116.0,40954893.0,41467496.0,0.34080478247129103,3.8374337422089644,0.2609717614894827,0.40552307780420555,0.01864793122961092,0.34080478247129103,0.022144729882882498,9.449091057590348,46.37586003070972,4.107923573865734,0.0,2.683285377409515,0.0,0.27977587555429667,3.1375727961758866,0.01425109810405147,24.189636495939933,0.25598347864045323,-0.5,1.1425620317459533,-0.4290170768774426,2.494421224940852,-0.24292705494454506,-0.589293354714131,-0.557722623808059,-0.5369006743114756,-0.12838595976918654,3.263629970776358,Metal Fabrication,Industrials,TPCS
2019Q4,2019,Q4,2019-06-27,2019-03-31,537554.0,4712154.0,832256.0,0.02,1465514.0,0.31100723787889784,16047483.0,9711308.0,9176295.0,2925633.0,6336175.0,1240315.0,993339.0,29009630.0,31205631.0,0.33476152574162443,3.1365160975419677,0.2637576871089379,0.43584726176947536,0.040933975223578736,0.33476152574162443,0.055353408624255356,6.1563416645551055,13.491495738102591,2.987201106174369,0.0,2.617593111427339,0.0,0.2936381985885263,2.5423287883340118,0.033497714252135366,79.11839546611175,0.31100723787889784,1.0,1.0960287522997378,-0.04461998992337773,1.0117312884335996,0.5089257951257684,1.4655952151617726,1.4517995445533471,-0.42819494919049667,-0.08833950257940851,4.293007719113971,Metal Fabrication,Industrials,TPCS
2019Q3,2019,Q3,2019-02-13,2018-12-31,218022.0,4270396.0,339447.0,0.01,971230.0,0.22743324038332743,19765311.0,9149223.0,12399976.0,7004658.0,10616088.0,1980838.0,455785.0,28281388.8,30861952.8,0.31703671285053725,1.7702471698118596,0.2235476588251002,0.48293598265120435,0.02158345218059956,0.31703671285053725,0.023829564543349748,6.622661879600861,32.42951261799268,3.091124656159326,0.0,1.6655405439516002,0.0,0.21605508762295722,1.4211149209568832,0.011030537288282486,44.925108058005826,0.22743324038332743,0.0,1.2021106484599968,-0.41953912286499767,-0.14861806243149644,-0.1131129577207561,0.2064410812605484,-0.013416147624126977,16.198459910116586,0.15309720763357304,9.727902337799485,Metal Fabrication,Industrials,TPCS
2019Q2,2019,Q2,2018-11-13,2018-09-30,180715.0,3621185.0,344063.0,0.01,1095100.0,0.30241481724904967,17733376.0,8920974.0,10326583.0,5004915.0,8812402.0,2119496.0,237763.0,23059674.400000002,26257843.400000002,0.3094917593459169,2.0632883875150725,0.259364432356253,0.5155722906489807,0.01781860698303664,0.3094917593459169,0.020257317194288426,6.367991251482596,31.900609246603768,2.5848830407980117,0.0,1.1918328697010987,0.0,0.2042016703418458,1.553766847189213,0.010190670969814209,-44.35363075946567,0.30241481724904967,0.0,1.152832104110388,-0.5174659426762349,-0.24580384890189133,0.040451334126347716,0.09933996410864739,0.068322884937232,-0.3569772264149169,-0.20061479711122998,9.238966007411028,Metal Fabrication,Industrials,TPCS
2019Q1,2019,Q1,2018-08-13,2018-06-30,164385.0,4098823.0,322059.0,0.01,1052524.0,0.2567868873576634,15990614.0,8669180.0,8444043.0,3322825.0,7321434.0,1025211.0,57048.0,19888969.169999998,22555316.169999998,0.30075637147764755,2.541224109003634,0.29877526904220186,0.5511017189630392,0.01716166457176305,0.30075637147764755,0.018962001019704286,4.852361072922641,30.24754261337713,2.294215735513624,0.0,2.9713873534326103,0.0,0.25632680521210754,0.8509810176581674,0.010280093059591083,-50.786138597933714,0.2567868873576634,2.0,1.0799301148886074,-0.6001174307918404,-0.3265320931305489,1.7700770077007701,1.4476654729646927,1.8201793367951125,-0.31274778143483034,-0.19175294431233897,13.685818085236683,Metal Fabrication,Industrials,TPCS
2018Q4,2018,Q4,2018-06-28,2018-03-31,-367205.0,4668420.0,-392669.0,-0.01,379962.0,0.08138984924235608,14278619.0,8012496.0,7023013.0,2080849.0,6266123.0,202737.0,-576617.0,15565280.22,17827798.22,0.27797429785045014,3.3750709446000164,0.34678619830111024,0.6179882024278077,-0.022746436264776754,0.27797429785045014,-0.04582904003945837,3.3341644967676434,-10.597132541768223,1.9426256462405724,0.0,21.15281374391453,0.0,0.3269517871441209,3.0611236086808797,-0.025717122923442387,-160.08063249480634,0.08138984924235608,0.5,0.7812559096022537,-0.6884664420975095,-0.47287209113522516,-0.10121560918838748,0.46888952850123883,-1.2629610419548178,0.559173787078153,0.027065851194625637,22.960180059130323,Metal Fabrication,Industrials,TPCS
2018Q3,2018,Q3,2018-02-13,2017-12-31,-691391.0,3642294.0,-173520.0,-0.02,422751.0,0.11606723674695124,15079810.0,8300734.0,7779922.0,2407730.0,6779076.0,207292.0,-209412.0,18447739.52,20598820.52,0.2879740227381528,3.2312269232845874,0.3396667464643122,0.6170671171971057,-0.03211613793178312,0.2879740227381528,-0.08329275459254568,5.064868327488115,-6.670516220199569,2.222422682138712,0.0,15.531438743415086,0.0,0.24153447556699986,2.93340656967351,-0.04584878721946762,29.501939082625146,0.11606723674695124,-3.0,0.16060595063445612,-0.6692931944894742,-0.5132202023937444,-0.7049890404821769,-2.8778307703171766,-1.2434821654084698,0.3742983602553732,-0.1120900156703701,6.581000347918383,Metal Fabrication,Industrials,TPCS
2018Q2,2018,Q2,2017-11-13,2017-09-30,368186.0,4588894.0,712660.0,0.01,1433001.0,0.31227589916001547,16428292.0,8915250.0,8626197.0,2958900.0,7513042.0,200787.0,481979.0,19888969.169999998,22687713.169999998,0.3092931789184326,2.91533914630437,0.32190625781426335,0.593182468242618,0.03010184193065036,0.3092931789184326,0.04129844928633521,4.334153103122452,13.504702222517965,2.2308930394548665,0.0,15.717616180330399,0.0,0.2793287336261128,2.662738517692386,0.02241170293296467,-31.70779674392355,0.31227589916001547,0.0,6.304774743256665,-0.6315490605197518,-0.5042740381036472,-0.1767139476509936,-0.13266368591902983,-0.13177913034155755,1.4857152483396683,-0.14073031546565432,3.184508138192954,Metal Fabrication,Industrials,TPCS
2018Q1,2018,Q1,2017-08-14,2017-06-30,424502.0,5830386.0,820828.0,0.01,1740587.0,0.2985371809002011,16662307.0,8494647.0,8555171.0,2911937.0,8167660.0,151519.0,113793.0,19024231.380000003,21143191.380000003,0.2947013683766498,2.9379656908786145,0.32715601747105005,0.641718720036277,0.0350852250088503,0.2947013683766498,0.04997288292262174,3.2629454344875284,11.203852620246783,2.2395552610956053,0.0,26.99198780350979,0.0,0.3499146906847893,2.7278546891639484,0.02547678421721554,52.72279956212674,0.2985371809002011,-0.9090909090909092,1.3836212301097925,-0.47931294559330506,-0.5305786769080105,0.6813464395489329,-0.8629175022362587,1.9200257556838596,1.2781918261043723,-0.22049439483926053,2.0217026568904672,Metal Fabrication,Industrials,TPCS
2017Q4,2017,Q4,2017-06-29,2017-03-31,3096690.0,4931096.0,281103.0,0.11,1035234.0,0.20993994032969546,16003249.0,7970321.0,7597937.0,2619035.0,8032928.0,141792.0,-310709.0,21117086.25,23643132.25,0.2830760209638297,2.9010444686688035,0.349441666501596,0.7016282029293425,0.29066594553479186,0.2830760209638297,0.38852763897464104,4.2824325971345925,1.7048111249430844,2.649464965087353,0.0,27.47589426765967,0.0,0.30813093016299375,2.6857407403872036,0.19350383162819,-40.82150354821062,0.20993994032969546,2.666666666666667,2.547745020689192,-0.4858798100920135,-0.5849136536912583,-0.49547270831901724,2.121367531705665,-0.769414387699607,1.5699626266944127,0.03007676620291227,0.7011300420997372,Metal Fabrication,Industrials,TPCS
2017Q3,2017,Q3,2017-02-14,2016-12-31,992094.0,5318610.0,1219083.0,0.03,2051889.0,0.38579422067043834,13660802.0,4803016.0,8104742.0,3109068.0,8857786.0,124394.0,-3407399.0,14641179.8,16584519.8,0.17058518194005104,2.606807570628883,0.4200421761474912,1.1946895450691815,0.11329782973974932,0.17058518194005104,0.20655646368864897,2.7528207181951676,3.6894638512076483,3.0483304240502216,0.0,26.261081724198917,0.0,0.38933365698441424,2.4498740458555424,0.07262340820107048,100.71734551383032,0.38579422067043834,0.4999999999999999,1.523856051226649,-0.7031493788736047,-0.7789390926583183,0.3924176990477845,0.8167491329141044,0.6608058787707876,1.9426351400806101,-0.25902274656315105,-0.5419043384131207,Metal Fabrication,Industrials,TPCS
2017Q2,2017,Q2,2016-11-14,2016-09-30,546082.0,3656163.0,734031.0,0.02,1473616.0,0.4030498640241149,11839322.0,2741243.0,6402337.0,4031551.0,9098079.0,125590.0,-4399493.0,13662296.5,15794755.5,0.1003214576700191,1.5880580451543338,0.41985402542476674,1.8133332214619426,0.09321609662624786,0.1003214576700191,0.19920962862467867,3.736785394961877,6.254690916382521,4.983978618458852,0.0,17.37835018711681,0.0,0.3088152345210308,1.4629605330553923,0.04612443178756351,-188.53388485634642,0.4030498640241149,0.0,4.753517573626251,-0.6902307811371644,-0.8831216703451784,-0.0402353013202483,0.22631556490748997,0.13413780582959295,1.4871780734991862,-0.4860601541830906,-0.7555280392370213,Metal Fabrication,Industrials,TPCS
2017Q1,2017,Q1,2016-06-30,2016-06-30,445303.0,4644805.0,647215.0,0.02,1535393.0,0.33056134757002714,11996264.0,2184137.0,6549960.0,4612875.0,9812127.0,139915.0,-4945575.0,9563607.549999999,11765389.549999999,0.07993301126205246,1.419930086984798,0.4218029879969297,2.3167319632422325,0.08748538454392239,0.07993301126205246,0.20388052580950736,2.058990108303793,5.369157377111764,4.378666516798168,0.0,22.223578601293642,0.0,0.38718762774810556,1.2722261062786224,0.03712014007027521,6.898333086885487,0.33056134757002714,-0.3333333333333333,-0.33894967127062275,-0.7133695640815577,-0.9131339298716395,-0.11334703491941031,-0.4971134756418451,-0.21940373572749233,1.2284090745520135,-0.5219753665100817,-0.8210102166084032,Metal Fabrication,Industrials,TPCS
2016Q4,2016,Q4,2016-06-28,2016-03-31,885494.0,4868530.0,829129.0,0.03,1731673.0,0.35568703489554343,12131831.0,1728171.0,6409691.0,5899541.0,10403660.0,128595.0,-5390878.0,6284656.390000001,9688348.39,0.06324599235567754,1.0864728289878822,0.39036630167367153,2.740387380646938,0.1283794887321489,0.06324599235567754,0.5123879523496228,1.2908735059658667,1.7743362433850485,3.6365940581111476,0.0,24.393304560830515,0.0,0.4013021612318866,0.9747009131727367,0.07298931216565743,9.738127496645316,0.35568703489554343,67.80733944954127,1.7415352948743212,-0.6587524791895595,-0.9293885460126308,0.6158791034469888,72.77272348579521,1.732431452675982,1.5564457729355476,-0.6572777924645872,-0.8800654306807099,Metal Fabrication,Industrials,TPCS
2016Q3,2016,Q3,2016-02-16,2015-12-31,12003.0,3506560.0,303440.0,0.000436,1071660.0,0.30561576017521447,11047685.0,807511.0,5820961.0,5378317.0,10240174.0,148550.0,-6276372.0,4918426.74,9071461.74,0.029552535329620464,1.0823015824467022,0.4498079009312811,6.153892640471771,0.052526923423798486,0.029552535329620464,0.014864193800455968,1.4026358425351342,102.44161334666333,6.090847976064722,0.0,16.391114102995623,0.0,0.3174022430943677,0.814543471498612,0.0010864719622255704,-8.277058382024288,0.30561576017521447,-0.9563999999999999,-0.9924326202791675,-0.8104550218775943,-0.9685067509604494,-0.23863667042259123,-0.952856570544292,-0.3900899669558366,1.0153723920590616,-0.6641395309306354,-0.95004557345235,Metal Fabrication,Industrials,TPCS
2016Q2,2016,Q2,2015-11-16,2015-09-30,254606.0,4103887.0,497516.0,0.01,1407554.0,0.34298069123248276,10583825.0,789327.0,5334694.0,6949030.0,9794498.0,150633.0,-6288375.0,3917014.9499999997,7486343.949999999,0.03022685680584395,0.7676890155892261,0.49263305090550913,6.605553845237779,0.08287418071720591,0.03022685680584395,0.3225608651420767,0.954464620980061,3.8461534194009563,4.962474297724517,0.0,17.90001526889858,0.0,0.38775083677214994,0.5665679958209995,0.024056142273705394,9.471042826262519,0.34298069123248276,0.0,-0.8378310069962495,-0.7331500058324406,-0.9687907868282111,0.09720086151322943,0.23384912115763917,0.03941067832161988,5.049184112096792,-0.6362807808248263,-0.951553287668423,Metal Fabrication,Industrials,TPCS
2016Q1,2016,Q1,2015-08-14,2015-06-30,206351.0,4374975.0,478652.0,0.01,1282859.0,0.2932265898662278,10972672.0,509261.0,5515172.0,7384377.0,10463411.0,135771.0,-6542981.0,2238031.71,6283832.71,0.020479374709127782,0.7468703182407941,0.502207757599972,10.820700976513026,0.07951265004181186,0.020479374709127782,0.4051969422359065,0.5115530283030189,2.7114379261549493,4.394665426961812,0.0,22.77449528986308,0.0,0.3987155544246652,0.5534506160777003,0.0188059025185479,6.18738187327382,0.2932265898662278,1.3460207612456747,-0.855868484164448,-0.5931257341104097,-0.9774505504255899,0.45757899401224816,1.2871473816627332,2.170060843398528,1.216156812926474,-0.5471081500913788,-0.9673789937759343,Metal Fabrication,Industrials,TPCS
2015Q4,2015,Q4,2015-06-29,2015-03-31,-718624.0,3921319.0,-409083.0,-0.0289,880130.0,0.22444743720161506,11326225.0,288495.0,5670694.0,7725175.0,11037730.0,134812.0,-6749332.0,2735372.09,7206793.09,0.011601511222555465,0.7340537916616776,0.5127697886983528,20.13118424929375,-0.06639155705829745,0.011601511222555465,-2.490940917520234,0.6975642864046511,-0.9516005901556308,9.481523388620253,0.0,22.558741061626563,0.0,0.3462158839330845,0.5399142414249516,-0.06344779483013979,5.521620390276003,0.22444743720161506,0.2775,-1.6384433579579558,-0.5179335733160778,-0.9863322845125553,1.5781080653571031,0.24012866414724052,-0.12486491985932417,0.5933203835226529,-0.5370837998601722,-0.98298821324168,Metal Fabrication,Industrials,TPCS
2015Q3,2015,Q3,2014-12-31,2014-12-31,-945718.0,3510842.0,-363673.0,-0.04,341386.0,0.0972376427079316,14411487.0,937120.0,8425453.0,9687084.0,13474367.0,222441.0,-6030708.0,2960394.96,7866453.96,0.03798628274924505,0.8697615298886642,0.4291525225675879,6.599716151613454,-0.051064429082010476,0.03798628274924505,-1.009174918900461,0.8432150919921774,-0.782578675672875,3.1590350862216154,0.0,14.24852432779928,0.0,0.24361413919326994,0.6747547559203575,-0.06562251348524965,-28.44782979704797,0.0972376427079316,-0.3333333333333334,-3.662040376062163,-0.6150944388679156,-0.9525392892092487,-0.606568977141112,-0.45770920356983213,-0.062063950517053566,0.4300652767029483,-0.776356942208536,-0.950773671923996,Metal Fabrication,Industrials,TPCS
2015Q2,2015,Q2,2014-11-14,2014-09-30,-648770.0,4570711.0,-342421.0,-0.03,867715.0,0.1898424555829498,14817340.0,1823452.0,8411867.0,11970393.0,12993888.0,198536.0,-5084990.0,7400987.399999999,11885067.399999999,0.07391386722263572,0.7027227092711158,0.35993936833466733,2.9248611973334095,-0.03872535362190784,0.07391386722263572,-0.3557922007269728,1.619220160714602,-2.851930345114601,4.058778295233436,0.0,18.65150904621832,0.0,0.3084704137179818,0.5697381865407426,-0.04378451192994154,18.98604301560752,0.1898424555829498,0.4000000000000001,-1.277120537805594,-0.8294407403946022,-0.9081499418400991,2.9759668255131966,0.48958711132125793,0.6916606710471458,-3.9392003516058267,-0.571074599635219,-0.9138875217730049,Metal Fabrication,Industrials,TPCS
2015Q1,2015,Q1,2014-07-15,2014-06-30,-1271069.0,6230341.0,-1110533.0,-0.05,218240.0,0.03502858029761132,17230508.0,2341679.0,10502226.0,13862455.0,14888829.0,242179.0,-4436220.0,15126466.32,19859315.32,0.09752824875228361,0.7576021707554687,0.3261503955658185,2.399875046921461,-0.13948938229078847,0.09752824875228361,-0.5428024080157869,2.427871334811369,-2.975146573474768,6.459666897128086,0.0,24.825030246222834,0.0,0.36158777210747356,0.6356524151025197,-0.07376851570481846,-9.385358225337205,0.03502858029761132,0.736842105263158,-4.9019906725594655,0.0873484756142393,-0.8631442673278031,1.0822932609949023,0.6896149480749846,0.7275546542733273,-3.1473596983121106,-0.562454318357314,-0.8940125542394771,Metal Fabrication,Industrials,TPCS
2014Q4,2014,Q4,2014-03-31,2014-03-31,-4095136.0,3608202.0,-4076168.0,-0.19,-2651979.0,-0.7349862895702625,16973508.0,3531468.0,10378901.0,12412873.0,13442040.0,293326.0,-3165151.0,22707717.62,25828858.62,0.1664046921506504,0.8361401103515681,0.24790644338224013,1.191527715952686,-0.503163474106789,0.1664046921506504,-1.159612942832839,6.293360964824032,-1.386261507554328,6.4301071452438485,0.0,21.342059687855834,0.0,0.21257844872138393,0.6955065116673634,-0.24126633103775602,-13.918912572965175,-0.7349862895702625,-3.75,-4.091899601543969,-0.4467066908345409,-0.7704346007578756,-4.432222770105258,-4.404835814591912,-5.162193868295338,-17.324524593307018,-0.6743684384388164,-0.814216255838016,Metal Fabrication,Industrials,TPCS
2014Q3,2014,Q3,2013-12-31,2013-12-31,-757680.0,5167374.0,-661480.0,-0.04,772671.0,0.14952875483756353,18852141.0,7548045.0,12158721.0,11007509.0,11304096.0,352377.0,929985.0,23512962.2,25004108.2,0.37237895104513885,1.1045842433560582,0.27784950261087055,0.6939622114070597,-0.051734293083670606,0.37237895104513885,-0.10038095957297552,4.550272962630535,-7.758209996304508,3.1151062559907894,0.0,12.471594343558177,0.0,0.27410011414618635,0.8971647445393867,-0.04019066057271691,9.639750865766878,0.14952875483756353,0.0,-1.5130565611314895,-0.585582551685707,-0.44013362781506826,0.062423687423687424,0.07449888233354099,0.12643040615941312,-1.6439407213080492,-0.623465088512624,-0.6031669394335575,Metal Fabrication,Industrials,TPCS
2014Q2,2014,Q2,2013-11-14,2013-09-30,-818670.0,5195795.0,-757215.0,-0.04,727272.0,0.13997318985833737,18567217.0,8189497.0,11659935.0,10078423.0,10377720.0,355168.0,1687665.0,11974122.6,15903855.6,0.41035977032672105,1.1569205817219619,0.2941614244073304,0.6669224007286406,-0.05546852245683474,0.41035977032672105,-0.09996584649826479,2.304579491685103,-3.656577925171314,1.4621316303064766,0.0,12.581434701324444,0.0,0.27983703750540534,0.958543712642345,-0.04409222986945217,-57.419655025247316,0.13997318985833737,0.4285714285714286,-1.4469544941421106,-0.48357951606211613,0.336483026669066,0.7305987250233793,0.4250529354135283,0.43903309950297775,-1.682306615339491,-0.5579256355259226,-0.5763037608734444,Metal Fabrication,Industrials,TPCS
2014Q1,2014,Q1,2013-08-16,2013-06-30,-1423905.0,7096692.0,-1349839.0,-0.07,420243.0,0.059216744928482175,19050368.0,8912312.0,11941910.0,9851843.0,10138056.0,366866.0,2506335.0,13969809.7,17668009.7,0.44657862447474855,1.2121498485105782,0.3224593351687485,0.6892677231227992,-0.08965883798515617,0.44657862447474855,-0.15976830703413436,1.9684959837625755,-2.452728535260428,1.5674731427714828,0.0,18.19860384990705,0.0,0.3725225675430522,1.0031507810264537,-0.07474422541338833,-30.27142745701377,0.059216744928482175,-0.16666666666666682,-1.5867740927771088,-0.6057375851012239,-0.013976761330598206,-0.7422870329430422,-0.2768604712682743,-3.327627664212983,-2.239266378650765,-0.17762124992961634,-0.5082807792410546,Metal Fabrication,Industrials,TPCS
2013Q4,2013,Q4,2013-03-31,2013-03-31,-1115161.0,9954751.0,-311912.0,-0.06,1630663.0,0.1638075126138263,21567349.0,10097576.0,14267101.0,11182900.0,11469773.0,354516.0,3930240.0,19914152.96,23154363.96,0.5273374700442193,1.2757961709395595,0.2928309362453401,0.6254557529450633,-0.05201130156964373,0.5273374700442193,-0.11043848543452409,2.000467210078886,-4.46441208040812,1.9721716340634623,0.0,23.480147581491387,0.0,0.4615658141387706,1.0800718954832824,-0.05170598389259617,23.133907002733437,0.1638075126138263,-1.0,-1.8826662058147616,-0.27520798612772945,0.6387985225253605,-0.13451677638265766,-1.0443401950917253,0.23868753706953574,-2.286629353698016,0.5892797173697865,-0.3787448576164302,Metal Fabrication,Industrials,TPCS
2013Q3,2013,Q3,2013-02-19,2012-12-31,-545487.0,7293877.0,-409703.0,-0.03,1884107.0,0.2583135141982789,22424798.0,11293031.0,15014330.0,5952816.0,11131767.0,474254.0,5045402.0,23098039.689999998,27200463.689999998,0.59158992249528,2.522223095758377,0.27273579008381704,0.5415769247423478,-0.025559163812659685,0.59158992249528,-0.04830297552534833,3.1667712096049874,-10.585971659269607,2.0453357198789233,0.0,11.406904317095902,0.0,0.32525942931570667,1.987866750794918,-0.02432516894912498,91.66907311129808,0.2583135141982789,-11.45902665482008,-1.2311582220485868,-0.5570989251558957,0.9760633590049381,-0.02799163212294898,-11.116548200799645,-29.678636427271453,-2.9843398099229734,0.03342745011123995,-0.26085744152395457,Metal Fabrication,Industrials,TPCS
2013Q2,2013,Q2,2012-11-21,2012-09-30,-45020.0,8078552.0,14286.0,-0.0024078927536762083,1938365.0,0.23993965750297824,23618913.0,11665330.0,15938091.0,6535583.0,11953583.0,578047.0,5590888.0,16640192.94,20999112.939999998,0.623919670729491,2.4386640028900253,0.2751047857282848,0.5570074742849109,0.0006282637676837937,0.623919670729491,-0.0038592993082921787,2.0597989515942956,-92.4044476899156,1.4264656842112482,0.0,10.622297148847759,0.0,0.3420374172172953,1.2273159104551192,-0.0019060995736764007,-8.698130258217521,0.23993965750297824,0.9398026811580948,-1.0402548561877556,-0.31828598186780344,3.669640191092465,0.7534814254621245,0.9362468332292494,1.0159624748875387,-1.025373682645313,-0.6022363210627716,-0.2246778554963776,Metal Fabrication,Industrials,TPCS
2013Q1,2013,Q1,2012-07-16,2012-06-30,-706161.0,7145739.0,-894974.0,-0.04,1105438.0,0.15469890517971618,25970796.0,11548063.0,18379492.0,8806257.0,14422733.0,459807.0,5636016.0,11772529.28,14231466.28,0.6277971491271586,2.0870946646231197,0.26333463171479227,0.5922213967831661,-0.035310362352416996,0.6277971491271586,-0.06114973567428581,1.647489403125415,-4.167792217355532,1.0194375697465452,0.0,13.136600791201525,0.0,0.27514516690208496,1.2047529387343567,-0.027190579757355147,6.143540768534295,0.15469890517971618,0.4285714285714286,-1.5634330544473207,-0.40417458172579906,7.387987140006608,585.7505307855627,0.443146906305988,0.6843310056624551,-3.279965325121298,0.6278381118387699,-0.11904868679084163,Metal Fabrication,Industrials,TPCS
2012Q4,2012,Q4,2012-03-31,2012-03-31,-1268128.0,6079160.0,-2835166.0,-0.07,1884.0,0.0003099112377367926,24051257.0,12170324.0,16267177.0,6104639.0,11880933.0,373544.0,6342177.0,13384395.75,17696137.75,0.6819690011033931,2.664723827240235,0.2966675296846231,0.5862807760910884,-0.06465977262775983,0.6819690011033931,-0.10419837631274237,2.2016850601069886,-2.6386129298461984,1.0997567320311274,0.0,16.269237358918897,0.0,0.25275851486681133,1.5523350356998997,-0.05272605918268638,-55.820181877327684,0.0003099112377367926,0.0,-87.71254369632395,-0.3926530218918285,87.76777992294807,-0.9974538131985458,-0.10431309166876389,-1.3942322227054507,-2.1386030611080193,0.10856292721915287,-0.05918226231674611,Metal Fabrication,Industrials,TPCS
2012Q3,2012,Q3,2012-02-14,2011-12-31,-1148341.0,10864011.0,-1184165.0,-0.07,739930.0,0.06810836255596575,23849431.0,13174438.0,16158681.0,4754392.0,10674993.0,292403.0,7610305.0,15365448.9,19456724.9,0.7716659810700356,3.3986850474256225,0.30094411896032236,0.5447933338788341,-0.05383947006833169,0.7716659810700356,-0.08716432533972227,1.4143440116178085,-3.345140707333449,1.1663077316846457,0.0,34.62372479078532,0.0,0.4555249557106834,1.8150615262687637,-0.0481496183284205,-8.595199415107196,0.06810836255596575,-6.0,-3.339845899247861,0.15099917031018678,23.75007453513713,-0.6137057631677454,-12.034813503144226,-29.740764777653748,-1.9232023611047586,0.0344391447221662,0.16018865230606832,Metal Fabrication,Industrials,TPCS
2012Q2,2012,Q2,2011-11-14,2011-09-30,-88098.0,7147167.0,-38521.0,-0.01,1915457.0,0.2680022727886448,26525720.0,14202349.0,18653810.0,6169381.0,12323371.0,403577.0,8758645.0,18862758.06,21171433.06,0.8583409599221674,3.0236112828823507,0.28351852466210153,0.5295274042343278,-0.0014386273982537443,0.8583409599221674,-0.006203058381398739,2.639193691710296,-53.52777038071238,1.3281435387906604,0.0,12.963350240474556,0.0,0.2694429029636142,1.3413478596961348,-0.003321229357770496,-4.35899109426107,0.2680022727886448,-2.0,-1.6197672866187554,0.16322031326314507,13.160702011362137,-0.21074669447691582,-1.2309489043440875,-1.0554856960955044,-1.058011298768902,-0.14320388298731604,1.7954936301808124,Metal Fabrication,Industrials,TPCS
2012Q1,2012,Q1,2011-08-15,2011-06-30,381461.0,9176440.0,694251.0,0.01,2426923.0,0.26447325978266084,24096563.0,14238320.0,17257550.0,4740616.0,9858243.0,353203.0,8846744.0,25995132.24,25143328.24,0.9201868018656404,3.6403602401038175,0.2692454521418677,0.4556640109226369,0.020042957471869138,0.9201868018656404,0.026791152326959923,2.832812315015409,17.036559595869566,1.825716253041089,0.0,19.109455468951282,0.0,0.3808194554551203,3.3107929433643224,0.0158305149161729,25.348294461920705,0.26447325978266084,0.25,4.2656064275988985,0.4113127344305916,12.267806106400696,0.1242302229724534,1.0855918164272866,0.7327943811867597,-0.7972551836409659,-0.342473363734255,1.031726376567094,Metal Fabrication,Industrials,TPCS
2011Q4,2011,Q4,2011-03-31,2011-03-31,182903.0,8078996.0,400654.0,0.008,2158742.0,0.2672042417151834,22881955.0,13859278.0,17388702.0,3805256.0,9022677.0,723400.0,8465283.0,26304598.099999998,25352786.099999998,0.8956902709720549,4.56965365799305,0.28796438066590024,0.4754351561459407,0.01200105464124706,0.8956902709720549,0.01319715211715935,3.255924139583681,35.95430105028348,1.8979775209069332,0.0,8.183928670168648,0.0,0.3530728034383426,3.447618767305012,0.007993329241317012,-14.78364467229883,0.2672042417151834,-0.8,15.756981264107392,-0.06909481173441442,115.58658490947867,-0.2441469534326272,-0.7794026480896752,-0.7467878752640168,-0.8208464140305011,-0.27207582810154074,1.7835228408598727,Metal Fabrication,Industrials,TPCS
2011Q3,2011,Q3,2010-12-31,2010-12-31,829126.0,9670418.0,1582286.0,0.04,2856034.0,0.29533718190878616,22769245.0,13403161.0,17957456.0,4453521.0,9366084.0,193151.0,8282380.0,22853353.6,20209173.6,0.938376834111559,4.0321929547429995,0.27600076331033374,0.46886917198114686,0.0486689265712338,0.938376834111559,0.061860482016145295,2.3632229341068816,6.890796332523646,1.7050719304199957,0.0,35.280086564397806,0.0,0.4247140386077799,2.7037380086452942,0.03641429480863331,19.546898058854474,0.29533718190878616,0.0,1.0193411975444715,0.2246242275783372,28.66500460274462,0.10470002490960598,-0.03097374092479442,0.08084295977217598,-0.5304246716701624,-0.2152102143671468,2.134421342077039,Metal Fabrication,Industrials,TPCS
2011Q2,2011,Q2,2010-09-30,2010-09-30,855628.0,8381319.0,1463937.0,0.04,2585348.0,0.3084655291130191,21948917.0,13783462.0,17212665.0,2604599.0,8165455.0,231985.0,8639122.0,12381332.79,9518181.79,0.9685235138567017,6.608566232268384,0.2903894529283609,0.46241894815685636,0.0457711676886665,0.9685235138567017,0.0620764217291708,1.477253495541692,3.61761559638067,0.8982745256598088,0.0,24.984248981615192,0.0,0.3818556970259626,4.667012081322307,0.03898269787069676,-18.222929852215877,0.3084655291130191,0.0,5.998416524489769,0.5859614149332636,14.721733428725937,0.11639953691848703,0.0443122484200351,0.12797348223634988,0.0051201594772928485,-0.07081695411198173,6.248779832563117,Metal Fabrication,Industrials,TPCS
2011Q1,2011,Q1,2010-06-30,2010-06-30,819322.0,6153502.0,1297847.0,0.04,2315791.0,0.3763370841514312,20424781.0,12924432.0,16309138.0,2290020.0,7500349.0,285344.0,7783494.0,11384676.8,7813549.800000001,0.9081984303673865,7.121832123736911,0.29474269516035445,0.4657887480084231,0.04488879671044317,0.9081984303673865,0.0633932694295579,1.8501134475945569,3.473810296806384,0.8808647683704786,0.06758392915117621,13.449418946955253,0.004863818356266381,0.3012762780663352,5.426984043807478,0.040114114320246565,11.20993631275675,0.3763370841514312,0.2903225806451613,8.6264134531236,0.029019032430293114,12.121006950729315,0.23414465949774946,0.27194484505914,0.3580891170542944,-0.15500858614629098,-0.3367865738208028,11.134423937871098,Metal Fabrication,Industrials,TPCS
2010Q4,2010,Q4,2010-03-31,2010-03-31,644149.0,4655135.0,955642.0,0.031,1876434.0,0.40308906186394167,19424533.0,12079511.0,15224690.0,1931020.0,7345022.0,299403.0,6964172.0,14230846.0,11679934.0,0.8488259236309633,7.884273596337687,0.32038407306883515,0.5151956068420319,0.03946645285962143,0.8488259236309633,0.0533257513487094,3.057021117540093,5.523118874670302,1.1780978551201287,0.07043246205458675,9.280805469551073,0.003188074693521383,0.23965235097286508,5.938630879017307,0.03316162092545545,-15.662009064275352,0.40308906186394167,2.0999999999999996,57.50866720979623,-0.41678005413850394,109.48653627929774,0.8496346436481815,2.1468414290390188,38.19296230980601,57.50866720979623,-0.41678005413850394,109.48653627929774,Metal Fabrication,Industrials,TPCS
2010Q3,2010,Q3,2009-12-31,2009-12-31,204697.0,5255591.0,24383.0,0.01,1014489.0,0.1930304317820774,19915692.0,11376939.0,16446510.0,3480084.0,8538753.0,296343.0,6320023.0,12082360.7,8577459.7,0.8003732374915773,4.725894547372994,0.2947012837916955,0.515883929763533,-0.004035330111316754,0.8003732374915773,0.017992273668690672,2.298953761812896,14.756396893945684,1.062004525118751,0.23630536842259534,14.311463405580696,0.004003439493409595,0.263891960168896,3.262890493447859,0.010278176625748179,201.82341729863361,0.1930304317820774,-0.8333333333333333,-0.49904613125431047,-0.33123082657858977,24.59641510127658,-0.6165620531784497,-0.8450009616593243,-0.987669691552654,-0.49904613125431047,-0.33123082657858977,24.59641510127658,Metal Fabrication,Industrials,TPCS
2010Q2,2010,Q2,2009-09-30,2009-09-30,1320634.0,15117114.0,1977485.0,0.06,2645771.0,0.17501826076061872,20420532.0,11198899.0,16863949.0,3918358.0,9221633.0,303899.0,6115326.0,12524815.8,9043409.8,0.8047231401199529,4.303830584137539,0.29656039323559247,0.5407603908205619,0.08089214370972397,0.8047231401199529,0.11792534248232794,0.8285189752488471,2.3709854130667543,1.118397067426003,0.03549204397281912,41.037788870644526,0.0037423304860100216,0.7402899199687843,3.2075877191415385,0.06467187044882082,-21.23533985520761,0.17501826076061872,6.999999999999999,10.046293516248193,1.9252867286898714,12.401061775653512,3.6844221514796334,11.586668804360896,10.731813305249068,10.046293516248193,1.9252867286898714,12.401061775653512,Metal Fabrication,Industrials,TPCS
2010Q1,2010,Q1,2009-06-30,2009-06-30,-124745.0,3318911.0,-203198.0,-0.01,564802.0,0.17017690441232078,20360231.0,9910987.0,16726233.0,5781330.0,10449244.0,305161.0,4794692.0,6953756.5,2843320.5,0.712635465449502,2.8931462137605015,0.2599924824035641,0.5341049281973632,-0.005405227665781434,0.712635465449502,-0.012586536537682876,2.0951922181703577,-13.935942322337569,0.7016209889085719,-0.36381418092909534,9.025101503796357,0.006526544321763352,0.16300949630679534,1.9129674313695983,-0.006126895122162416,-8.11745921867011,0.17017690441232078,-1.161290322580645,-0.1881468511595999,-0.4320920972013089,9.726313214827076,-0.48724517818802454,-1.143721067415083,-1.5864147828772124,-0.1881468511595999,-0.4320920972013089,9.726313214827076,Metal Fabrication,Industrials,TPCS
2009Q4,2009,Q4,2009-03-31,2009-03-31,867966.0,4273613.0,346509.0,0.062,1101505.0,0.2577456124361284,21292317.0,10081116.0,17536938.0,6386748.0,11211201.0,351356.0,4919437.0,7231906.760000001,2218440.7600000007,0.7248683499343125,2.7458321511980746,0.2559266330667536,0.5405424359763343,0.08169215231946311,0.7248683499343125,0.08609820579388235,1.69222312829917,2.083004046241443,0.7173716441711414,0.0,9.028187934744247,0.0,0.20071150546932023,1.8603469246007514,0.040764281313301884,1.858581209892344,0.2577456124361284,0.5499999999999999,78.9134948135431,-0.4521312564260914,93.35172867970907,-0.5799747032667257,-0.14336640581744106,-0.833657049589554,78.9134948135431,-0.4521312564260914,93.35172867970907,Metal Fabrication,Industrials,TPCS
2009Q3,2009,Q3,2008-12-31,2008-12-31,1013229.0,8554978.0,2083100.0,0.04,2622473.0,0.306543511859411,22996881.0,9249902.0,19441336.0,8801323.0,13746979.0,347279.0,4051471.0,11821029.9,11449634.9,0.6651211245138632,2.208910637639364,0.24171308274369901,0.600941177538962,0.07243129560783047,0.6651211245138632,0.10953943079613168,1.3817720980696853,2.916672810391333,1.2779627178752813,0.0,17.082821017107282,0.0,0.3720060124675168,1.9909442023659398,0.044059409621678695,-3.7836340078732422,0.306543511859411,-0.5555555555555556,1.5344886428235116,0.11267944197850976,20.6089441918929,-0.47684467762527927,-0.5907964137151165,-0.5337573259591593,1.5344886428235116,0.11267944197850976,20.6089441918929,Metal Fabrication,Industrials,TPCS
2009Q2,2009,Q2,2008-09-30,2008-09-30,2476100.0,13601010.0,4467845.0,0.09,5012800.0,0.3685608642299359,21722010.0,8283548.0,18537106.0,8340197.0,13438462.0,307415.0,3038242.0,36420745.5,32414128.5,0.30704450571996117,2.222622079550399,0.2629932497038718,0.6896491696553216,0.18178457045765467,0.30704450571996117,0.2989178067176046,2.677797126831022,3.677228857881346,4.396756739986296,0.0,27.936860595611794,0.0,0.6261395699569239,1.5601570322619478,0.1139903719775472,5.785664348106226,0.3685608642299359,0.5,9.683561646976814,0.35763957161575793,5.350109004031457,0.482931701067144,0.575431890136515,0.6196335542583377,9.683561646976814,0.35763957161575793,5.350109004031457,Metal Fabrication,Industrials,TPCS
2009Q1,2009,Q1,2008-06-30,2008-06-30,1571696.0,11658134.0,2758553.0,0.06,3380331.0,0.28995472174191855,16834654.0,5854121.0,13524911.0,5729403.0,10980533.0,253090.0,562142.0,35545416.5,37637124.5,0.4529088229983182,2.3606143606934267,0.34842397117279633,1.0019603284592171,0.140344762357895,0.4529088229983182,0.26847685587639886,3.0489799225159016,5.653990418630575,6.071862282996884,0.02982446987203632,32.70695404796712,0.0013187354268306294,0.692508084811247,1.7758466283485381,0.09336075454832633,37.367257120930994,0.28995472174191855,0.8749999999999999,17.106978645589358,1.1463962926974072,6.545926969476738,0.31143541172905914,0.8429139619526472,0.3004288952247339,17.106978645589358,1.1463962926974072,6.545926969476738,Metal Fabrication,Industrials,TPCS
2008Q4,2008,Q4,2008-06-24,2008-03-31,852832.0,9271274.0,2121264.0,0.032,2577581.0,0.2780179940750322,16067991.0,4159240.0,12895318.0,6503770.0,11908751.0,195506.0,-1009554.0,39423098.3,42589235.3,0.32178297868587363,1.982745084773908,0.3745840410291492,1.4470944210961618,0.0890760440827469,0.32178297868587363,0.20504515247977995,4.252177025509115,11.556525288685226,9.478437959819582,0.0,34.23778809857498,0.0,0.5770026881394196,1.131960693566962,0.05307645492208703,35.01561305370415,0.2780179940750322,-0.36000000000000004,83.37056034490865,0.27884912220697744,40.88454400232739,-0.0009457287363164873,-0.3806728974677385,0.0209575881254452,83.37056034490865,0.27884912220697744,40.88454400232739,Metal Fabrication,Industrials,TPCS
2008Q3,2008,Q3,2007-12-31,2007-12-31,1377030.0,9609926.0,2077720.0,0.05,2580021.0,0.26847459595422485,16462297.0,3334863.0,13437419.0,7557570.0,13127434.0,188303.0,-1862386.0,41772393.75,46360845.75,0.29937801326025276,1.7780078781936521,0.37494305928267485,1.8508778321628205,0.1546604216909432,0.29937801326025276,0.41291951123629367,4.34679660904777,7.583784258512886,12.525969957386556,0.0,37.33294211988125,0.0,0.5837536523609068,0.8885504203070563,0.08364750071025932,-31.022114336341545,0.26847459595422485,0.6666666666666669,3.300356248968115,0.5604487341674589,9.82619200914842,0.7210672931834282,1.2902938231605698,1.10701594976554,3.300356248968115,0.5604487341674589,9.82619200914842,Metal Fabrication,Industrials,TPCS
2008Q2,2008,Q2,2007-09-30,2007-09-30,601246.0,6370834.0,986096.0,0.03,1499082.0,0.23530388642993993,13613752.0,1343008.0,11020082.0,6522239.0,12270744.0,189941.0,-3239417.0,56288719.199999996,59802130.199999996,0.1336119369367353,1.689616403201416,0.4646360533084487,4.709904929829159,0.0909080554900003,0.1336119369367353,0.4476860897328981,8.83537684391086,23.40502855736254,41.912422859729794,0.0,25.648764616380877,0.0,0.4679704757365934,1.4220687098402864,0.04416460649496186,31.723106714698574,0.23530388642993993,-0.25000000000000006,5.962766051900955,0.7068342152299643,2.8929714718448047,-0.10531410769065495,-0.12204688191324232,-0.1894550643440979,5.962766051900955,0.7068342152299643,2.8929714718448047,Metal Fabrication,Industrials,TPCS
2008Q1,2008,Q1,2007-06-30,2007-06-30,684827.0,6553112.0,1216584.0,0.04,1675540.0,0.25568615338788653,9855076.0,752265.0,7209126.0,3234882.0,9102811.0,196152.0,-3840662.0,56285600.0,61562887.0,0.07484479156302855,2.2285591870120767,0.6604263630234815,8.651940473104558,0.10606635891574158,0.07484479156302855,0.9103533994004772,8.589140548795747,20.54737911910599,74.8215057193941,0.0,24.866287368979158,0.0,0.6649478908128157,2.1193783884543547,0.06948977359484594,-2881.7120622568095,0.25568615338788653,96.23809523809523,10.025433073150658,0.5515654415480077,1.9164841287620629,0.9013823985329463,86.0611104210657,1.8454511009135688,10.025433073150658,0.5515654415480077,1.9164841287620629,Metal Fabrication,Industrials,TPCS
2007Q4,2007,Q4,2007-03-31,2007-03-31,-8051.0,5637395.0,427554.0,-0.00042,881222.0,0.15631723517688578,8565741.0,77218.0,5865969.0,2468083.0,8488523.0,183498.0,-4525489.0,56285600.0,61532856.0,0.007682618644910954,2.376730847382361,0.7811646417980651,86.65407029449092,0.06316846697452541,0.007682618644910954,-0.10426325468155094,9.984327867747426,-1747.7828841137746,728.9181278976404,0.0,25.919481411241538,0.0,0.6581327873443757,2.1928557507993047,-0.000939907008628909,99.23465744705985,0.15631723517688578,-1.042,0.0,0.0,0.0,-0.11800713823882072,-1.0279819686432343,-0.008289881427325528,0.0,0.0,0.0,Metal Fabrication,Industrials,TPCS
2007Q3,2007,Q3,2006-12-31,2006-12-31,287721.0,5533541.0,431128.0,0.01,999126.0,0.18055816338941014,8930989.0,-339498.0,6408114.0,3097313.0,9270487.0,176806.0,-3841627.0,,,,,,,,,,,,,,,,,,,,,,,,,,,,,,,Metal Fabrication,Industrials,TPCS
2007Q2,2007,Q2,2006-09-30,2006-09-30,85986.0,3716741.0,266565.0,0.01,874279.0,0.2352273133909519,8205454.0,-706467.0,5626595.0,5757553.0,8911921.0,191994.0,-4129346.0,,,,,,,,,,,,,,,,,,,,,,,,,,,,,,,Metal Fabrication,Industrials,TPCS
2007Q1,2007,Q1,2006-06-30,2006-06-30,-75428.0,4198530.0,107599.0,-0.01,788525.0,0.18780978104241247,8531930.0,-815954.0,6014636.0,6049699.0,9347884.0,221297.0,-4215333.0,,,,,,,,,,,,,,,,,,,,,,,,,,,,,,,Metal Fabrication,Industrials,TPCS
