Quarters,Year,Quarter,FillingDate,Date,NetIncome,Revenue,OperatingIncome,EPSDiluted,GrossProfit,GrossProfitRatio,TotalAssets,CommonStockEquity,CurrentAssets,CurrentLiability,TotalLiability,Inventory,RetainedEarnings,MarketCap,EnterpriseValue,bookValuePerShare,currentRatio,debtToAssets,debtToEquity,roic,shareholdersEquityPerShare,roe,priceToSalesRatio,peRatio,pbRatio,payoutRatio,inventoryTurnover,dividendYield,assetTurnover,quickRatio,returnOnAssets,priceToFreeCashFlowsRatio,grossProfitMargin,epsdilutedGrowth,fiveYNetIncomeGrowthPerShare,fiveYRevenueGrowthPerShare,fiveYShareholdersEquityGrowthPerShare,grossProfitGrowth,netIncomeGrowth,operatingIncomeGrowth,threeYNetIncomeGrowthPerShare,threeYRevenueGrowthPerShare,threeYShareholdersEquityGrowthPerShare,Industry,Sector,Symbol
2023Q1,2023,Q1,2023-05-09,2023-03-31,-17135000.0,90812000.0,-11076000.0,-0.55,29827000.0,0.3284477822,360923000.0,127885000.0,274430000.0,202260000.0,233038000.0,69722000.0,-141966000.0,244945050.0,269842050.0,4.119342889354163,1.3568179570849401,0.15450386924634896,0.43604801188567854,-0.06236406473285034,4.119342889354163,-0.13398756695468586,2.697276241025415,-3.573753282754596,1.915354029010439,0.0,0.8746880468144919,0.0,0.25161045430742845,0.9592554138237912,-0.04747550031447151,-15.521516380457513,0.3284477822314232,-0.10000000000000009,-85.67905647966548,-0.19300144197346258,-0.09124571148001097,-0.007685142058686539,-0.1769352290679305,0.029697766097240473,-0.35131401912174925,0.32298163263561624,-0.09076288988486576,Communication Equipment,Technology,DZSI
2022Q4,2022,Q4,2023-03-10,2022-12-31,-14559000.0,100177000.0,-11415000.0,-0.5,30058000.0,0.3000489134,385014000.0,142732000.0,295700000.0,209174000.0,242282000.0,78513000.0,-124831000.0,371181640.0,382895640.0,4.875892460629249,1.4136556168548673,0.12994332673617062,0.35051705293837404,-0.055147920629730084,4.875892460629249,-0.10200235406215845,3.7052580931750803,-6.3737488838519125,2.6005495614158,0.0,0.8930877689045126,0.0,0.26019053852587176,0.9982885062197022,-0.03781420935342611,-23.975044567885288,0.30004891342324086,-0.02040816326530614,-2.928123220738605,-0.1825964132708434,0.0913215807378369,-0.17716944976731452,-0.055305885763989565,-1.9595540575576873,-0.04368892245267083,-0.0566725425013043,-0.021050685908877823,Communication Equipment,Technology,DZSI
2022Q3,2022,Q3,2022-11-01,2022-09-30,-13796000.0,107394000.0,-3857000.0,-0.49,36530000.0,0.3401493566,346067000.0,110281000.0,260068000.0,176234000.0,235786000.0,84654000.0,-110272000.0,315292600.0,344763600.0,3.9524406852555374,1.4756970845580308,0.13677120326410783,0.4291945122006511,-0.03997868843993472,3.9524406852555374,-0.12509861172822154,2.935849302568114,-5.713478544505654,2.8589929362265485,0.0,0.8371016136272356,0.0,0.3103271909774697,0.9293552889907736,-0.0398651128249732,-42.856137012369174,0.34014935657485523,-1.2272727272727273,-6.789846613663497,-0.05093697171564405,-0.015330941103514333,0.46453914926031353,-1.2886529528865296,0.5398472918157957,-1.621673323957005,0.15075225680127075,-0.2611717926019754,Communication Equipment,Technology,DZSI
2022Q2,2022,Q2,2022-08-02,2022-06-30,-6028000.0,91080000.0,-8382000.0,-0.22,24943000.0,0.2738581467,311823000.0,124088000.0,224581000.0,124985000.0,187735000.0,69457000.0,-96476000.0,449979390.0,475378390.0,4.486676067541671,1.796863623634836,0.13637223681383348,0.3426922828960093,-0.03055286361259488,4.486676067541671,-0.04857842821223648,4.940485177865613,-18.662051675514267,3.626292550448069,0.0,0.952200642123904,0.0,0.29208878113545184,1.0940272832739928,-0.01933147971766034,-21.90533492357122,0.27385814668423364,-1.0,-3.4129961621957983,-0.10007179041167243,0.14087514144298205,-0.07015843429636533,-0.9776902887139107,-1.743698854337152,-2.644261928606445,-0.2849463339232373,-0.31940246801417893,Communication Equipment,Technology,DZSI
2022Q1,2022,Q1,2022-05-03,2022-03-31,-3048000.0,77040000.0,-3055000.0,-0.11,26825000.0,0.3481957425,256305000.0,130949000.0,213408000.0,91636000.0,125356000.0,66459000.0,-90448000.0,381841100.0,362637100.0,4.756592807845986,2.3288663843904143,0.0583523536411697,0.11421240330204889,-0.01321302205415122,4.756592807845986,-0.023276237313763375,4.95640057113188,-31.318987860892385,2.915952775508022,0.0,0.755578627424427,0.0,0.3005793878387078,1.3921057226417566,-0.011892081699537661,-31.6906880239024,0.3481957424714434,-0.3157894736842106,0.5160662347531494,-0.1205053777267683,0.1833858973265112,-0.184551313229572,-0.33508541392904073,-1.8208679593721144,-0.1215529113095405,-0.3732689045503862,0.04812813020355966,Communication Equipment,Technology,DZSI
2021Q4,2021,Q4,2022-03-09,2021-12-31,-2283000.0,98063000.0,-1083000.0,-0.0836,32896000.0,0.3354578179,257668000.0,131907000.0,214976000.0,90478000.0,125761000.0,56893000.0,-86999000.0,443016859.99999994,412550859.99999994,4.829458499615567,2.3760030062556643,0.06287160221680613,0.12281380063226364,-0.013655157303307117,4.829458499615567,-0.01730764857058382,4.517675983806328,-48.512577748576426,3.3585545877019416,0.0,1.1454308965953632,0.0,0.3805788844559666,1.6090651871173103,-0.0088602387568499,-643.9198546511627,0.3354578179333694,0.6200000000000001,0.7988665136541467,0.030555419283016083,0.19005322698346164,0.021646634988664246,0.6127883310719131,0.8228365777850483,-1.5008075920526072,-0.2030598483160975,0.03637119371208884,Communication Equipment,Technology,DZSI
2021Q3,2021,Q3,2021-11-03,2021-09-30,-5896000.0,88412000.0,-6113000.0,-0.22,32199000.0,0.36419264353255215,263962000.0,127748000.0,220238000.0,98458000.0,136214000.0,58270000.0,-84716000.0,333484260.0,304791260.0,4.6964449836403075,2.236872575108168,0.06369098582371704,0.1316028430973479,-0.04278713290241163,4.6964449836403075,-0.046153364436233836,3.771934352802787,-14.140275610583446,2.610485173936187,0.0,0.9646988158572164,0.0,0.33494215076412515,1.4846736679599424,-0.022336548442578857,-37.874419080068144,0.36419264353255215,-0.8333333333333334,0.27874955926388356,0.6539394137681191,-0.005839577310108119,0.18912031907821847,-0.7981091796279354,-1.40102120974077,-3.0112083656546194,-0.24597273720560045,0.014394174731304723,Communication Equipment,Technology,DZSI
2021Q2,2021,Q2,2021-08-10,2021-06-30,-3279000.0,82700000.0,-2546000.0,-0.12,27078000.0,0.32742442563482466,258765000.0,132483000.0,216070000.0,85492000.0,126282000.0,50604000.0,-78820000.0,559876500.0,525582500.0,4.910051145207916,2.527370982080195,0.07587193012965432,0.1481925982956304,-0.017261278052962067,4.910051145207916,-0.024750345327325014,6.76996977025393,-42.68652790484904,4.226025225878037,0.0,1.0991621215714173,0.0,0.3195949993237107,1.774739156880176,-0.012671729175120282,-252.65185018050542,0.32742442563482466,0.8695652173913043,0.4986871063205926,-0.08189505506518566,0.04749614643000435,-0.036198611852642816,0.858815931108719,0.8897692340996666,-2.4107595584752675,-0.3393055907318205,0.09431795437499461,Communication Equipment,Technology,DZSI
2021Q1,2021,Q1,2021-05-10,2021-03-31,-23225000.0,81031000.0,-23097000.0,-0.92,28095000.0,0.34671915686589083,252876000.0,131502000.0,210805000.0,80092000.0,121374000.0,41116000.0,-75541000.0,392668600.0,358203600.0,5.207587517820371,2.632035658992159,0.08839510273810089,0.16998220559383126,-0.13769800284551253,5.207587517820371,-0.1766132834481605,4.8459058878700745,-4.226787944025834,2.9860275889340087,0.0,1.287479326782761,0.0,0.3204376848732185,1.9382460170803575,-0.09184343314509878,-47.87473786881249,0.34671915686589083,-0.4153846153846154,-0.8137851690392084,0.05434432282368468,0.05987051084383811,-0.028661319319596184,-0.6542022792022792,-1.6732638888888889,-142.10535891669912,-0.11472826083021304,0.1488282516837005,Communication Equipment,Technology,DZSI
2020Q4,2020,Q4,2021-03-11,2020-12-31,-14040000.0,88681000.0,-8640000.0,-0.65,28924000.0,0.3261578015583947,252230000.0,93579000.0,211923000.0,88638000.0,158651000.0,39572000.0,-52316000.0,336642670.0,355417670.0,4.300307890262396,2.390882014485886,0.2537128811005828,0.6838500090832345,-0.05245112813289713,4.300307890262396,-0.15003366139839067,3.7961081855188823,-5.994349537037037,3.5974168349736586,0.0,1.51008288688972,0.0,0.35158783649843395,1.7804891807125611,-0.055663481742853745,21.393153914590748,0.3261578015583947,-64.0,-11.735144702493809,0.13796787497117516,-0.1558016064828447,0.025964812712826333,-121.08695652173913,-5.370257966616085,-3.501259381123139,-0.026608649444895105,-0.03750567873375484,Communication Equipment,Technology,DZSI
2020Q3,2020,Q3,2020-11-06,2020-09-30,-115000.0,93947000.0,1977000.0,-0.01,28192000.0,0.3000840899656189,256810000.0,100845000.0,209535000.0,88882000.0,155965000.0,43899000.0,-38276000.0,202317039.99999997,243187039.99999997,4.670479807336051,2.3574514524875676,0.2810521397141856,0.7157221478506619,-0.0007803934224952886,4.670479807336051,-0.001140363924835143,2.1535231566734434,-439.81965217391297,2.0062178590906834,0.0,1.4978701109364678,0.0,0.365822981971107,1.6966764924281632,-0.0004478018768739535,-27.43653919175481,0.3000840899656189,0.0,0.9758625911851854,0.2938983997782313,-0.07531891192965219,0.18613261528105016,0.26282051282051283,0.14145496535796767,-1.0623669026280085,0.0728534846178561,0.16355369320040722,Communication Equipment,Technology,DZSI
2020Q2,2020,Q2,2020-08-10,2020-06-30,-156000.0,70532000.0,1732000.0,-0.01,23768000.0,0.33698179549707935,259903000.0,97918000.0,211292000.0,95198000.0,161985000.0,48232000.0,-38161000.0,192253970.0,232509970.0,4.548190812392587,2.219500409672472,0.300985367617919,0.7989031638718112,-0.002005548005868072,4.548190812392587,-0.0015931697951347046,2.725769437985595,-308.0993108974359,1.9634180640944463,0.0,0.9695637750870791,0.0,0.2713781680088341,1.558835269648522,-0.0006002239296968485,-34.318809353802216,0.33698179549707935,0.975609756097561,0.8706601617794983,-0.22151030663543195,-0.12424973982844256,0.4859643638637074,0.9822141146961578,1.2280747958914933,0.8532878382170115,-0.10473366378048539,0.15651715396542182,Communication Equipment,Technology,DZSI
2020Q1,2020,Q1,2020-05-11,2020-03-31,-8771000.0,47480000.0,-7594000.0,-0.41,15995000.0,0.3368786857624263,229374000.0,97289000.0,181022000.0,67436000.0,132085000.0,39912000.0,-38005000.0,89976060.00000001,123882060.00000001,4.530548570364162,2.6843525713268876,0.26307689624804903,0.6202448375458685,-0.042565917912832166,4.530548570364162,-0.09015407702823547,1.8950307497893852,-2.564589556492989,0.9248328176875084,0.0,0.7888604930847866,0.0,0.20699817764873088,1.8662880360638234,-0.03823885880701387,2646.3547058823533,0.3368786857624263,0.14583333333333334,-3.424394779192143,-0.46839353962907876,-0.1290180652315832,-0.36733644490151096,0.13959191681381206,-0.4448249619482496,-0.7853087598761757,-0.30510227947291096,0.1271486759341988,Communication Equipment,Technology,DZSI
2019Q4,2019,Q4,2020-03-24,2019-12-31,-10194000.0,77605000.0,-5256000.0,-0.48,25282000.0,0.32577797822305266,246147000.0,106548000.0,194686000.0,79801000.0,139599000.0,35439000.0,-29234000.0,189533120.0,219658120.0,4.980740463724757,2.4396436134885526,0.23917415203110337,0.5525397004167136,-0.03702344748397821,4.980740463724757,-0.0956751886473702,2.442279750016107,-4.648153815970178,1.7788519728197618,0.0,1.4764242783374248,0.0,0.31527908119944587,1.884888660543101,-0.041414276834574465,-113.6971325734853,0.32577797822305266,-1.526315789473684,-0.4763669222941632,-0.21737278974601346,-0.05777379248385404,0.14000992018758174,-1.527646912968014,-0.347346834145091,-0.14667703308920318,0.041295266438098825,0.2273314414223824,Communication Equipment,Technology,DZSI
2019Q3,2019,Q3,2019-11-13,2019-09-30,-4033000.0,71524000.0,-3901000.0,-0.19,22177000.0,0.31006375482355575,268233000.0,114396000.0,219817000.0,99879000.0,153837000.0,43046000.0,-19040000.0,195877440.0,221541440.0,5.349607182940516,2.200833007939607,0.2740714229792755,0.642636106157558,-0.020278950827145526,5.349607182940516,-0.03525472918633519,2.738625356523684,-12.142167121249692,1.7122752543795239,0.0,1.1463782929888957,0.0,0.26664877177677615,1.6627118813764654,-0.015035435610085262,-29.21799522673031,0.31006375482355575,-2.4615384615384617,0.5484222937252307,-0.264056386262,-0.04164585377913563,-0.20174933410121662,-2.6748338870431896,-2.321029461564511,0.37244359940425087,0.7019864603417285,0.1324241541725999,Communication Equipment,Technology,DZSI
2019Q2,2019,Q2,2019-08-14,2019-06-30,2408000.0,83664000.0,2953000.0,0.13,27782000.0,0.3320663606808185,279928000.0,119755000.0,226545000.0,93003000.0,159379000.0,43306000.0,-15007000.0,233251440.0,257094440.0,6.592260266431795,2.4358891648656495,0.28673087365322514,0.6702350632541438,0.010202125955529082,6.592260266431795,0.020107719928186715,2.787954675846242,24.21630398671096,1.9477386330424618,0.0,1.2903985590911191,0.0,0.2988768540481838,1.828091566938701,0.008602211997370752,-20.177460207612455,0.3320663606808185,2.3,1.3244958940836795,-0.08082651066257392,0.10800794129787425,0.11708886208283072,2.47008547008547,4.579393939393939,1.5468129216354853,0.37955897058557236,0.4063737873872048,Communication Equipment,Technology,DZSI
2019Q1,2019,Q1,2019-05-10,2019-03-31,-1638000.0,74089000.0,-825000.0,-0.1,24870000.0,0.3356773610117561,229326000.0,75302000.0,174323000.0,87776000.0,153229000.0,39718000.0,-17415000.0,173728710.0,230620710.0,4.538178750075333,1.9859984506015311,0.3390980525540061,1.0326950147406444,-0.0049651291608941005,4.538178750075333,-0.02175241029454729,2.344865094683421,-26.51537087912088,2.307092905898914,0.0,1.2392114406566292,0.0,0.3230728308172645,1.3754784907036093,-0.007142670259804819,-34.164938053097345,0.3356773610117561,-0.25000000000000006,-3.111548754102404,0.008196566901133788,-0.22873646172752868,0.08130434782608696,-1.9566787003610109,-2.03125,0.8053228908137605,0.4670869900526129,-0.07637042801804632,Communication Equipment,Technology,DZSI
2018Q4,2018,Q4,2019-03-12,2018-12-31,-554000.0,74673000.0,800000.0,-0.08,23000000.0,0.30800958847240634,190007000.0,77239000.0,168751000.0,93471000.0,112153000.0,33868000.0,-15777000.0,230558250.0,248753250.0,4.659969834087481,1.8053834879267365,0.24159109927528985,0.5943111640492498,-0.01905904478376545,4.659969834087481,-0.007172542368492601,3.0875718131051384,-104.04253158844766,2.9849978637734824,0.0,1.525717491437345,0.0,0.393001310478035,1.3233516277775994,-0.00291568205381907,75.17386697098142,0.30800958847240634,-1.7272727272727273,-1.1488947647817185,-0.11040344578273419,-0.2085284601397572,-0.018394434723229908,-1.3081201334816464,-0.7739474427804465,-1.5561294214956456,0.2580222771488973,-0.08519595615861472,Communication Equipment,Technology,DZSI
2018Q3,2018,Q3,2018-11-08,2018-09-30,1798000.0,71914000.0,3539000.0,0.11,23431000.0,0.3258197291208944,195199000.0,77239000.0,174773000.0,107901000.0,117429000.0,45457000.0,-15190000.0,249244020.0,271535020.0,4.629802793262603,1.6197532923698577,0.2167992663896844,0.547896787892127,0.021108692975410247,4.629802793262603,0.023278395629151075,3.4658622799454903,34.65573136818687,3.2269193024249403,0.0,1.0665684053061135,0.0,0.36841377261154,1.0123631847712256,0.009211112761848165,-388.23056074766356,0.3258197291208944,0.375,-0.5748449226524923,-0.13883433930131633,-0.1732354316481451,0.011482840492121735,0.269774011299435,0.356978527607362,1.4884287447887847,0.28188606618875756,-0.08337231697249348,Communication Equipment,Technology,DZSI
2018Q2,2018,Q2,2018-08-10,2018-06-30,1416000.0,76257000.0,2608000.0,0.08,23165000.0,0.30377539111163565,196916000.0,73755000.0,172478000.0,111374000.0,122646000.0,38187000.0,-16988000.0,160434880.0,185595880.0,4.486859715293831,1.5486379226749512,0.26645371630542974,0.7113958375703342,0.01650741598643442,4.486859715293831,0.019198698393329265,2.103870857757321,28.325367231638417,2.1752407294420717,0.0,1.3903160761515698,0.0,0.38725649515529464,1.0750085298184495,0.007190883422372992,-72.56213478064224,0.30377539111163565,7.000000000000001,-0.49062095587828647,-0.035935959090349044,-0.162599473782629,0.06579250057510927,12.233644859813085,10.193133047210301,2.53760877933776,0.10235446585841762,-0.13605899024390342,Communication Equipment,Technology,DZSI
2018Q1,2018,Q1,2018-05-15,2018-03-31,107000.0,59504000.0,233000.0,0.01,21735000.0,0.36526956171013714,184804000.0,74413000.0,159101000.0,92363000.0,109793000.0,32714000.0,-18403000.0,187799040.0,211092040.0,4.5329556530214425,1.7225620648961164,0.2513527845717625,0.6242323249969763,0.001998661110591973,4.5329556530214425,0.0014379207934097538,3.1560742134982522,438.78280373831774,2.5237396691438323,0.0,1.1545210001834076,0.0,0.321984372632627,1.1891991381830387,0.0005789917967143569,-13.794552666372851,0.36526956171013714,-0.9615384615384615,-0.8236277438765998,-0.2050800405840548,-0.12422615707496198,-0.025991485547837777,-0.9746925260170294,-0.902632678646051,1.0706047863521855,-0.12849214429694827,-0.12855531210634358,Communication Equipment,Technology,DZSI
2017Q4,2017,Q4,2018-04-04,2017-12-31,4228000.0,68623000.0,2393000.0,0.26,22315000.0,0.32518251898051675,159127000.0,73233000.0,133309000.0,71023000.0,85360000.0,25344000.0,-18852000.0,151780660.0,163882660.0,4.467878713928376,1.8769835123833125,0.18587040539946081,0.4038753021178977,0.06720929384301139,4.467878713928376,0.05773353542801742,2.211804497034522,8.974731551561021,2.072571927955976,0.0,1.8271780303030303,0.0,0.43124674002526286,1.2937780718922038,0.026569972411972828,66.71677362637362,0.32518251898051675,1.888888888888889,1.2963506003023921,-0.0790900920094286,-0.12953300998642775,0.010963620713088389,2.022158684774839,0.4406983744732089,1.7991542167536898,-0.09680634095038011,-0.15479386108814402,Communication Equipment,Technology,DZSI
2017Q3,2017,Q3,2017-11-15,2017-09-30,1399000.0,66438000.0,1661000.0,0.09,22073000.0,0.3322345645564285,147158000.0,65757000.0,128659000.0,71338000.0,80794000.0,31966000.0,-23080000.0,111889060.0,128670060.0,4.013978757172507,1.8035128542992513,0.18297340273719404,0.40947731800416687,0.01663778137628829,4.013978757172507,0.021275301488814877,1.6841124055510401,19.994471050750537,1.7015535988563955,0.0,1.3878808734280172,0.0,0.4514739259843162,1.1275477305223023,0.00950678862175349,18.73874727851281,0.3322345645564285,2.8000000000000003,1.1264745657642927,-0.1364422963296604,-0.19975280650656058,0.15029443952264318,2.7292954264524103,3.0684931506849313,1.2044767858686252,-0.10765802781462534,-0.2809167003801823,Communication Equipment,Technology,DZSI
2017Q2,2017,Q2,2017-09-28,2017-06-30,-809000.0,59941000.0,-803000.0,-0.05,19189000.0,0.32013146260489483,152059000.0,64417000.0,132759000.0,77540000.0,87021000.0,35149000.0,-24479000.0,98280000.0,115374000.0,3.9326617826617825,1.7121356719112717,0.17753635102164292,0.41908191936911066,-0.009906433157139011,3.9326617826617825,-0.012558796590962013,1.6396122854139905,-30.370828182941906,1.5256842137944953,0.0,1.1594070955076958,0.0,0.39419567404757366,1.102050554552489,-0.005320303303323053,-15.375469336670838,0.32013146260489483,0.7727272727272727,0.8543926128845254,-0.26455935160815974,-0.2944616679070388,0.07851843525179857,0.7840939418201228,0.6824831949387109,-1.8660964028443703,-0.26965466099572577,-0.33900964016603385,Communication Equipment,Technology,DZSI
2017Q1,2017,Q1,2017-09-28,2017-03-31,-3747000.0,52112000.0,-2529000.0,-0.22,17792000.0,0.34141848326680996,152241000.0,65831000.0,131456000.0,76288000.0,85725000.0,35913000.0,-23670000.0,102280610.0,116496610.0,4.019477347661497,1.7231543624161074,0.2069350569163366,0.47855873372727137,-0.029720911204462228,4.019477347661497,-0.05691847305980465,1.9627074378262204,-6.824166666666667,1.5536845862891344,0.0,0.9556428034416506,0.0,0.3422993805873582,1.1185376468120805,-0.024612292352257276,-91.81383303411131,0.34141848326680996,0.3714285714285714,0.5864357347644329,-0.2743943079503944,-0.3175094232279161,0.06615532118887824,0.4493754592211609,0.4409814323607427,-5.893673106954168,-0.28155542649107224,-0.31688977189098294,Communication Equipment,Technology,DZSI
2016Q4,2016,Q4,2017-09-27,2016-12-31,-6805000.0,57048000.0,-4524000.0,-0.35,16688000.0,0.29252559248352267,145447000.0,66452000.0,124573000.0,67754000.0,78579000.0,31032000.0,-19923000.0,80547641.19999999,87053641.19999999,4.058186970222537,1.8386073146972872,0.16775182712603215,0.3671672786372118,-0.07054574754555888,4.058186970222537,-0.10240474327334015,1.4119275206843358,-2.9591345040411463,1.2121176367904651,0.0,1.3005929363237947,0.0,0.39222534668985953,1.2214776987336542,-0.04678680206535714,-7.624729382809541,0.29252559248352267,-0.16666666666666663,0.44750203171028863,-0.35688926768411205,-0.366390187263608,0.7616383405468172,-0.3834112624517178,0.07917769183798087,-2.8512937102016545,-0.3120649315990952,-0.31073813678629336,Communication Equipment,Technology,DZSI
2016Q3,2016,Q3,2016-11-14,2016-09-30,-4919000.0,32166000.0,-4913000.0,-0.3,9473000.0,0.2945035130261767,160349000.0,77322000.0,127626000.0,69285000.0,82309000.0,31957000.0,-12743000.0,93296460.0,85862460.0,4.724031329806083,1.8420437324096124,0.16801476778776295,0.3484260624401852,-0.04568905165180237,4.724031329806083,-0.06361708181371407,2.900468196232046,-4.741637527952836,1.20659657018701,0.0,0.7101104609318772,0.0,0.20059994137786952,1.3233023020855885,-0.030676836151145314,8.127577315097135,0.2945035130261767,-0.19999999999999996,0.3284902825057178,-0.6004926225029081,-0.3391844818025901,0.08052925744268279,-1.9975624619134673,-1.9993894993894994,-2.18554582426202,-0.6073965100875235,-0.1564086209133194,Communication Equipment,Technology,DZSI
2016Q2,2016,Q2,2016-08-09,2016-06-30,-1641000.0,22599000.0,-1638000.0,-0.25,8767000.0,0.3879375193592637,56482000.0,31731000.0,51850000.0,21759000.0,24751000.0,14449000.0,-1048053000.0,40277930.0,33942930.0,4.687416905486454,2.382922009283515,0.035409510994653164,0.06302984463143298,-0.049495690327437156,4.687416905486454,-0.05171598752009076,1.7822881543431126,-6.136186776355881,1.2693558349878669,0.0,0.9572980829123122,0.0,0.40010976948408344,1.602601222482651,-0.02905350377111292,-39.72182445759369,0.3879375193592637,0.5,0.21639802790891097,-0.3461872038057023,-0.3708225858443851,0.06253787419706702,0.5218531468531469,0.5127900059488399,-2.433458752890682,-0.3062321191933896,-0.12516868537809764,Communication Equipment,Technology,DZSI
2016Q1,2016,Q1,2016-05-06,2016-03-31,-3432000.0,20599000.0,-3362000.0,-0.5,8251000.0,0.40055342492353996,54249000.0,33255000.0,51777000.0,18296000.0,20994000.0,14576000.0,-1046412000.0,54145600.0,46815600.0,4.913418634201117,2.829962833406209,0.03686703902376081,0.06014133213050669,-0.09617502772400052,4.913418634201117,-0.10320252593594949,2.628554784212826,-3.944172494172494,1.6281942565027816,0.0,0.8471459934138309,0.0,0.3797120684252244,1.8669108001749015,-0.06326383896477354,24.356995051731893,0.40055342492353996,-11.0,-0.2714753323279889,-0.3703257607255592,-0.36370167877890797,-0.14186167446697867,-9.516129032258064,-7.025089605734767,-14.721068474952558,-0.3325518431319788,-0.05072013746580359,Communication Equipment,Technology,DZSI
2015Q4,2015,Q4,2016-03-23,2015-12-31,403000.0,24013000.0,558000.0,0.05,9615000.0,0.40040811227251905,56645000.0,34157000.0,55038000.0,20795000.0,22488000.0,14802000.0,-1042980000.0,33523647.3,28410647.3,5.09395412652489,2.6466939168069246,0.08826904404625298,0.1463828790584653,0.010674500412171647,5.09395412652489,0.011798460052112304,1.3960624370132846,20.79630725806452,0.9814576016629096,0.0,0.9727063910282394,0.0,0.42392091093653456,1.8428468381822554,0.00711448495012799,34.95687935349322,0.40040811227251905,1.25,1.2890792467462158,-0.29358548800773665,-0.369304257069623,0.09797875984926345,1.2775482093663912,1.3835051546391752,-0.464956585073342,-0.21227500459867926,-0.007556113383247087,Communication Equipment,Technology,DZSI
2015Q3,2015,Q3,2015-11-05,2015-09-30,-1452000.0,22128000.0,-1455000.0,-0.2,8757000.0,0.3957429501084599,59358000.0,33237000.0,57661000.0,24338000.0,26121000.0,15356000.0,-1043383000.0,45075740.0,41187740.0,5.050908759345936,2.369175774508998,0.08549816368476026,0.15269127779282127,-0.038214524015317504,5.050908759345936,-0.04368625327195595,2.0370453723788864,-7.760974517906336,1.3561915937058098,0.0,0.8707345662933056,0.0,0.3727888405943596,1.6387542115210783,-0.02446174062468412,18.38325448613377,0.3957429501084599,-3.0000000000000004,-1.7913683918461163,-0.39238942546844446,-0.39046178313542246,-0.14348591549295775,-2.9672131147540983,-3.648562300319489,0.6732115286915111,-0.2839693659794996,0.006974825672777077,Communication Equipment,Technology,DZSI
2015Q2,2015,Q2,2015-08-07,2015-06-30,-366000.0,27493000.0,-313000.0,-0.05,10224000.0,0.37187647764885606,62291000.0,33929000.0,60467000.0,26516000.0,28362000.0,15425000.0,-1041931000.0,73169600.0,72086600.0,5.1934792591458745,2.2803967415899833,0.16053683517683132,0.2947331191606001,-0.007580810896229488,5.1934792591458745,-0.010787232161277962,2.661390172043793,-49.97923497267759,2.1565504435733445,0.0,1.119546191247974,0.0,0.4413639209516624,1.6083496756675215,-0.0058756481674720265,-218.41671641791044,0.37187647764885606,0.5,0.8301784240556627,-0.2320356950267385,-0.3495046906760923,0.0052108937174319145,0.3920265780730897,0.41821561338289964,0.8348353080598055,-0.15424024183666346,-0.06826498266090603,Communication Equipment,Technology,DZSI
2015Q1,2015,Q1,2015-05-08,2015-03-31,-602000.0,27122000.0,-538000.0,-0.1,10171000.0,0.3750092176093208,64904000.0,33920000.0,63190000.0,29076000.0,30984000.0,17250000.0,-1041565000.0,42386500.0,41043500.0,5.201656187701273,2.173270050901087,0.15407370886231975,0.294811320754717,-0.012714182526223227,5.201656187701273,-0.017747641509433962,1.5628087899122483,-17.60236710963455,1.2496020047169811,0.0,0.9826666666666667,0.0,0.4178787131763836,1.4869651946622644,-0.009275237273511648,-221.91884816753927,0.3750092176093208,0.6666666666666666,0.8254964226782157,-0.18957448418591621,-0.3701857150101162,0.10542332355178785,0.7129232236528373,0.7428298279158699,0.8331206995882888,-0.051513141779845964,-0.11678036106367591,Communication Equipment,Technology,DZSI
2014Q4,2014,Q4,2015-03-06,2014-12-31,-2097000.0,30115000.0,-2092000.0,-0.3,9201000.0,0.30552880624273615,65712000.0,34343000.0,64292000.0,29388000.0,31369000.0,19985000.0,-1040963000.0,57496680.0,55968680.0,5.286140869351065,2.187695658091738,0.15217920623326028,0.29118015316076057,-0.04722272142250605,5.286140869351065,-0.06106047811781149,1.909237257180807,-6.854635193133047,1.6741892088635237,0.0,1.0464848636477357,0.0,0.4582876795714634,1.41023547025997,-0.03191197954711468,-28.157042115572967,0.30552880624273615,0.25000000000000006,-6.682704079002757,-0.22095715617141554,-0.3804311040361931,-0.14441138181141902,0.22476894639556377,0.21234939759036145,0.5708812480831049,-0.14433314791247093,-0.1746682075261678,Communication Equipment,Technology,DZSI
2014Q3,2014,Q3,2014-11-06,2014-09-30,-2705000.0,29436000.0,-2656000.0,-0.4,10754000.0,0.3653349639896725,69621000.0,36154000.0,68564000.0,31403000.0,33467000.0,17669000.0,-1038866000.0,87436800.0,83897800.0,5.582077569169961,2.183358277871541,0.14363482282644605,0.2765945676826907,-0.0578243738692243,5.582077569169961,-0.07481883055816783,2.970403587443946,-8.081035120147874,2.418454389555789,0.0,1.0573320504838983,0.0,0.42280346447192657,1.519090532751648,-0.038853219574553656,-41.53767220902613,0.3653349639896725,-9.0,-1.0966587207660894,-0.23727096531976127,-0.33233341724610405,-0.02360631923007082,-8.330623306233063,-7.656641604010025,0.06680463756249601,-0.07607575551467409,-0.21915770155558964,Communication Equipment,Technology,DZSI
2014Q2,2014,Q2,2014-08-08,2014-06-30,369000.0,32422000.0,399000.0,0.05,11014000.0,0.3397076059465795,71759000.0,38499000.0,70805000.0,30864000.0,33260000.0,17353000.0,-1036161000.0,100297400.0,94649400.0,5.949650738703097,2.294096682218766,0.13935534218704274,0.25974700641575105,0.008009903204488997,5.949650738703097,0.009584664536741214,3.0934982419344887,67.95216802168021,2.605194940128315,0.0,1.2336771739756813,0.0,0.45181789043882997,1.6525725764644894,0.0051422121267018775,3235.4,0.3397076059465795,0.0,1.152050286899059,-0.003274318776499068,-0.29906519056821496,0.013713759779107226,0.22185430463576158,0.12394366197183099,1.1843340247874972,-0.018712660301315496,-0.20139685835822294,Communication Equipment,Technology,DZSI
2014Q1,2014,Q1,2014-05-14,2014-03-31,302000.0,28609000.0,355000.0,0.05,10865000.0,0.3797755950924534,67203000.0,38010000.0,66289000.0,26443000.0,29193000.0,17889000.0,-1036530000.0,136301780.0,130696780.0,5.884083098547943,2.506863820292705,0.14880288082377274,0.26308866087871613,0.006472685340312555,5.884083098547943,0.007945277558537227,4.76429724911741,112.83259933774836,3.5859452775585376,0.0,0.9918944602828554,0.0,0.42571016174873144,1.7474946110501834,0.004493847000877937,-797.086432748538,0.3797755950924534,-0.7500000000000001,1.0408298695841838,0.10774678976522672,-0.3298499108096517,-0.10273350400528533,-0.7891061452513967,-0.7453371592539455,1.117225397527914,-0.0837234377317644,-0.23799853497722412,Communication Equipment,Technology,DZSI
2013Q4,2013,Q4,2014-03-05,2013-12-31,1432000.0,32306000.0,1394000.0,0.2,12109000.0,0.3748220144864731,71817000.0,37559000.0,70845000.0,31554000.0,34258000.0,19562000.0,-1036832000.0,170324640.0,164638640.0,5.887728868823677,2.245198706978513,0.13924279766629072,0.2662477701749248,0.030066831179561552,5.887728868823677,0.03812668068904923,5.272229307249427,29.735446927374298,4.53485556058468,0.0,1.0324608935691648,0.0,0.4498377821407188,1.5533371363377069,0.01993956862581283,297.77034965034966,0.3748220144864731,-0.19999999999999996,1.2860565173317193,-0.016325899320352298,-0.40139122897938456,0.016964810615604266,-0.10275689223057644,-0.1432083589428396,2.079725499382427,-0.0010244657821696609,-0.2710249364517451,Communication Equipment,Technology,DZSI
2013Q3,2013,Q3,2013-11-08,2013-09-30,1596000.0,31515000.0,1627000.0,0.25,11907000.0,0.3778200856734888,68140000.0,35257000.0,67247000.0,30195000.0,32883000.0,21179000.0,-1038264000.0,99162000.0,94861000.0,5.599904701397713,2.22709057791025,0.146756677428823,0.2836316192529143,0.03581559464925202,5.599904701397713,0.045267606432765124,3.1465016658733935,15.532894736842106,2.812547862835749,0.0,0.9258227489494311,0.0,0.46250366891693573,1.4458354032124523,0.023422365717640153,69.29559748427673,0.3778200856734888,0.6666666666666667,1.2336433774209992,-0.05927379707092217,-0.47082914293371686,0.025404753703065795,0.5113636363636364,0.48720292504570384,-0.09085627600541812,-0.09554274548172638,-0.3242095454633521,Communication Equipment,Technology,DZSI
2013Q2,2013,Q2,2013-08-09,2013-06-30,1056000.0,30048000.0,1094000.0,0.15,11612000.0,0.3864483493077742,63392000.0,33458000.0,62584000.0,26923000.0,29934000.0,20143000.0,-1039860000.0,28724239.999999996,26002239.999999996,5.358080840433028,2.3245552130148943,0.15774861181221606,0.29888218064439,0.02425498165356735,5.358080840433028,0.03156195827604758,0.9559451544195952,6.800246212121212,0.8585163488552812,0.0,0.915255920170779,0.0,0.47400302877334677,1.5041414404041153,0.016658253407370014,25.26318381706244,0.3864483493077742,1.9999999999999998,1.0126525245027191,-0.2781952637049881,-0.5373091422180588,0.10548362528560548,3.591304347826087,2.285285285285285,1.5126224745723815,-0.12187484930114886,-0.32888796127527037,Communication Equipment,Technology,DZSI
2013Q1,2013,Q1,2013-05-03,2013-03-31,230000.0,28379000.0,333000.0,0.05,10504000.0,0.3701328447091159,60284000.0,32213000.0,59472000.0,24732000.0,28071000.0,21158000.0,-1040916000.0,28628559.999999996,26966559.999999996,5.175943184009255,2.4046579330422126,0.1658814942605003,0.3104336758451557,0.006925076262639687,5.175943184009255,0.0071399745444385805,1.0087938264209448,31.117999999999995,0.888726911495359,0.0,0.8448341053029587,0.0,0.4707550925618738,1.4516820313763545,0.003815274367991507,52.433260073260065,0.3701328447091159,-0.5,1.2357524431871854,-0.36391749014843094,-0.7917271130536828,0.01,-0.670958512160229,-0.5863354037267081,1.0698567227369156,-0.1114926790703447,-0.3732990343935696,Communication Equipment,Technology,DZSI
2012Q4,2012,Q4,2013-03-15,2012-12-31,699000.0,28290000.0,805000.0,0.1,10400000.0,0.367621067515023,61724000.0,31940000.0,60933000.0,26065000.0,29784000.0,21404000.0,-1041146000.0,14716922.000000002,13597922.000000002,5.132737674358809,2.3377325915979283,0.16201153522130776,0.31308703819661865,0.017653508771929824,5.132737674358809,0.021884783969943644,0.52021640155532,5.263562947067239,0.4607677520350658,0.0,0.8358250794244066,0.0,0.45833063314107964,1.4171877997314406,0.011324606311969413,17.58294145758662,0.367621067515023,1.1428571428571428,1.5473186998127537,-0.41453665296299025,-0.7939697330561295,0.2633624878522838,1.1665078608861363,1.1944914230490458,0.9776409258675149,-0.23594419978684303,-0.3984109215453584,Communication Equipment,Technology,DZSI
2012Q3,2012,Q3,2012-11-14,2012-09-30,-4198000.0,29198000.0,-4139000.0,-0.7,8232000.0,0.28193711898075213,65229000.0,31185000.0,64378000.0,30026000.0,34044000.0,25379000.0,-1041845000.0,18340740.0,22084740.0,5.015923566878981,2.1440751348831015,0.21490441368103144,0.4495109828443162,-0.09187110205929325,5.015923566878981,-0.13461600128266796,0.6281505582574148,-1.092230824202001,0.5881269841269842,0.0,0.8261160802238071,0.0,0.44762298977448683,1.2116165989475787,-0.064357877631115,-6.406126440796368,0.28193711898075213,-1.0,-1.6429045040135335,-0.32399721653863073,-0.7999656388755679,-0.11216566005176877,-0.9971455756422455,-0.9784894837476099,-2.389756934091107,-0.21184753704723605,-0.4000505177947924,Communication Equipment,Technology,DZSI
2012Q2,2012,Q2,2012-08-09,2012-06-30,-2102000.0,30835000.0,-2092000.0,-0.35,9272000.0,0.30069725960758875,69436000.0,34542000.0,68638000.0,30809000.0,34894000.0,27658000.0,-1037647000.0,20295175.0,17165175.0,5.573987413264483,2.2278554967704243,0.14401751252952358,0.28950263447397373,-0.047327152375129106,5.573987413264483,-0.060853453766429276,0.6581863142532836,-2.413793411037107,0.587550662961033,0.0,0.7796297635403862,0.0,0.44407799988478597,1.2524586971339544,-0.03027248113370586,-10.17812186559679,0.30069725960758875,0.3636363636363637,0.5544922873060611,-0.32489915865695007,-0.7785363491181448,0.10644391408114559,0.38429994141769186,0.37626714370900416,0.09558018213532019,-0.010179873604711917,-0.3433224945665708,Communication Equipment,Technology,DZSI
2012Q1,2012,Q1,2012-05-10,2012-03-31,-3414000.0,27062000.0,-3354000.0,-0.55,8380000.0,0.3096593008646811,68963000.0,36346000.0,68068000.0,28335000.0,32617000.0,26519000.0,-1035545000.0,35797205.7,35048205.7,5.8894254140065465,2.402258690665255,0.20709655902440438,0.39294557860562374,-0.06689453402268397,5.8894254140065465,-0.09393055631981512,1.3227849272041978,-2.6213536687170476,0.9849008336543223,0.0,0.7044760360496248,0.0,0.3924133230862927,1.3667196047291337,-0.04950480692545278,20.14474153066967,0.3096593008646811,0.26879146919431274,0.3095417098739218,-0.39289197094329353,-0.7715960702010259,-0.3041023085866135,0.2645411460577337,0.2752808988764045,0.5168633957511903,0.0968142596576461,-0.3292414637294346,Communication Equipment,Technology,DZSI
2011Q4,2011,Q4,2012-03-15,2011-12-31,-4642000.0,33432000.0,-4628000.0,-0.7521794082380011,12042000.0,0.3601938262742283,80732000.0,39527000.0,79853000.0,36826000.0,41205000.0,27393000.0,-1032131000.0,27370158.999999996,24180158.999999996,6.404867615127848,2.1683864660837453,0.18579993063469255,0.37948743896577025,-0.08661057971715691,6.404867615127848,-0.11743871277860703,0.8186814728403923,-1.4740499246014647,0.6924421028663951,0.0,0.7808564231738035,0.0,0.4141108853986028,1.3519795796448162,-0.05749888520041619,-5.820961080391322,0.3601938262742283,-0.6715097960844468,0.02955534801342015,-0.2696240892008708,-0.7572421715418485,0.17208487444033482,-0.6892285298398836,-0.694617356279751,0.04149035527183856,0.05223544831601947,-0.34881343603591813,Communication Equipment,Technology,DZSI
2011Q3,2011,Q3,2011-11-03,2011-09-30,-2748000.0,30204000.0,-2731000.0,-0.45,10274000.0,0.3401536220368163,82098000.0,43895000.0,76728000.0,33830000.0,38203000.0,29458000.0,-1027489000.0,36227180.0,28393180.0,7.148789941695711,2.2680461129175287,0.12180564690979073,0.22781637999772184,-0.05091346112260739,7.148789941695711,-0.06260394122337395,1.199416633558469,-3.2957769286754006,0.8253145005125868,0.0,0.6765564532554824,0.0,0.36790177592633194,1.3209281702630802,-0.0334721917708105,-23.133575989782887,0.3401536220368163,-0.5000000000000001,0.977975641204478,-0.3208101134510109,-0.7353840156935947,-0.07157057654075547,-0.44936708860759494,-0.45653333333333335,0.5875042114036136,-0.07553048798264815,-0.3244650575054001,Communication Equipment,Technology,DZSI
2011Q2,2011,Q2,2011-08-09,2011-06-30,-1896000.0,31294000.0,-1875000.0,-0.3,11066000.0,0.3536141113312456,81924000.0,45660000.0,76536000.0,31828000.0,36264000.0,27652000.0,-1024741000.0,73239160.0,68327160.0,7.4500717921942305,2.4046751288173933,0.1762120990186026,0.3161629434954008,-0.031315696896611796,7.4500717921942305,-0.04152431011826544,2.340357896082316,-9.65706223628692,1.604011388523872,0.0,0.7315203240271951,0.0,0.3819881841706948,1.450798039462109,-0.023143401201113228,491.5379865771812,0.3536141113312456,0.25000000000000006,0.8595169665730363,-0.4397182638218206,-0.8415272376583529,0.04603459684280178,0.22295081967213115,0.25059952038369304,0.976854483984787,-0.23408513083499036,-0.3566576894370247,Communication Equipment,Technology,DZSI
2011Q1,2011,Q1,2011-05-06,2011-03-31,-2440000.0,29572000.0,-2502000.0,-0.4,10579000.0,0.3577370485594481,85377000.0,47244000.0,80017000.0,33034000.0,38133000.0,28905000.0,-1022845000.0,70359300.0,61180300.0,7.721878984014906,2.422261911969486,0.11712756362954894,0.21166709000084666,-0.04277843379672853,7.721878984014906,-0.05164676996020659,2.3792540240768294,-7.208944672131147,1.489274828549657,0.0,0.6570835495588998,0.0,0.3463696311653021,1.4711206635587577,-0.02857912552560994,-34.60860796851943,0.3577370485594481,-0.9239622641509434,0.39467899055277694,-0.4563852897126893,-0.8427153731071985,-0.1380967899625224,-0.9182389937106918,-1.0358014646053701,-1.5441118155128244,-0.32575914284564605,-0.6892821324585847,Communication Equipment,Technology,DZSI
2010Q4,2010,Q4,2011-03-15,2010-12-31,-1272000.0,31016000.0,-1229000.0,-0.2079042855741885,12274000.0,0.3957312354913593,90111000.0,49415000.0,84483000.0,35081000.0,40696000.0,31048000.0,-1020405000.0,81677970.0,70503970.0,8.076721911673369,2.408226675408341,0.11097424287822796,0.20236770211474248,-0.020587899468961657,8.076721911673369,-0.025741171708995245,2.633414044364199,-16.053060141509434,1.652898310229687,0.0,0.6036459675341407,0.0,0.34419771171111185,1.4515264673184916,-0.014115923694110596,-234.03429799426934,0.3957312354913593,-1.831617142296754,0.9885026801576562,-0.4354023440198457,-0.8359804506306432,-0.09590453741897466,-1.7495580436063642,-1.639770952628839,-0.013006881321091377,-0.3471480207113565,-0.6757969572833569,Communication Equipment,Technology,DZSI
2010Q3,2010,Q3,2010-11-05,2010-09-30,1697000.0,33683000.0,1921000.0,0.25,13576000.0,0.40305198468069947,89239000.0,50433000.0,85825000.0,34335000.0,38806000.0,27905000.0,-1019133000.0,62687860.00000001,51215860.00000001,8.286451316092142,2.4996359400029124,0.1120586290747319,0.19828287034283107,0.031638120071218204,8.286451316092142,0.03364860309717844,1.8611127274886443,9.235100176782558,1.242992881644955,0.0,0.7205518724242967,0.0,0.37744708031241947,1.62117372943061,0.019016349353982002,95.56076219512197,0.40305198468069947,1.7142857142857144,1.1110939584239896,-0.38900195906394053,-0.9066806737894859,0.13086214077467723,1.8476523476523476,2.212752525252525,2.0913636829316857,-0.20337347319104418,-0.6695374295676157,Communication Equipment,Technology,DZSI
2010Q2,2010,Q2,2010-08-06,2010-06-30,-2002000.0,33255000.0,-1584000.0,-0.35,12005000.0,0.3609983461133664,100528000.0,48451000.0,81710000.0,48850000.0,52077000.0,31383000.0,-1020830000.0,45211070.0,53393070.0,7.983884256665458,1.6726714431934493,0.2830355721788954,0.5872531010711853,-0.0207109042600576,7.983884256665458,-0.041320096592433596,1.3595269884227936,-5.645738011988012,0.9331297599636746,0.0,0.6771181850046203,0.0,0.3308033582683432,0.9822313203684749,-0.019914849594142924,-82.65277879341865,0.3609983461133664,0.3636363636363637,0.6287674851952242,-0.32045936369691885,-0.8644013629763923,0.06079349650967571,0.3751560549313358,0.47235176548967356,0.5667090962093463,-0.2565108552408009,-0.6827871997895735,Communication Equipment,Technology,DZSI
2010Q1,2010,Q1,2010-05-07,2010-03-31,-3204000.0,31082000.0,-3002000.0,-0.55,11317000.0,0.3641014091757287,111325000.0,50020000.0,92204000.0,39697000.0,61305000.0,31837000.0,-1018828000.0,83275500.0,91010500.0,8.259031768047025,2.322694410156939,0.2568335953289917,0.5716113554578168,-0.036875504285060076,8.259031768047025,-0.06405437824870051,2.679219483945692,-6.497776217228464,1.6648440623750498,0.0,0.6208185444608474,0.0,0.2792005389624972,1.4693553669043,-0.028780597350101054,-95.39003436426117,0.3641014091757287,-10.683197674418604,0.6119161619231764,-0.29916217204302603,-0.8619595049114618,-0.21730410125181548,-10.313953488372093,-4.9973368841544605,0.3397086857008392,-0.2894671060525628,-0.6796979026731226,Communication Equipment,Technology,DZSI
2009Q4,2009,Q4,2010-03-16,2009-12-31,344000.0,36036000.0,751000.0,0.05679941879664487,14459000.0,0.40123765123765126,110259000.0,51673000.0,91199000.0,37356000.0,58586000.0,30228000.0,-1015624000.0,62017536.0,69253536.0,8.531966184532065,2.4413481100760253,0.2602599334294706,0.5553383778762603,0.00720733910800558,8.531966184532065,0.006657248466317032,1.720988344988345,45.07088372093023,1.2001922861068643,0.0,0.7138083895725817,0.0,0.3268304628193617,1.5759985009101616,0.003119926718000345,-258.4064,0.40123765123765126,1.2271976751865794,1.0556318012882049,-0.20304387494298312,-0.8602412669351274,0.1982265683268418,1.2857142857142858,1.8400447427293065,1.0732813097559684,-0.19778679518739709,-0.6766207035187815,Communication Equipment,Technology,DZSI
2009Q3,2009,Q3,2009-11-06,2009-09-30,-1204000.0,36016000.0,-894000.0,-0.25,12067000.0,0.3350455353176366,106249000.0,50534000.0,87156000.0,34285000.0,55715000.0,30518000.0,-1015968000.0,75554000.0,82628000.0,8.360576541281732,2.5421029604783434,0.27101431542885107,0.5698143823960106,-0.011344904550799428,8.360576541281732,-0.02382554319863854,2.0977898711683696,-15.68812292358804,1.4951122016859937,0.0,0.7847499836162265,0.0,0.33897730802172255,1.5755286568470177,-0.011331871358789259,-15.90945462202569,0.3350455353176366,0.5,0.9321233993276457,-0.17244326369951074,-0.865654519811087,0.09144356005788712,0.46819787985865724,0.5424769703172978,0.9901972460825045,-0.1772700733033899,-0.6905291372548661,Communication Equipment,Technology,DZSI
2009Q2,2009,Q2,2009-08-07,2009-06-30,-2264000.0,30346000.0,-1954000.0,-0.5,11056000.0,0.3643313781058459,101234000.0,51240000.0,81675000.0,28091000.0,49994000.0,33569000.0,-1014764000.0,48278028.4,51121028.4,8.488165602056773,2.9075148624114484,0.28504257462907717,0.5631537861046058,-0.024912910101022662,8.488165602056773,-0.04418423106947697,1.590919014038094,-5.331054372791519,0.9421941530054645,0.0,0.574637314188686,0.0,0.2997609498784993,1.6340820903492221,-0.022364027895766244,-24.321424886649872,0.3643313781058459,0.6,0.8421853577219031,-0.2544584971957924,-0.8476782178025871,0.4150774350441572,0.6720266550775026,0.7037598544572469,0.8296892199674699,-0.4483964999264808,-0.8194456258018007,Communication Equipment,Technology,DZSI
2009Q1,2009,Q1,2009-05-08,2009-03-31,-6903000.0,24103000.0,-6596000.0,-1.25,7813000.0,0.3241505206820728,109477000.0,52934000.0,89513000.0,34124000.0,56543000.0,39834000.0,-1012500000.0,28787329.000000004,30887329.000000004,8.780246684226938,2.623168444496542,0.2647953451409885,0.5476442362186874,-0.08067825345740512,8.780246684226938,-0.1304076774851702,1.1943463054391572,-1.0425658771548603,0.5438343786602184,0.0,0.40894713059195664,0.0,0.22016496615727504,1.3921873168444496,-0.0630543401810426,-12.59839343544858,0.3241505206820728,-0.5928873388290002,0.7356131054967618,-0.412523762581804,-0.8498277194504843,-0.21854370874174836,-0.4590995561192137,-0.536096879366558,-0.7379187513235739,-0.5503472250675027,-0.8211578002434121,Communication Equipment,Technology,DZSI
2008Q4,2008,Q4,2009-03-16,2008-12-31,-4731000.0,31038000.0,-4294000.0,-0.7847384868530178,9998000.0,0.3221212707004317,123449000.0,59297000.0,103268000.0,41261000.0,64152000.0,40706000.0,-1005597000.0,12509677.000000002,13336677.0,9.835687604084422,2.5027992535323915,0.2760492187057003,0.57470023778606,-0.046918841204801956,9.835687604084422,-0.07978481204782704,0.4030439139119789,-0.6610482456140352,0.2109664401234464,0.0,0.5168771188522576,0.0,0.25142366483325096,1.4519279707229586,-0.038323518213999305,-2.1141924961973975,0.3221212707004317,0.21526151314698216,0.6223381879465258,-0.3167756853321971,-0.8373355511497415,0.03670676068021568,0.2753867361004748,0.3021290427433772,0.9566031582705082,-0.42661980770743796,-0.8002599239887094,Communication Equipment,Technology,DZSI
2008Q3,2008,Q3,2008-11-04,2008-09-30,-6529000.0,32020000.0,-6153000.0,-1.0,9644000.0,0.30118675827607744,133891000.0,63682000.0,113612000.0,46835000.0,70209000.0,42858000.0,-1000866000.0,28584170.0,26262170.0,10.582413272800995,2.4257926764172093,0.2552374692847167,0.5366351559310323,-0.0633633520648438,10.582413272800995,-0.10252504632392198,0.8926973766396002,-1.0945079644662277,0.44885791903520617,0.0,0.5220962247421719,0.0,0.23914975614492387,1.4486174869221735,-0.04876354646690218,-3.258197879858657,0.30118675827607744,0.9245283018867925,-0.2799730703545817,-0.013803154049548613,-0.33741207682020796,-0.16976584022038568,0.9187268155450992,0.9231748885642581,0.5677156519917368,-0.41255850118726334,-0.8808242951501811,Communication Equipment,Technology,DZSI
2008Q2,2008,Q2,2008-08-05,2008-06-30,-80334000.0,40069000.0,-80091000.0,-13.25,11616000.0,0.28989992263345726,140802000.0,69602000.0,120137000.0,47366000.0,71200000.0,37199000.0,-994337000.0,117202800.0,106959800.0,11.580260881139358,2.536355191487565,0.243178363943694,0.4919398867848625,-0.7721714349562504,11.580260881139358,-1.1541909715238068,2.9250243330255308,-0.36473597729479423,1.6838998879342548,0.0,0.7648861528535713,0.0,0.284576923623244,1.6956044420048135,-0.5705458729279413,-15.941621327529925,0.28989992263345726,-52.0,-3.433353245925771,1.6469393075223802,-0.7287955313562007,-0.15862668405041286,-84.37088204038257,-89.19256756756756,-14.040645077593274,-0.17329203639951227,-0.8033203461649211,Communication Equipment,Technology,DZSI
2008Q1,2008,Q1,2008-05-06,2008-03-31,-941000.0,43033000.0,-888000.0,-0.25,13806000.0,0.3208235540166849,220275000.0,149182000.0,129140000.0,51739000.0,71093000.0,37116000.0,-914003000.0,147070560.0,132205560.0,24.851737832507062,2.495989485687779,0.15585972080354102,0.23013500288238528,-0.005014729817634098,24.851737832507062,-0.0063077314957568605,3.4176227546301674,-39.072943676939424,0.9858465498518588,0.0,0.7874501562668391,0.0,0.19536034502326638,1.7278841879433309,-0.004271932811258654,43.48626848018924,0.3208235540166849,-0.21811688311688304,0.983465559120291,1.7982803521099053,-0.45043914227452897,-0.14205816554809844,0.2362012987012987,0.0975609756097561,0.8850053695787772,-0.021039674444880408,-0.5846309482084681,Communication Equipment,Technology,DZSI
2007Q4,2007,Q4,2008-03-06,2007-12-31,-1232000.0,46613000.0,-984000.0,-0.20523482061943601,16092000.0,0.345225580846545,223406000.0,149547000.0,131925000.0,54429000.0,73859000.0,44698000.0,-913062000.0,175584240.0,172185240.0,24.91254197984967,2.423799812599901,0.1540021306500273,0.23006145225246913,-0.005852789460405996,24.91254197984967,-0.008238212735795435,3.76685130757514,-35.62991883116883,1.1741074043611708,0.0,0.6828269721240324,0.0,0.20864703723266162,1.5326939682889635,-0.005514623600082361,-152.15272097053727,0.345225580846545,0.17906071752225594,0.9856617766612676,2.172284146187594,-0.4938972626827201,0.29035362039932644,0.19477124183006536,0.2915766738660907,0.798984162161968,0.0400633155720393,-0.5919175921206257,Communication Equipment,Technology,DZSI
2007Q3,2007,Q3,2007-11-05,2007-09-30,-1530000.0,41604000.0,-1389000.0,-0.25,12471000.0,0.2997548312662244,224515000.0,150166000.0,132626000.0,54902000.0,74349000.0,42739000.0,-911830000.0,184149450.0,181208450.0,25.07530975520155,2.415686131652763,0.15353539852571096,0.2295526284245435,-0.008192163609978044,25.07530975520155,-0.010188724478244076,4.426243870781656,-30.089779411764702,1.226305888150447,0.0,0.6816490792952573,0.0,0.1853061042692025,1.5670467378237587,-0.006814689441685411,-31.870794392523365,0.2997548312662244,0.6666666666666666,0.9910983018818927,18.014022283931233,-0.5981622899094634,-0.1672676282051282,0.6640316205533597,0.6845332727685669,0.912942303650307,-0.03515060010747069,-0.5970667198231481,Communication Equipment,Technology,DZSI
2007Q2,2007,Q2,2007-08-06,2007-06-30,-4554000.0,44085000.0,-4403000.0,-0.75,14976000.0,0.33970738346376317,231558000.0,150543000.0,138355000.0,59690000.0,81015000.0,42890000.0,-910300000.0,214579855.0,220165855.0,25.168859047835596,2.317892444295527,0.17898323530173865,0.27530340168589706,-0.023580985270147906,25.168859047835596,-0.03025049321456328,4.867411931495973,-11.779746102327623,1.42537251815096,0.0,0.67868967125204,0.0,0.19038426657684035,1.541899815714525,-0.019666778949550438,-43.69371920179189,0.33970738346376317,0.0,0.9984635834211414,1.123580971897814,-0.9606027000888328,-0.03623141772314821,0.04847471792728792,0.03633180126942438,0.6796224039254933,0.09309889626341959,-0.5483399304659142,Communication Equipment,Technology,DZSI
2007Q1,2007,Q1,2007-05-08,2007-03-31,-4786000.0,43146000.0,-4569000.0,-0.75,15539000.0,0.36014926064988645,237065000.0,154028000.0,142222000.0,61629000.0,83037000.0,43940000.0,-905746000.0,185179120.0,181634120.0,25.785131714633916,2.3077122783105355,0.175184021259992,0.26962630171137714,-0.02355090252916604,25.785131714633916,-0.031072272573817748,4.291918601956149,-9.672958629335561,1.2022432285039084,0.0,0.6282885753299955,0.0,0.18200071710290427,1.5378474419510295,-0.02018855588129838,-43.084951140065144,0.36014926064988645,0.03236717062634983,0.98798501677528,-0.9338633577983279,-0.9770522626283122,-0.024973332496705778,-0.033693304535637146,-0.06206415620641562,0.8149997063619032,0.06134704792400783,-0.5589859632517659,Communication Equipment,Technology,DZSI
