Quarters,Year,Quarter,FillingDate,Date,NetIncome,Revenue,OperatingIncome,EPSDiluted,GrossProfit,GrossProfitRatio,TotalAssets,CommonStockEquity,CurrentAssets,CurrentLiability,TotalLiability,Inventory,RetainedEarnings,MarketCap,EnterpriseValue,bookValuePerShare,currentRatio,debtToAssets,debtToEquity,roic,shareholdersEquityPerShare,roe,priceToSalesRatio,peRatio,pbRatio,payoutRatio,inventoryTurnover,dividendYield,assetTurnover,quickRatio,returnOnAssets,priceToFreeCashFlowsRatio,grossProfitMargin,epsdilutedGrowth,fiveYNetIncomeGrowthPerShare,fiveYRevenueGrowthPerShare,fiveYShareholdersEquityGrowthPerShare,grossProfitGrowth,netIncomeGrowth,operatingIncomeGrowth,threeYNetIncomeGrowthPerShare,threeYRevenueGrowthPerShare,threeYShareholdersEquityGrowthPerShare,Industry,Sector,Symbol
2023Q1,2023,Q1,2023-05-04,2023-03-31,25634000.0,286977000.0,65813000.0,1.49,67202000.0,0.2341720765,1804048000.0,1036844000.0,393778000.0,4019000.0,564485000.0,347810000.0,428084000.0,2010815270.0000002,2196269270.0,71.47197904459915,97.97909927842747,0.12827929190354137,0.2231984753733445,0.0620412521206459,71.47197904459915,0.024723102028849083,7.006886510068752,19.610822247795898,1.9393614372075263,1.984122649605992,0.6318823495586671,0.02529372079017482,0.15907392707954557,-30.283403831798957,0.014209156297393418,-9.868499222127886,0.23417207650787344,-0.3377777777777778,1.1824719662827408,0.5323647188773758,0.3604766299144037,3.2248634332064228,-0.3272092595994856,0.3356807988147667,2.6553036313969085,0.1555842503265887,0.3515389747769404,Capital Markets,Financial Services,PIPR
2022Q4,2022,Q4,2023-02-24,2022-12-31,38101000.0,375940000.0,49273000.0,2.25,-30205000.0,-0.0803452679,2181557000.0,1054073000.0,648125000.0,191002000.0,927529000.0,282501000.0,453311000.0,1778785970.0,1647932970.0,77.14799092439435,3.3932890755070626,0.10761625756283241,0.22272745815517522,0.031385695072451494,77.14799092439435,0.0361464528547833,4.731568787572485,11.671517611086324,1.6875358442916193,0.22345870187134195,1.4376763268094626,0.004786410587666149,0.17232646224691814,3.710599889006398,0.017465049045246126,11.496955557853644,-0.08034526786189286,2.5156249999999996,1.7811349123994025,0.5041850011434473,0.4360681042707295,-1.4528146315868375,2.549892853815336,0.6748130523453433,-0.010729475475806268,0.35311048670199097,0.44678263755228015,Capital Markets,Financial Services,PIPR
2022Q3,2022,Q3,2022-11-01,2022-09-30,10733000.0,318581000.0,29420000.0,0.64,66705000.0,0.2093816015,2041835000.0,1000486000.0,605337000.0,166823000.0,849066000.0,330848000.0,423724000.0,1442793500.0,1403893500.0,72.63056261343013,3.6286183559820886,0.11538101756508239,0.23547455936414902,0.012405000568782682,72.63056261343013,0.010727786295860213,4.5288121388281155,33.60648234417218,1.4420926429755139,0.8584738656480015,0.7613042847470742,0.0063862222833690335,0.15602680921817874,3.343094177661354,0.005256546194966782,26.518527027772162,0.20938160153932595,-0.49206349206349204,1.202153806040867,0.2399797245492702,0.26890442819799615,-0.18696065525815417,-0.49822346891070596,-0.20160655648728595,-0.7529994927463058,0.5793531721920129,0.4289667929760128,Capital Markets,Financial Services,PIPR
2022Q2,2022,Q2,2022-08-02,2022-06-30,21390000.0,337992000.0,36849000.0,1.26,82044000.0,0.2427394731,1950972000.0,996639000.0,549575000.0,160362000.0,773337000.0,311789000.0,418406000.0,1589080480.0,1593399480.0,71.09708945641319,3.4270899589678354,0.12409455389416148,0.24292145902377893,0.020313873503133344,71.09708945641319,0.021462134233157643,4.7015328173447894,18.572703132304817,1.5944393907924534,0.39317438055165965,0.8209013146711398,0.005292368829551038,0.1732428758588027,3.070147541188062,0.010963765753685855,65.27874460830628,0.24273947312362423,-0.11888111888111884,0.44191651287258343,0.5638895936474736,0.15491406056163826,-0.7594483179208716,-0.1325330521534593,-0.31046032934131734,0.9957517596183316,0.9001736897497001,0.46895304320298026,Capital Markets,Financial Services,PIPR
2022Q1,2022,Q1,2022-05-06,2022-03-31,24658000.0,341066000.0,53440000.0,1.43,341066000.0,1.0,1882454000.0,1017214000.0,460147000.0,2383000.0,726091000.0,0.0,405426000.0,1900631250.0,1886847250.0,70.24473447966301,193.09567771716323,0.123910066328314,0.22930769729870018,0.027213970769321187,70.24473447966301,0.02424072024175837,5.5726201087179605,19.26992507502636,1.8684674512934347,3.300754319085084,0.0,0.042822614854933064,0.18118158531363848,193.09567771716323,0.013098859254993747,-3.8869701927501406,1.0,-0.8024861878453039,0.05769906585362806,0.4791982188673007,0.13685681833142838,-0.46112900855864897,-0.8036517681533328,-0.664732268891747,0.15763289897739435,0.6211542355044862,0.4025153844877976,Capital Markets,Financial Services,PIPR
2021Q4,2021,Q4,2022-02-25,2021-12-31,125583000.0,632927000.0,159395000.0,7.24,632927000.0,1.0,2565307000.0,1226855000.0,230423000.0,0.0,1338452000.0,230423000.0,450165000.0,2520382690.0,1549417690.0,86.89390183440753,0.0,0.0,0.0,0.09661553172275832,86.89390183440753,0.10236172978876884,3.982106451454907,5.017364392473503,2.0543443927766525,0.0,0.0,0.0,0.246725635567205,0.0,0.04895437466159021,0.0,1.0,1.7014925373134329,4.028760838115593,1.5377894276850275,0.44134580138627394,0.0,1.7467246998097155,0.0,5.45230982332407,1.6354858036009459,0.6919737411471202,Capital Markets,Financial Services,PIPR
2021Q3,2021,Q3,2021-11-04,2021-09-30,45721000.0,430953000.0,0.0,2.68,0.0,0.0,2194153000.0,980205000.0,1148319000.0,0.0,1080057000.0,0.0,386897000.0,1967931980.0,1662915980.0,68.96538380356012,0.0,0.12125498996651556,0.27142485500482044,0.0,68.96538380356012,0.04664432440152825,4.566465438226443,10.760547560202097,2.00767388454456,0.17711773583254958,0.0,0.004114979624448198,0.1964097307708259,0.0,0.020837653527352014,9.495587294387857,0.0,-0.3495145631067961,2.7070064504099935,0.8541629390273063,0.07973797149108369,0.0,-0.34516835908967214,0.0,0.9489781569672626,0.859869495514819,0.3141826050874703,Capital Markets,Financial Services,PIPR
2021Q2,2021,Q2,2021-08-05,2021-06-30,69821000.0,495731000.0,0.0,4.12,0.0,0.0,2114337000.0,955054000.0,1102313000.0,0.0,1039367000.0,0.0,349274000.0,1860222480.0,1727887480.0,66.51720295305753,0.0,0.12541756588471942,0.27765445723487886,0.0,66.51720295305753,0.07310686097330622,3.7524836655363494,6.660684034889217,1.9477668069030651,0.09246501768808811,0.0,0.00347055261906092,0.2344616775849829,0.0,0.033022644923680566,6.909905167322286,0.0,0.37333333333333335,31.43665724807089,1.6179949146671035,0.10949119764000088,0.0,0.4116945348672638,0.0,9.390407737938228,1.6475843365203315,0.2908057936476687,Capital Markets,Financial Services,PIPR
2021Q1,2021,Q1,2021-05-06,2021-03-31,49459000.0,411996000.0,0.0,3.0,0.0,0.0,1758672000.0,888481000.0,682118000.0,0.0,767446000.0,0.0,285909000.0,1576109100.0,1692679100.0,61.811673855572565,0.0,0.15260378285433554,0.30206611058649535,0.0,61.811673855572565,0.05566691915752841,3.825544665482189,7.966745688347925,1.7739367527274077,0.6985786206757112,0.0,0.021921705800696155,0.23426540025655723,0.0,0.028122924570357633,-5.7767848699763595,0.0,0.1278195488721804,17.58095582349908,1.45643036767622,0.010260597555000089,0.0,0.17312618595825427,0.0,3.2498890835584873,1.2202814120535495,0.17659170573579092,Capital Markets,Financial Services,PIPR
2020Q4,2020,Q4,2021-02-25,2020-12-31,42160000.0,393698000.0,0.0,2.66,0.0,0.0,1997140000.0,829425000.0,1039391000.0,0.0,1071058000.0,0.0,271001000.0,1387879500.0,1174422500.0,60.29989094874591,0.0,0.147449853290205,0.3550387316514453,0.0,60.29989094874591,0.05083039455044157,3.525238888691332,8.229835744781784,1.673303191970341,0.12367172675521822,0.0,0.0037568102994532306,0.19713089718297164,0.0,0.02111018756822256,5.794008858756685,0.0,2.41025641025641,2.1809915878072377,0.9976816616763948,0.05993933307596149,0.0,2.6291641559783074,0.0,1.8585700808745913,0.564701139781968,0.12244984016966576,Capital Markets,Financial Services,PIPR
2020Q3,2020,Q3,2020-11-05,2020-09-30,11617000.0,286510000.0,0.0,0.78,0.0,0.0,1821174000.0,769494000.0,896079000.0,87974000.0,962799000.0,0.0,234055000.0,1005794000.0,1006300000.0,55.84947016983597,10.1857253279378,0.20444614298249372,0.4838660210475975,0.0,55.84947016983597,0.015096933829243632,3.5105022512303234,21.644873891710425,1.3070849155419015,0.35628819833003356,0.0,0.0041151567816073665,0.15732159584971014,6.632846068156501,0.00637885232273248,6.490919885901622,0.0,6.8,1.432602964373499,0.9371940303532826,-0.021316827414178376,0.0,6.9896836313617605,0.0,1.2187561188243308,0.1149102918666355,-0.024272462431502582,Capital Markets,Financial Services,PIPR
2020Q2,2020,Q2,2020-08-06,2020-06-30,1454000.0,276922000.0,0.0,0.1,0.0,0.0,1710908000.0,745956000.0,784261000.0,134895000.0,897196000.0,0.0,226577000.0,816053040.0,983144040.0,54.0782949108308,5.813862633900441,0.2355345816373528,0.5402168492511623,0.0,54.0782949108308,0.0019491766270396645,2.946869660048678,140.3117331499312,1.0939694030210896,1.8933975240715268,0.0,0.0033735552287140554,0.16185674507337625,3.5633492716557322,0.0008498411369869098,6.1607507171976446,0.0,1.0934579439252337,-0.9101683718518764,0.7726667882577541,-0.007855200981205531,0.0,1.0987302233991987,0.0,-0.9003930662137551,0.30212585497980976,-0.12154233540029026,Capital Markets,Financial Services,PIPR
2020Q1,2020,Q1,2020-05-08,2020-03-31,-14727000.0,236168000.0,0.0,-1.07,0.0,0.0,1517880000.0,729559000.0,128582000.0,513341000.0,721805000.0,0.0,227876000.0,697663720.0,844061720.0,52.881922296317775,0.25048067463927487,0.18116056605265238,0.3769126280396788,0.0,52.881922296317775,-0.020186167259947447,2.9540992852545647,-11.843276295240035,0.9562814248059444,-1.0909214368167313,0.0,0.02302828646443017,0.15559069228133976,0.36225238194494497,-0.009702348011700529,2.9658411872483876,0.0,-1.3962962962962964,-1.961942612897391,0.6174091744382882,-0.02668614683671593,0.0,-1.3809560763619433,0.0,-1.6630769439774,0.07511362802013784,-0.14414689763761404,Capital Markets,Financial Services,PIPR
2019Q4,2019,Q4,2020-02-28,2019-12-31,38658000.0,278871000.0,0.0,2.7,0.0,0.0,1628719000.0,731283000.0,250018000.0,672458000.0,822191000.0,0.0,258669000.0,1096297187.4280002,1071257187.4280002,53.323829663117984,0.3717971977432048,0.1381318692788627,0.3076483386048903,0.0,53.323829663117984,0.05286325540180751,3.931198250904541,7.089717441590357,1.4991421753657614,0.13430596513011536,0.0,0.004735942096304053,0.171221063915875,0.8288026910230825,0.023735217677205215,22.798677108264364,0.0,-0.10299003322259125,2.4252105846161918,1.0586270811039513,-0.00878571371612901,0.0,-0.10600804773137228,0.0,1.959871954206788,0.15118496344153504,-0.11549514550239326,Capital Markets,Financial Services,PIPR
2019Q3,2019,Q3,2019-11-07,2019-09-30,43242000.0,200735000.0,0.0,3.01,0.0,0.0,1343837000.0,696741000.0,24005000.0,597134000.0,581733000.0,0.0,225203000.0,1034679881.124,1119798881.124,50.827327108257954,0.04020035703878861,0.03717861615657256,0.071708138318256,0.0,50.827327108257954,0.062063234401305505,5.154456776964655,5.981915042805605,1.485027981881359,0.12073909624901716,0.0,0.00504600514154029,0.14937451491512735,0.41903994748247464,0.03217800968421021,-37.069356589423904,0.0,3.180555555555556,2.240102419794874,0.38384618207811766,-0.048305860916698286,0.0,3.1622870343632687,0.0,2.635172747320285,-0.10452647467505327,-0.20423563182793164,Capital Markets,Financial Services,PIPR
2019Q2,2019,Q2,2019-08-02,2019-06-30,10389000.0,172418000.0,0.0,0.72,0.0,0.0,1206042000.0,657657000.0,23436000.0,498423000.0,480257000.0,0.0,187182000.0,1014344227.176,1096895227.176,48.3998380924345,0.04702030203261085,0.04142641798544329,0.07596969240804857,0.0,48.3998380924345,0.015796988399728127,5.883052971128304,24.409092000577534,1.5423605727240797,0.5038020983732794,0.0,0.005159984017035119,0.1429618537331204,0.34006656996165907,0.008614127866193715,72.4117809234723,0.0,-0.4545454545454546,-0.3720714213569416,0.11627830625708327,-0.08108571934353417,0.0,-0.46509113376583255,0.0,4.099906150117887,-0.03784789438680662,-0.19270215903916105,Capital Markets,Financial Services,PIPR
2019Q1,2019,Q1,2019-05-08,2019-03-31,19422000.0,191832000.0,0.0,1.32,0.0,0.0,1169653000.0,661320000.0,18245000.0,458377000.0,455982000.0,0.0,182027000.0,982641653.5920001,1070595653.5920001,50.084822780975465,0.039803480541126625,0.04271010291086331,0.075539829432045,0.0,50.084822780975465,0.029368535655960804,5.1224073855873895,12.648564174544331,1.4858792318272547,1.027031201729997,0.0,0.020299363381436848,0.1640076159339565,0.21730147891364532,0.01660492470843917,36.25983961594096,0.0,0.090909090909091,0.21101264414926219,0.2626187675715453,-0.046406129259064996,0.0,0.06808183018037836,0.0,6.943077395255936,0.2451011599090668,-0.18140506744127136,Capital Markets,Financial Services,PIPR
2018Q4,2018,Q4,2019-02-26,2018-12-31,18184000.0,224371000.0,0.0,1.21,0.0,0.0,1345269000.0,677444000.0,50364000.0,617872000.0,614853000.0,0.0,182552000.0,868495387.236,868084387.236,51.3565309680843,0.08151202838128285,0.037132350481576544,0.07373746021811398,0.0,51.3565309680843,0.02684207107893789,3.870800536771686,11.940378729047513,1.2820179782181258,0.3038935327760669,0.0,0.006362728094142883,0.16678523031453188,0.5065806510086232,0.013516999202390006,5.951941413917405,0.0,-0.15384615384615383,-0.26954013112605496,0.3037977044714342,0.005074621001796775,0.0,-0.17431775870680652,0.0,0.4306526890901822,0.1871693409317506,-0.09726524663742621,Capital Markets,Financial Services,PIPR
2018Q3,2018,Q3,2018-11-05,2018-09-30,22023000.0,217528000.0,0.0,1.43,0.0,0.0,1493436000.0,700211000.0,68774000.0,618200000.0,746021000.0,0.0,169894000.0,1009798240.0000001,1115981240.0,52.47777861050738,0.11124878680038823,0.11715065124986943,0.24986325550441224,0.0,52.47777861050738,0.03145194805565751,4.642152918245008,11.462995958770376,1.4421342138298314,0.2560958997411797,0.0,0.005585274143476423,0.14565605757461317,0.4607004205758654,0.014746530818863346,16.372894041345766,0.0,2.3255813953488373,3.53445607909463,0.8576535176110355,0.08469828315541253,0.0,2.5372630902666238,0.0,3.7619673728680847,0.5187321921176649,-0.08040096522658605,Capital Markets,Financial Services,PIPR
2018Q2,2018,Q2,2018-08-08,2018-06-30,6226000.0,173481000.0,0.0,0.43,0.0,0.0,1514528000.0,685524000.0,26025000.0,652300000.0,777328000.0,0.0,153407000.0,1022335523.3939999,1173016523.394,51.5315342403969,0.039897286524605245,0.11667397367364618,0.25776778055910515,0.0,51.5315342403969,0.009082103617087075,5.8930691164680855,41.05105699461934,1.49131981286432,0.9020237712817218,0.0,0.005493304176065139,0.11454459739271905,0.45382339414379885,0.004110851697690634,7.22447546741573,0.0,-0.08510638297872336,1.9384478104085512,1.0417496046439538,0.10288553785449658,0.0,-0.4128076959351127,0.0,-0.6011453941710567,0.1514953698176878,-0.05457922136097071,Capital Markets,Financial Services,PIPR
2018Q1,2018,Q1,2018-05-04,2018-03-31,10603000.0,169062000.0,0.0,0.47,0.0,0.0,1577366000.0,687992000.0,27642000.0,578100000.0,842359000.0,0.0,152701000.0,1087622839.288,1371234839.288,52.53451435552841,0.04781525687597302,0.19732516105963993,0.45240933034105046,0.0,52.53451435552841,0.015411516412981547,6.433277964817641,25.64422425936056,1.5808655322852592,2.8647552579458644,0.0,0.027927879870456425,0.10717994428686811,0.21895346825808684,0.0067219656059532154,7.506645403953399,0.0,1.1294765840220384,0.24342168481887105,0.8364772521421693,0.08792638648418827,0.0,1.230129791205452,0.0,-0.2704112011864452,0.219717829110488,-0.03308033499754921,Capital Markets,Financial Services,PIPR
2017Q4,2017,Q4,2018-02-26,2017-12-31,-46074000.0,236082000.0,0.0,-3.63,0.0,0.0,2024683000.0,693332000.0,33793000.0,916500000.0,1283448000.0,0.0,176270000.0,1113142500.0,1494286500.0,53.72167983883465,0.03687179487179487,0.20493924234065283,0.5984679778230343,0.0,53.72167983883465,-0.06645301240963924,4.715067222405774,-6.03997102487303,1.6054970778789959,-0.10266093675391762,0.0,0.004249231342797531,0.11660195694832227,0.22591598472449537,-0.0227561549141273,-5.162328176303634,0.0,0.07161125319693101,-5.605270096546969,1.0413241934793023,0.11744950521994638,0.0,0.07320016896988715,0.0,-5.337867656229563,0.8518665520085326,-0.0013902438021653615,Capital Markets,Financial Services,PIPR
2017Q3,2017,Q3,2017-11-08,2017-09-30,-49713000.0,240567000.0,0.0,-3.91,0.0,0.0,1739836000.0,738266000.0,40916000.0,799800000.0,953051000.0,0.0,227095000.0,765496274.204,926377274.204,57.23879671266863,0.05115778944736184,0.11598621939079315,0.2733391487620993,0.0,57.23879671266863,-0.06733751791359754,3.1820502155490984,-3.849577948444069,1.0368840962525703,-0.09522660068794883,0.0,0.006184223437171712,0.13826992888984938,0.1892673168292073,-0.02857338277860672,2.840389286259202,0.0,-5.393258426966292,-3.9812949740474832,1.1336917918960863,0.20146684312751834,0.0,-4.662639062845355,0.0,-4.9589011798346645,0.762594834593231,0.07174290797551872,Capital Markets,Financial Services,PIPR
2017Q2,2017,Q2,2017-08-04,2017-06-30,13573000.0,197745000.0,0.0,0.89,0.0,0.0,1931333000.0,789575000.0,26170000.0,686400000.0,1096594000.0,0.0,281553000.0,768918712.826,1198171712.826,61.56050210509902,0.038126456876456875,0.235807600242941,0.5767951112940506,0.0,61.56050210509902,0.01719026058322515,3.888435676381198,14.162652192330361,0.9738387269429757,0.3490016945406321,0.0,0.006160599190765103,0.10238783265237016,0.41530011655011656,0.007027788579183393,23.95385398211838,0.0,-0.3206106870229008,1.4609395376122474,1.3086128509354618,0.39437423251624293,0.0,-0.3305548705302096,0.0,-0.13088618199890106,0.35631228483396604,0.16878127568778645,Capital Markets,Financial Services,PIPR
2017Q1,2017,Q1,2017-05-09,2017-03-31,20275000.0,200529000.0,0.0,1.31,0.0,0.0,2113157000.0,778165000.0,18879000.0,862900000.0,1291201000.0,0.0,272706000.0,804126874.812,1257393874.812,61.788550103223756,0.021878549078688143,0.22343157654637114,0.6067427859130133,0.0,61.788550103223756,0.026054885531988717,4.010027850395703,9.915251230727497,1.0333629433500608,0.2340813810110974,0.0,0.005902053704037171,0.09489545736544895,0.3269683624985514,0.009594649143437993,5.825064651000392,0.0,1.4460765175070975,7.833803325791006,1.1747732306937664,0.3758582298168999,0.0,1.5481952142760578,0.0,0.32543189570973496,0.38379004028512365,0.17642789549380883,Capital Markets,Financial Services,PIPR
2016Q4,2016,Q4,2017-02-24,2016-12-31,-36985000.0,222463000.0,0.0,-2.9367158964586313,0.0,0.0,2125503000.0,759250000.0,41359000.0,772500000.0,1309237000.0,0.0,257188000.0,913065000.0,1465538000.0,60.28664443385739,0.05353915857605178,0.27938422105261673,0.7821297332894304,0.0,60.28664443385739,-0.04871254527494238,4.104345441713903,-6.171860213600108,1.2025880803424434,0.0,0.0,0.0,0.10466369607570537,0.41178640776699027,-0.0174005870610392,426.6658878504673,0.0,-5.195308423512331,0.5943857388205706,1.861309268351583,0.34874594662371333,0.0,-4.470163257646838,0.0,-2.556132570180666,0.3539895404310259,0.17984169030974406,Capital Markets,Financial Services,PIPR
2016Q3,2016,Q3,2016-10-28,2016-09-30,10658000.0,200847000.0,0.0,0.7,0.0,0.0,2211323000.0,784480000.0,51371000.0,826000000.0,1372306000.0,0.0,294173000.0,593220587.718,1142634587.718,63.87233349617326,0.06219249394673124,0.2716857736296326,0.7658385172343464,0.0,63.87233349617326,0.013586069753212318,2.9535944660263787,13.91491339177144,0.7561959358020599,0.0,0.0,0.0,0.09082662279549392,0.4264309927360775,0.004819739133541324,-27.61863158052051,0.0,4.833333333333333,4.848188875046965,1.6465949992842581,0.20941525411248546,0.0,4.499484004127967,0.0,1.384014155385519,0.8633708170507682,0.32021995440479706,Capital Markets,Financial Services,PIPR
2016Q2,2016,Q2,2016-08-05,2016-06-30,1938000.0,170483000.0,0.0,0.12,0.0,0.0,2121304000.0,775011000.0,172244000.0,669500000.0,1294045000.0,0.0,283515000.0,487347912.927,991949912.927,59.95288930146206,0.2572725914861837,0.3190707225367038,0.8733372816643893,0.0,59.95288930146206,0.002500609668765992,2.8586305551110667,62.867377828560365,0.6288270913922512,0.0,0.0,0.0,0.08036707610036091,0.5374727408513816,0.0009135889999736011,3.6714749465266423,0.0,-0.25000000000000006,-0.7779396492820404,0.5366058778669717,0.12769009578785884,0.0,-0.2047599507591301,0.0,-0.05872942969138834,1.064826116378948,0.2831206277444769,Capital Markets,Financial Services,PIPR
2016Q1,2016,Q1,2016-05-04,2016-03-31,2437000.0,153556000.0,0.0,0.16,0.0,0.0,2178415000.0,805180000.0,49140000.0,739200000.0,1325478000.0,0.0,281577000.0,652209613.16,1237112613.1599998,61.1838905775076,0.06647727272727273,0.29105702999658006,0.7874549790109044,0.0,61.1838905775076,0.0030266524255445986,4.24737303107661,66.90701817398441,0.8100171553689859,0.0,0.0,0.0,0.07048978270898795,0.4053787878787879,0.0011187032773828677,-8.623119100416474,0.0,-0.8181818181818181,-0.611431931156465,0.4192269652947852,0.11397842468831085,0.0,-0.8163941836811572,0.0,-0.7156010543930948,0.6599274948907851,0.26704452879418455,Capital Markets,Financial Services,PIPR
2015Q4,2015,Q4,2016-02-25,2015-12-31,13273000.0,197364000.0,0.0,0.88,0.0,0.0,2138518000.0,783659000.0,189910000.0,733700000.0,1305698000.0,0.0,279140000.0,556510027.55,987790027.55,56.88994555353902,0.25883876243696335,0.2904768629490142,0.7926789585776467,0.0,56.88994555353902,0.01693721376261869,2.8197139678462126,10.481994039591651,0.7101430948282352,0.0,0.0,0.0,0.09229008126188323,0.5499972740902276,0.006206634688134493,6.354087294908829,0.0,1.7500000000000002,0.5524317569676443,0.23291354937260755,0.06160821882138922,0.0,1.7474642931070172,0.0,0.24299200739705637,0.5988845237339813,0.18335170645272367,Capital Markets,Financial Services,PIPR
2015Q3,2015,Q3,2015-10-30,2015-09-30,4831000.0,149617000.0,0.0,0.32,0.0,0.0,2299062000.0,795385000.0,44048000.0,963000000.0,1466467000.0,0.0,265867000.0,504137432.124,1000836432.1240001,57.065934854355,0.045740394600207686,0.2352033133512711,0.6798556673812053,0.0,57.065934854355,0.00607378816547961,3.3695197211814167,26.088668605050717,0.633828186505906,0.0,0.0,0.0,0.06507740983061788,0.47036760124610594,0.0021012917441982863,1.739808784067144,0.0,-0.7037037037037037,-0.2612379897153188,0.38578527271900814,0.06624272760572185,0.0,-0.7158068121654215,0.0,-0.7319017829277886,0.22800034543905692,0.19783839873083053,Capital Markets,Financial Services,PIPR
2015Q2,2015,Q2,2015-08-05,2015-06-30,16999000.0,164066000.0,0.0,1.08,0.0,0.0,2410396000.0,789635000.0,14097000.0,995400000.0,1456736000.0,0.0,261036000.0,632212665.513,1243528665.513,54.50645406226272,0.01416214587100663,0.2594648348238215,0.7920279622863728,0.0,54.50645406226272,0.021527667846536692,3.8534045171638245,9.297792010015296,0.8006391123911681,0.0,0.0,0.0,0.06806599413540347,0.268982318665863,0.007052368158593028,3.648334942483034,0.0,0.04854368932038839,1.528894433410476,0.4106963468421666,0.06080857506690678,0.0,0.0015908555267499412,0.0,1.7287342623992679,0.6958091065135996,0.23459673737706893,Capital Markets,Financial Services,PIPR
2015Q1,2015,Q1,2015-05-01,2015-03-31,16972000.0,161871000.0,0.0,1.03,0.0,0.0,2917029000.0,830951000.0,9382000.0,1443600000.0,1929895000.0,0.0,244037000.0,802323224.7060001,1435463224.706,54.33182947561135,0.006499030202272098,0.22026589382553277,0.7732369297347257,0.0,54.33182947561135,0.02042479039076913,4.9565593880682774,11.818336446883102,0.9655481787806983,0.0,0.0,0.0,0.0554917349124743,0.20272720975339428,0.00581824863585518,-4.532208220813775,0.0,0.33766233766233766,33.45995276886745,0.5295574917337341,0.02627573838653871,0.0,0.35310531770708764,0.0,5.089231555425127,0.44560101124952645,0.20981791286810178,Capital Markets,Financial Services,PIPR
2014Q4,2014,Q4,2015-02-26,2014-12-31,12543000.0,150548000.0,0.0,0.77,0.0,0.0,2623917000.0,819912000.0,15867000.0,1301200000.0,1654457000.0,0.0,227065000.0,885349690.0,1372249690.0,53.79647004789712,0.01219412849677221,0.19160933825269624,0.6131962942364546,0.0,53.79647004789712,0.01529798319819688,5.8808465738502,17.64629056047198,1.0798106260184022,0.0,0.0,0.0,0.057375290453166014,0.16950046111281894,0.004780257912121458,-10.4783791556697,0.0,-0.14444444444444446,0.06378506259952324,0.4045681870878064,0.09421678484457884,0.0,-0.14487319334605944,0.0,1.1136682676624592,0.6000451153668254,0.20354635095623766,Capital Markets,Financial Services,PIPR
2014Q3,2014,Q3,2014-11-06,2014-09-30,14668000.0,159426000.0,0.0,0.9,0.0,0.0,2600540000.0,804633000.0,14947000.0,1332100000.0,1655192000.0,0.0,214522000.0,787047870.132,1235895870.132,53.40720828355237,0.011220629081900758,0.17834565128780946,0.5764056408325287,0.0,53.40720828355237,0.01822942882034418,4.936759814158293,13.41436920732206,0.9781451545387773,0.0,0.0,0.0,0.0613049597391311,0.2758246377899557,0.0056403670006998545,-10.249086755547452,0.0,-0.18918918918918923,0.6843845780630126,0.41755572042689276,0.09519789701775262,0.0,-0.1946411903585351,0.0,5.317404054775973,0.7125861131166283,0.011259317487762597,Capital Markets,Financial Services,PIPR
2014Q2,2014,Q2,2014-07-30,2014-06-30,18213000.0,170031000.0,0.0,1.11,0.0,0.0,2425525000.0,787848000.0,55221000.0,1150300000.0,1495768000.0,0.0,199854000.0,774375660.0,1206555660.0,52.67067789811472,0.04800573763366078,0.2009465991898661,0.6186485210345143,0.0,52.67067789811472,0.02311740335699272,4.554320447447818,10.62943584253006,0.9828998233161728,0.0,0.0,0.0,0.07010069984848641,0.27914717899678343,0.0075088898279753865,5.1984080717488785,0.0,0.009090909090909097,0.6938821928767516,0.38376176250641414,0.09008968778312483,0.0,0.026200135226504394,0.0,0.8035282782814885,0.3244444262691098,-0.009285415662394714,Capital Markets,Financial Services,PIPR
2014Q1,2014,Q1,2014-05-01,2014-03-31,17748000.0,168133000.0,0.0,1.1,0.0,0.0,2317252000.0,767454000.0,34835000.0,989000000.0,1400173000.0,0.0,181641000.0,669229585.388,1195203585.388,52.52217355598138,0.035222446916076844,0.2420146794565287,0.7307395622408639,0.0,52.52217355598138,0.023125816009819482,3.9803583198301347,9.426830986421006,0.8720126357905491,0.0,0.0,0.0,0.07255706328012664,0.32743781597573307,0.007659072038776965,-14.827286704065582,0.0,-0.35294117647058815,8.072866187650215,1.1766906593911504,0.09436999869518457,0.0,-0.34591287683349303,0.0,1.5486325506680019,0.3995365711706259,-0.043725928396467495,Capital Markets,Financial Services,PIPR
2013Q4,2013,Q4,2014-02-28,2013-12-31,27134000.0,187576000.0,0.0,1.7,0.0,0.0,2318157000.0,734676000.0,235726000.0,943800000.0,1436085000.0,0.0,163893000.0,568649885.622,1084677885.622,51.09723188204201,0.2497626615808434,0.2759567190660512,0.8707389379808242,0.0,51.09723188204201,0.03693328759888713,3.0315705933701538,5.239274393952237,0.7740145120052921,0.0,0.0,0.0,0.08091600353211624,0.324896164441619,0.011704988057323123,1.8483482547610457,0.0,4.151515151515151,1.2013305852716396,2.2832361133967924,0.0840021919121293,0.0,4.098459225854942,0.0,2.040537560480316,0.1226259724301981,-0.04648807803923763,Capital Markets,Financial Services,PIPR
2013Q3,2013,Q3,2013-10-31,2013-09-30,5322000.0,128314000.0,0.0,0.33,0.0,0.0,2492694000.0,707365000.0,63788000.0,997000000.0,1635700000.0,0.0,136759000.0,501354104.62099993,1275682104.6209998,48.38006976267013,0.06397993981945838,0.3162397791305311,1.1144020413789204,0.0,48.38006976267013,0.007523697101213659,3.9072439844522027,23.551019570697104,0.7087629506987199,0.0,0.0,0.0,0.05147603356047714,0.34415446339017053,0.0021350394392572855,-3.52242717464098,0.0,1.2000000000000002,1.211344446186682,0.9036870839528546,-0.14377515171252353,0.0,1.1390675241157557,0.0,-0.22417142697465486,0.1329543884736391,-0.09604744621882248,Capital Markets,Financial Services,PIPR
2013Q2,2013,Q2,2013-07-31,2013-06-30,2488000.0,99772000.0,0.0,0.15,0.0,0.0,2276214000.0,729880000.0,115187000.0,672287000.0,1408352000.0,0.0,131437000.0,497685075.621,1096219075.621,46.72428141604251,0.1713360514185162,0.2933854198243223,0.9149558831588754,0.0,46.72428141604251,0.0034087795254014357,4.988223906717315,50.00854859535772,0.6818724661875925,0.0,0.0,0.0,0.04383243403300393,0.40138512272288474,0.001093043097002303,8.361644415675404,0.0,-0.7368421052631579,1.7044116733619636,0.08163486044408824,-0.18717951810167374,0.0,-0.7547802089493396,0.0,-0.6567367339831354,-0.20440277891433647,-0.09064863523577377,Capital Markets,Financial Services,PIPR
2013Q1,2013,Q1,2013-05-03,2013-03-31,10146000.0,109533000.0,0.0,0.57,0.0,0.0,2329878000.0,752434000.0,61726000.0,513287000.0,1468098000.0,0.0,128949000.0,524957564.418,1036460564.418,48.28866640996021,0.12025630884865582,0.2292042759320445,0.7097207196910293,0.0,48.28866640996021,0.013484239149214415,4.792688636465723,12.935086842548788,0.6976792176031387,0.0,0.0,0.0,0.04701233283459477,0.5016160549556097,0.004354734453907029,-2.856803084606301,0.0,-0.1492537313432837,3.9987868995458045,0.1623118519107056,-0.16552074556345467,0.0,-0.141914749661705,0.0,19.219685610093098,0.015873483399252788,-0.08787377023943786,Capital Markets,Financial Services,PIPR
2012Q4,2012,Q4,2013-02-27,2012-12-31,11824000.0,136683000.0,0.0,0.67,0.0,0.0,2087733000.0,733292000.0,150245000.0,752400000.0,1297558000.0,0.0,118803000.0,490078905.253,986721905.253,48.07526388251492,0.19968766613503455,0.2883577545596108,0.8209744549238229,0.0,48.07526388251492,0.016124545201638637,3.5855146964362796,10.361952496046177,0.6683270855989155,0.0,0.0,0.0,0.06546957872486568,0.42212254120148857,0.005663559468571891,-34.883543686596916,0.0,-0.3963963963963964,-0.18824355272828208,-0.031790905649236034,-0.16612697282530398,0.0,-0.39869812855980474,0.0,0.0020169760923704014,0.27420860145189124,-0.022152185278251777,Capital Markets,Financial Services,PIPR
2012Q3,2012,Q3,2012-11-02,2012-09-30,19664000.0,132957000.0,0.0,1.11,0.0,0.0,1960553000.0,724616000.0,94529000.0,1152400000.0,1189977000.0,0.0,106979000.0,391809600.0,880091600.0,47.640762656147274,0.08202794168691427,0.2703114886463156,0.7313666824911401,0.0,47.640762656147274,0.027137131942987735,2.9468895958843837,4.981305939788446,0.5407134261457103,0.0,0.0,0.0,0.06781607026180879,0.2443370357514752,0.010029823218245056,4.498181484202792,0.0,2.0000000000000004,3.7771925217146665,0.514650012108985,-0.13758410666995083,0.0,1.870237921471318,0.0,1.2367166454300562,0.17101092110036645,-0.023052042033006728,Capital Markets,Financial Services,PIPR
2012Q2,2012,Q2,2012-08-02,2012-06-30,6851000.0,106398000.0,0.0,0.37,0.0,0.0,1999071000.0,703385000.0,91291000.0,1207100000.0,1257175000.0,0.0,87315000.0,373286760.0,850976760.0,44.149196585488326,0.07562836550410074,0.25876119457488,0.7354180143164839,0.0,44.149196585488326,0.009740042793064965,3.5084001578977047,13.621615822507664,0.5307004840876618,0.0,0.0,0.0,0.05322372241906365,0.24737884185237347,0.003427091884180202,-4.606260689297746,0.0,1.4666666666666668,-0.21277641131790595,-0.06981879066341308,-0.20432374595670288,0.0,1.3390235575281666,0.0,-0.4017827754827401,-0.1870386249429149,-0.08627369454317577,Capital Markets,Financial Services,PIPR
2012Q1,2012,Q1,2012-05-03,2012-03-31,2929000.0,117671000.0,0.0,0.15,0.0,0.0,1888511000.0,721779000.0,101759000.0,1057900000.0,1130790000.0,0.0,80464000.0,427836656.07199997,822077656.072,44.90909656545545,0.09618962094715947,0.23770102477560365,0.621936908665949,0.0,44.90909656545545,0.004058028842623573,3.635871676725786,36.51729737726186,0.5927529840463632,0.0,0.0,0.0,0.06230887720537503,0.2897343794309481,0.001550957341524619,-2.0775930348421054,0.0,1.0207177477570384,-0.7681427808354728,-0.08736641620557077,-0.1762424033231148,0.0,1.025171015090578,0.0,2.0612192838648102,0.3850100841485247,-0.06425868119575619,Capital Markets,Financial Services,PIPR
2011Q4,2011,Q4,2012-02-27,2011-12-31,-116364000.0,99220000.0,0.0,-7.240169238427078,0.0,0.0,1655721000.0,718391000.0,127309000.0,822300000.0,905121000.0,0.0,77535000.0,324654416.072,520022416.072,44.698295171727224,0.15482062507600633,0.16982027769171254,0.39139549354042574,0.0,44.698295171727224,-0.16197864394180886,3.272066277685951,-0.6974975423498677,0.45191882425030383,0.0,0.0,0.0,0.05992555509050136,0.33584579837042444,-0.07027995658688874,1.0067178191808688,0.0,-30.47899668881338,-6.986483050914881,-0.28121174809118027,-0.17458632005296681,0.0,-31.476695506558748,0.0,0.22759845720478097,0.5536479769856302,-0.05174804668985686,Capital Markets,Financial Services,PIPR
2011Q3,2011,Q3,2011-11-03,2011-09-30,-3583000.0,98176000.0,0.0,-0.23,0.0,0.0,2135411000.0,839139000.0,90065000.0,1178800000.0,1264639000.0,0.0,193899000.0,284889770.0,555408770.0,52.8125747372396,0.07640397013912453,0.14672913083242523,0.3733910591689815,0.0,52.8125747372396,-0.004269852789585515,2.901827024934811,-19.877879570192576,0.3395024781353268,0.0,0.0,0.0,0.0459752244415712,0.239788768238887,-0.0016778971354928865,-7.181129511998387,0.0,-1.4181818181818182,-1.0217885415898813,-0.04044432532607328,0.06614128406164359,0.0,-1.3350476902936226,0.0,0.869068757347568,0.34031650403387964,-0.06532919415186277,Capital Markets,Financial Services,PIPR
2011Q2,2011,Q2,2011-08-04,2011-06-30,10694000.0,135949000.0,0.0,0.55,0.0,0.0,2221549000.0,842123000.0,134980000.0,1259400000.0,1358909000.0,0.0,197482000.0,456350384.16,730905384.1600001,53.164330808080805,0.1071780212799746,0.1551295965112631,0.40923713044294,0.0,53.164330808080805,0.012698857530313268,3.3567763217088764,10.668374419300543,0.5419046673229445,0.0,0.0,0.0,0.061195589203749276,0.3480673336509449,0.004813758328085493,-4.12248084120761,0.0,0.4473684210526317,2.0281950517991127,0.49522539453040254,0.22180070628469797,0.0,0.4785013134245818,0.0,3.9858638670691504,0.4534552681336307,-0.07514774593431578,Capital Markets,Financial Services,PIPR
2011Q1,2011,Q1,2011-05-05,2011-03-31,7233000.0,124780000.0,0.0,0.38,0.0,0.0,1962002000.0,833578000.0,1559981000.0,1005900000.0,1128424000.0,0.0,186788000.0,628783110.0,833233110.0,54.9237662252092,1.5508310965304701,0.12625522298142408,0.2971683513720372,0.0,54.9237662252092,0.008677052417410248,5.03913375540952,21.733136665284114,0.7543182641576432,0.0,0.0,0.0,0.06359830418113743,0.33149120190873843,0.0036865405845661727,26.827507039849817,0.0,-0.38776433121019105,-0.6311961491778081,-0.33295778525007436,0.27625674098449277,0.0,-0.2321656050955414,0.0,3.1948582519117017,0.35943964411870083,-0.050859199520033906,Capital Markets,Financial Services,PIPR
2010Q4,2010,Q4,2011-02-28,2010-12-31,9420000.0,176372000.0,0.0,0.6206760229294327,0.0,0.0,2033787000.0,813312000.0,1630136000.0,1095500000.0,1220475000.0,0.0,179555000.0,531346739.646,799333739.646,53.58845621664361,1.4880292104062072,0.15664816423745456,0.3917180614573497,0.0,53.58845621664361,0.011582271010387158,3.0126479239675232,14.101558907802549,0.653312307756433,0.0,0.0,0.0,0.08672097913891672,0.3071227749885897,0.004631753472708794,-14.599443320401155,0.0,0.7241000636928686,-0.29970538805089614,0.0366642811620314,0.31069778727002906,0.0,0.33541253189679615,0.0,-0.3500475809109559,0.2556067191277837,-0.07049978308608619,Capital Markets,Financial Services,PIPR
2010Q3,2010,Q3,2010-11-03,2010-09-30,7054000.0,116463000.0,0.0,0.36,0.0,0.0,2060790000.0,804682000.0,1661674000.0,244623000.0,1256108000.0,0.0,170135000.0,437969534.96500003,626488534.965,53.52058530096441,6.792795444418554,0.11016309279451084,0.28212759823135103,0.0,53.52058530096441,0.008766195838853113,3.7605895002275402,15.522027748972214,0.5442765402544111,0.0,0.0,0.0,0.05651376413899524,1.2992891101817898,0.003422959156440006,28.893622837115718,0.0,0.0,-0.4164465029182413,-0.3029071443736646,0.373470375525883,0.0,-0.043914339929520194,0.0,0.7336527594168857,0.3421925998965718,-0.031144742223758175,Capital Markets,Financial Services,PIPR
2010Q2,2010,Q2,2010-08-04,2010-06-30,7378000.0,127653000.0,0.0,0.36,0.0,0.0,2003552000.0,817025000.0,1606693000.0,107740000.0,1186527000.0,0.0,163081000.0,512330235.9010001,642554235.901,51.38198855417898,14.912687952478189,0.0883775414863203,0.21672409045010863,0.0,51.38198855417898,0.00903032342951562,4.013460207758533,17.360064919388726,0.6270680039178729,0.0,0.0,0.0,0.063713345099104,3.7162706515685913,0.0036824599511267988,2.4346130695365815,0.0,10.999999999999998,6.1373608844987055,-0.14977034390215158,0.34858592898403634,0.0,13.466666666666667,0.0,-0.15056795166069037,0.11817810334012502,-0.07397118543437033,Capital Markets,Financial Services,PIPR
2010Q1,2010,Q1,2010-05-07,2010-03-31,510000.0,109586000.0,0.0,0.03,0.0,0.0,2186872000.0,838423000.0,1787766000.0,133978000.0,1348449000.0,0.0,155703000.0,638231084.163,784829084.163,52.94077161078487,13.343728074758543,0.0976371730947216,0.25466858614327137,0.0,52.94077161078487,0.0006082848395141832,5.824020259549577,312.8583745897059,0.7612280247118698,0.0,0.0,0.0,0.05011084325008505,2.5553672991088088,0.00023320980834726495,-2.796646484481603,0.0,-0.9612218413320274,-0.9149241899809317,-0.2511874287174244,0.3926978057470619,0.0,-0.9583741429970617,0.0,-0.9590297669657497,-0.13746031858005425,-0.02891916953266951,Capital Markets,Financial Services,PIPR
2009Q4,2009,Q4,2010-02-26,2009-12-31,12252000.0,111376000.0,0.0,0.7736313695775715,0.0,0.0,1703330000.0,778616000.0,1510042000.0,924700000.0,924714000.0,0.0,155193000.0,801510585.8369999,949637585.8369999,49.16436193723559,1.6330074618795285,0.12333429223931945,0.26981079248307255,0.0,49.16436193723559,0.01573561293371829,7.196438962047478,16.354688741368754,1.0294042067424762,0.0,0.0,0.0,0.06538721210804718,0.44525792148805016,0.007192969066475668,-4.597504737042263,0.0,0.6460241905905778,0.2694918011410095,-0.29959091227437423,0.3133033266151173,0.0,0.3222533995251457,0.0,-0.360328339142753,-0.18117636294017228,-0.0921144362899567,Capital Markets,Financial Services,PIPR
2009Q3,2009,Q3,2009-11-06,2009-09-30,9266000.0,119669000.0,0.0,0.47,0.0,0.0,1479910000.0,781750000.0,1289685000.0,50662000.0,698160000.0,0.0,142941000.0,764999336.031,709989336.031,48.764893019774185,25.45665390233311,0.008784317965281672,0.016629357211384713,0.0,48.764893019774185,0.011852894147745444,6.392627464347492,20.639956184734515,0.9785728634870484,0.0,0.0,0.0,0.08086234973748403,5.640855078757254,0.0062611915589461525,11.839712380341417,0.0,-0.2033898305084746,-0.05050786897565013,-0.22503459488173333,0.31863555548743183,0.0,-0.19955079474775397,0.0,-0.9441517459652916,0.15926428818892746,-0.015570327333975596,Capital Markets,Financial Services,PIPR
2009Q2,2009,Q2,2009-07-31,2009-06-30,11576000.0,132290000.0,0.0,0.59,0.0,0.0,1359923000.0,778109000.0,1167974000.0,109000000.0,581814000.0,0.0,133675000.0,703261647.7919999,689852647.7919999,48.31774714356681,10.715357798165138,0.046326152289504624,0.08096552025487432,0.0,48.31774714356681,0.014877093055086112,5.316060532103711,15.18792432170007,0.9038086537901503,0.0,0.0,0.0,0.09727756645045345,2.7004587155963304,0.008512246649258818,-10.106366909895668,0.0,4.470588235294118,0.07065442114698213,-0.23389743139303118,0.333175874690767,0.0,5.248073394495413,0.0,2.224212068016678,0.43112997732703484,0.11041852100435548,Capital Markets,Financial Services,PIPR
2009Q1,2009,Q1,2009-05-08,2009-03-31,-2725000.0,83882000.0,0.0,-0.17,0.0,0.0,1227763000.0,761554000.0,1034808000.0,100949000.0,466209000.0,0.0,122099000.0,409235735.86800003,381678735.86800003,47.99306780942778,10.250799908864872,0.04805487704060148,0.07747316670912371,0.0,47.99306780942778,-0.0035782098183451206,4.878707420757731,-37.54456292366972,0.5373692947158049,0.0,0.0,0.0,0.06832100332067345,2.2728605533487207,-0.002219483727722696,6.9257515928176145,0.0,0.9818639236251177,-1.2407572087195797,-0.5119445592085036,0.3546105521363636,0.0,0.9816794406346645,0.0,-1.1328945683517049,-0.5711149997224237,0.11520896183908343,Capital Markets,Financial Services,PIPR
2008Q4,2008,Q4,2009-03-02,2008-12-31,-148740000.0,63052000.0,0.0,-9.373582051928409,0.0,0.0,1320158000.0,747979000.0,1145053000.0,572200000.0,572179000.0,0.0,124824000.0,630911648.264,561592648.264,47.13757247290144,2.001141209367354,0.006817365800154224,0.01203242337017483,0.0,47.13757247290144,-0.19885585023108937,10.006211512148704,-1.0604270005781902,0.8434884512319196,0.0,0.0,0.0,0.047760949825702684,0.48342887102411747,-0.11266833212388214,-18.959960580117805,0.0,-4.449757006935122,-53.16003042735562,-0.6193208697869675,0.36058150421935603,0.0,-4.475629509645119,0.0,-11.575999012571184,-0.6455368403221113,0.15291830180254062,Capital Markets,Financial Services,PIPR
2008Q3,2008,Q3,2008-11-10,2008-09-30,-27164000.0,72709000.0,0.0,-1.72,0.0,0.0,1642072000.0,891180000.0,1319216000.0,13000000.0,750892000.0,0.0,333665000.0,682139000.0,614755000.0,56.50393101699214,101.47815384615384,0.007916827033162979,0.014587400973989542,0.0,56.50393101699214,-0.030480935389034763,9.381768419315353,-6.277969003092328,0.7654334702304809,0.0,0.0,0.0,0.044278813596480546,21.391692307692306,-0.016542514579141476,3.7326347469220247,0.0,-6.478260869565217,-3.0693298087896004,-0.5785513340827692,0.7154197360463375,0.0,-6.474958723170061,0.0,-3.1421782549468293,-0.5851343339917116,0.45003039328118777,Capital Markets,Financial Services,PIPR
2008Q2,2008,Q2,2008-08-01,2008-06-30,-3634000.0,94905000.0,0.0,-0.23,0.0,0.0,1624073000.0,923885000.0,1300566000.0,161500000.0,700188000.0,0.0,360829000.0,471391760.0,565160760.0,57.484133897461426,8.053040247678018,0.09944134284604202,0.17480530585516596,0.0,57.484133897461426,-0.0039333899781899264,4.966985511827617,-32.42926252063841,0.5102277447950773,0.0,0.0,0.0,0.05843641264893881,1.1430650154798763,-0.0022375841480031995,2.9130264117363525,0.0,-0.0454545454545455,-1.5041132896629976,0.0,0.0,0.0,-0.05731742798952575,0.0,-4.478070992578667,-0.3746130266194078,0.5087445288772448,Capital Markets,Financial Services,PIPR
2008Q1,2008,Q1,2008-05-12,2008-03-31,-3437000.0,95731000.0,0.0,-0.22,0.0,0.0,1677101000.0,915974000.0,1350378000.0,112250000.0,761127000.0,0.0,364463000.0,537552824.171,583080824.171,57.866826710468125,12.030093541202673,0.06693097195696622,0.12254714653472697,0.0,57.866826710468125,-0.0037522899121590785,5.615242963836166,-39.100438185263314,0.5868647190542527,0.0,0.0,0.0,0.05708123720634595,2.9037416481069043,-0.002049369715956284,-2.1368092291984673,0.0,-1.2303770838846257,-1.8878722316416623,0.0,0.0,0.0,-1.2273749669224663,0.0,-1.573634002426151,-0.3455294859538076,0.5222861347339481,Capital Markets,Financial Services,PIPR
2007Q4,2007,Q4,2008-02-28,2007-12-31,15116000.0,146502000.0,0.0,0.9549560932465727,0.0,0.0,1723156000.0,912589000.0,1394000000.0,864800000.0,810567000.0,0.0,367900000.0,733199280.0,778809280.0,57.652978709962724,1.6119333950046253,0.0,0.0,0.0,57.652978709962724,0.016563863908068143,5.004704918704181,12.126211960836201,0.803427698558716,0.0,0.0,0.0,0.08501958035140172,0.5334250693802035,0.0087722759866199,-40.206146084667694,0.0,2.6729080509483563,1.7903084909626807,-0.042039969287664965,0.814948665734193,0.0,2.470156106519743,0.0,0.5670369358059181,-0.07822877380271694,0.5400555553985478,Capital Markets,Financial Services,PIPR
2007Q3,2007,Q3,2007-11-09,2007-09-30,4356000.0,92894000.0,0.0,0.26,0.0,0.0,1657056000.0,889160000.0,1346822000.0,0.0,767896000.0,0.0,352784000.0,900571216.096,988176216.096,55.241053677932406,0.0,0.0,0.0,0.0,55.241053677932406,0.004899005803230015,9.69461123534351,51.685675854912766,1.0128337038283324,0.0,0.0,0.0,0.05605966243747948,0.0,0.0026287584728578875,6.272479304168553,0.0,-0.5,0.0,0.0,0.0,0.0,-0.5329187218528844,0.0,-0.5554408066006207,-0.40085633934345327,0.49375530205251644,Capital Markets,Financial Services,PIPR
2007Q2,2007,Q2,2007-08-03,2007-06-30,9326000.0,122576000.0,0.0,0.52,0.0,0.0,1577558000.0,947319000.0,1319366000.0,33000000.0,630239000.0,0.0,348428000.0,951478290.0,935433290.0,55.48638200667721,39.98078787878788,0.020918406803426562,0.034835150567021245,0.0,55.48638200667721,0.009844624672364853,7.7623538865683335,25.506066105511472,1.0043905907091486,0.0,0.0,0.0,0.07769983734353983,8.576727272727272,0.005911668540871397,4.673272544204322,0.0,-0.29729729729729726,0.2178637904614789,0.0,0.0,0.0,-0.3049634818899985,0.0,-0.18640151864868862,-0.330440357902219,0.530971749270122,Capital Markets,Financial Services,PIPR
2007Q1,2007,Q1,2007-05-04,2007-03-31,13418000.0,136950000.0,0.0,0.74,0.0,0.0,1822262000.0,930666000.0,1563445000.0,0.0,891596000.0,0.0,339102000.0,1057377722.929,1284163722.929,54.51736863686954,0.0,0.0,0.0,0.0,54.51736863686954,0.014417632104320992,7.720903416787149,19.7007326525749,1.136151662281635,0.0,0.0,0.0,0.07515384725138317,0.0,0.007363375848258922,-5.202836786361333,0.0,-0.3881362007168459,2.2140545665791618,0.0,0.0,0.0,-0.35009202751138235,0.0,0.10195487353525727,-0.25932847626607153,0.5387597876313386,Capital Markets,Financial Services,PIPR
