Quarters,Year,Quarter,FillingDate,Date,NetIncome,Revenue,OperatingIncome,EPSDiluted,GrossProfit,GrossProfitRatio,TotalAssets,CommonStockEquity,CurrentAssets,CurrentLiability,TotalLiability,Inventory,RetainedEarnings,MarketCap,EnterpriseValue,bookValuePerShare,currentRatio,debtToAssets,debtToEquity,roic,shareholdersEquityPerShare,roe,priceToSalesRatio,peRatio,pbRatio,payoutRatio,inventoryTurnover,dividendYield,assetTurnover,quickRatio,returnOnAssets,priceToFreeCashFlowsRatio,grossProfitMargin,epsdilutedGrowth,fiveYNetIncomeGrowthPerShare,fiveYRevenueGrowthPerShare,fiveYShareholdersEquityGrowthPerShare,grossProfitGrowth,netIncomeGrowth,operatingIncomeGrowth,threeYNetIncomeGrowthPerShare,threeYRevenueGrowthPerShare,threeYShareholdersEquityGrowthPerShare,Industry,Sector,Symbol
2023Q1,2023,Q1,2023-05-05,2023-03-31,102962000.0,245149000.0,203259000.0,0.51,218915000.0,0.89298753,22518255000.0,3630885000.0,4562932000.0,212887000.0,18887370000.0,0.0,1509400000.0,4417029760.0,4819250760.0,17.84604533658383,21.43358683245102,0.048417384029091064,0.3002780313890415,0.03335062983288269,17.84604533658383,0.028357273777605184,18.017735173302768,10.724902779666284,1.2165160174447829,0.35594685417921174,0.0,0.00829720468082153,0.010886678386047231,21.43358683245102,0.004572379165259475,38.22811881188119,0.8929875300327555,-0.10526315789473675,0.2035255950987155,0.30929137859675876,0.38547627905434956,-0.18354597973363568,-0.10999507291225462,-0.03889183106050576,164.70790340548461,0.24529507684530893,0.21907942386163037,Banks—Regional,Financial Services,HOMB
2022Q4,2022,Q4,2023-02-24,2022-12-31,115687000.0,268129000.0,211484000.0,0.57,268129000.0,1.0,22883588000.0,3526362000.0,4869579000.0,196877000.0,19357226000.0,0.0,1443087000.0,4647427960.0,5013057960.0,17.29253055059728,24.73411825657644,0.04765074428013649,0.3092195299291451,0.035704380451930647,17.29253055059728,0.03280633128419601,17.33280607468793,10.04310760932516,1.3179100614174042,0.2907846171134181,0.0,0.007238412362609275,0.011717087372836813,24.73411825657644,0.005055457212391693,33.3994118450272,1.0,0.0754716981132074,3.226149480926553,0.40734933213478036,0.36220321969116703,0.18119542903461705,0.06422887631663676,0.23091787439613526,0.2908109060051782,0.32340597192297477,0.14774441273564382,Banks—Regional,Financial Services,HOMB
2022Q3,2022,Q3,2022-11-04,2022-09-30,108705000.0,252174000.0,171810000.0,0.53,226998000.0,0.9001641724,23157370000.0,3460015000.0,19294302000.0,192908000.0,19697355000.0,0.0,1361040000.0,4610700790.0,3870847790.0,16.892212528499382,100.01815373131234,0.036298077026881724,0.24293767512568587,0.030591987488303732,16.892212528499382,0.03141749385479543,18.283807172825114,10.603699898808703,1.3325667056356694,0.3110344510372108,0.0,0.00733315856742029,0.01088957856613251,29.82869554398988,0.004694185911439857,27.283867625303273,0.9001641723571819,5.625,4.164880292178888,0.3940897026381893,0.10412891857660612,0.06580337397820483,5.803417198648141,3.5783036213925974,0.21934500731786008,0.24331855082556356,0.1436052829624939,Banks—Regional,Financial Services,HOMB
2022Q2,2022,Q2,2022-08-09,2022-06-30,15978000.0,239589000.0,37527000.0,0.08,212983000.0,0.8889514961,24253168000.0,3498565000.0,6688159000.0,197503000.0,20754603000.0,0.0,1286146000.0,4272035910.0,2314114910.0,17.009500055911282,33.86358181901034,0.03539558213590901,0.2453734602615644,0.007140850216538086,17.009500055911282,0.004567015333429563,17.830684672501658,66.84246948929778,1.221082332327683,2.123544874202028,0.0,0.007942348967754816,0.009878668221817455,33.86358181901034,0.0006588005327798826,496.748361627907,0.8889514961037444,-0.7999999999999999,-0.777820525999022,0.2915269969857209,0.6511533537288354,0.33957469825715597,-0.7537755039141959,-0.6333356131591547,-0.8193774026065157,0.2061207352034002,0.17867099688421098,Banks—Regional,Financial Services,HOMB
2022Q1,2022,Q1,2022-05-09,2022-03-31,64892000.0,158993000.0,102347000.0,0.4,158993000.0,1.0,18617995000.0,2686703000.0,6623714000.0,131339000.0,15931292000.0,0.0,1304098000.0,3701586200.0,1149996200.0,16.40364009353612,50.43219454998135,0.057356766934355714,0.39746410377328645,0.020830076054460387,16.40364009353612,0.024153023240752698,23.281441321316034,14.260564476360724,1.3777429808951716,0.41673858102693706,0.0,0.007305786908325949,0.008539748775311197,50.43219454998135,0.0034854451298327238,42.34303984259715,1.0,-0.11111111111111108,0.19888301596236374,0.0958636285615795,0.6133752349261489,-0.05532251164559369,-0.11539457720462941,-0.033486632733041845,-0.05827713398889482,0.023030345523132763,0.17804149032683572,Banks—Regional,Financial Services,HOMB
2021Q4,2021,Q4,2022-02-24,2021-12-31,73357000.0,168304000.0,105893000.0,0.45,168304000.0,1.0,18052138000.0,2765721000.0,6816858000.0,113868000.0,15286417000.0,0.0,1266249000.0,3989966650.0,1110744650.0,16.878663973294113,59.86631889556328,0.04271477428324556,0.2788036103424749,0.023381575801277938,16.878663973294113,0.026523644286607362,23.706903282156098,13.597770662649781,1.4426497285879523,0.31270362746568153,0.0,0.005749170860864212,0.009323217006207243,59.86631889556328,0.004063618392458555,46.5421641703994,1.0,-0.021739130434782625,0.29417345147915613,0.15400002722388684,0.7859731787122749,0.0,-0.02180232558139535,0.0,0.09051912201529258,0.10003089736698408,0.24278244844697455,Banks—Regional,Financial Services,HOMB
2021Q3,2021,Q3,2021-11-05,2021-09-30,74992000.0,171068000.0,0.0,0.46,0.0,0.0,17765056000.0,2736062000.0,0.0,0.0,15028994000.0,0.0,1215831000.0,3861884780.0,1352528780.0,16.670497057139027,0.0,0.04339417787368641,0.28175531110040636,0.0,16.670497057139027,0.027408735620757133,22.57514427011481,12.874322527736293,1.4114756098363268,0.3063126733518242,0.0,0.005948131886006189,0.009629465845759225,0.0,0.004221320777148127,44.28462238836777,0.0,-0.04166666666666659,0.4710598448023654,0.1803944121373449,0.8064084948792196,0.0,-0.051574554192487666,0.0,-0.007216326036817575,0.07166875265283919,0.24219103360976413,Banks—Regional,Financial Services,HOMB
2021Q2,2021,Q2,2021-08-05,2021-06-30,79070000.0,169506000.0,0.0,0.48,0.0,0.0,17627192000.0,2696189000.0,13294067000.0,0.0,14931003000.0,0.0,1163810000.0,4066795080.0,1896249080.0,16.36225657084251,0.0,0.04372261900817782,0.2858505097380043,0.0,16.36225657084251,0.029326579108512052,23.99204205160879,12.858211331731377,1.5083494072559454,0.2918679650942203,0.0,0.0056747388412794085,0.009616165751187143,0.0,0.004485683255733528,46.09154262010812,0.0,-0.12727272727272737,0.5482351688863977,0.19533621474800214,0.815905655263803,0.0,-0.13680923997292635,0.0,0.09447232067132698,0.08622982596025877,0.22612291985991614,Banks—Regional,Financial Services,HOMB
2021Q1,2021,Q1,2021-05-06,2021-03-31,91602000.0,190906000.0,0.0,0.55,0.0,0.0,17240241000.0,2645204000.0,13420166000.0,0.0,14595037000.0,0.0,1107818000.0,4470201850.0,2762168850.0,16.00660788952964,0.0,0.04469282070940888,0.29128755286926833,0.0,16.00660788952964,0.034629465251073265,23.41572213550124,12.200066183052773,1.68992707178728,0.2527674068251785,0.0,0.0051796318772495695,0.011073279080031423,0.0,0.0053132667925001745,37.905231448898085,0.0,0.10000000000000009,0.8784419616116372,0.39631740564932005,0.8302660257367076,0.0,0.1199109959165709,0.0,0.31823838703766527,0.2552678263086249,0.24267170237463362,Banks—Regional,Financial Services,HOMB
2020Q4,2020,Q4,2021-02-26,2020-12-31,81794000.0,179157000.0,0.0,0.5,0.0,0.0,16398804000.0,2605758000.0,12642656000.0,0.0,13793046000.0,0.0,1039370000.0,3216518120.0,2723056120.0,15.781091213003954,0.0,0.04697452326401364,0.29562453612346196,0.0,15.781091213003954,0.0313897146243051,17.953627935274646,9.831155463725946,1.2343886577341412,0.28269799740812285,0.0,0.0071888293917026025,0.01092500404297777,0.0,0.0049878027690312046,35.623117185163856,0.0,0.19047619047619052,0.8557654506264555,0.30063717199601847,0.8445781480453097,0.0,0.17994806693594922,0.0,2.690226589677839,0.16135019169620157,0.24314097336387047,Banks—Regional,Financial Services,HOMB
2020Q3,2020,Q3,2020-11-05,2020-09-30,69320000.0,173431000.0,0.0,0.42,0.0,0.0,16549758000.0,2540799000.0,12902320000.0,0.0,14008959000.0,0.0,980699000.0,2504432000.0,2234656000.0,15.380139225181598,0.0,0.046741529392756075,0.30445580307611897,0.0,15.380139225181598,0.027282756329800192,14.44050948215717,9.032140796306983,0.9856867859283636,0.30982400461627235,0.0,0.00857559718131696,0.010479367734561436,0.0,0.004188580884385137,38.50365906155833,0.0,0.1052631578947368,0.5936144441923542,0.31637064931896947,0.9130499635727097,0.0,0.10334728699444506,0.0,3.0836705263930035,0.18877193077332835,0.005294982028382166,Banks—Regional,Financial Services,HOMB
2020Q2,2020,Q2,2020-08-05,2020-06-30,62827000.0,171343000.0,0.0,0.38,0.0,0.0,16895406000.0,2492146000.0,13371309000.0,0.0,14403260000.0,0.0,932856000.0,2540206940.0,2225921940.0,15.089009039554863,0.0,0.05335006450865993,0.3616846685547315,0.0,15.089009039554863,0.025209999735168003,14.825274099321245,10.107943002212425,1.019284961635474,0.34171614114950577,0.0,0.00845167362624401,0.010141395832689666,0.0,0.003718584803466694,78.67827974973673,0.0,123.42698100851344,0.5175367890216844,0.3614294059796683,0.922386546425358,0.0,122.91913214990139,0.0,0.08796137034449736,0.15024039605161776,0.4647266408895606,Banks—Regional,Financial Services,HOMB
2020Q1,2020,Q1,2020-05-08,2020-03-31,507000.0,160632000.0,0.0,0.003054,0.0,0.0,15531732000.0,2430271000.0,12143857000.0,0.0,13101461000.0,0.0,891498000.0,1990507860.0,2740256860.0,14.638952136566795,0.0,0.0850635331590836,0.5436364915682242,0.0,14.638952136566795,0.00020861870960069885,12.391726804123712,981.51275147929,0.8190476946809636,42.61932938856016,0.0,0.010855521062850764,0.010342182056708164,0.0,3.2642850134164044e-05,21.50551935002917,0.0,-0.9930511154848178,-0.9867338889140971,0.3825157844867995,0.9035539663462687,0.0,-0.9930796320056783,0.0,-0.9907588010071718,0.09230844223888308,0.43980986584269566,Banks—Regional,Financial Services,HOMB
2019Q4,2019,Q4,2020-02-26,2019-12-31,73262000.0,165618000.0,0.0,0.439495,0.0,0.0,15032047000.0,2511531000.0,11673126000.0,0.0,12520516000.0,0.0,956555000.0,3277243360.0,3777638360.0,15.066534289964967,0.0,0.06592555225512534,0.3945784463739448,0.0,15.066534289964967,0.029170255115306163,19.787966042338393,11.18329884524037,1.3048787213854816,0.2960197646801889,0.0,0.006617451808644445,0.011017661134242063,0.0,0.004873720791320038,60.791010202188836,0.0,-0.001147727272727222,0.9764776062248037,0.3429316621057484,0.9971439918881121,0.0,0.006857881065926364,0.0,0.2705004293806958,0.11625659686074066,0.5942272552259747,Banks—Regional,Financial Services,HOMB
2019Q3,2019,Q3,2019-11-08,2019-09-30,72763000.0,165541000.0,0.0,0.44,0.0,0.0,14901935000.0,2469389000.0,11539917000.0,0.0,12432546000.0,0.0,904980000.0,3142110510.0000005,3760620510.0000005,14.771016521312612,0.0,0.07118578895962169,0.4295823784749993,0.0,14.771016521312612,0.029465993409705803,18.98085978700141,10.795701489768152,1.272424275802638,0.2988744279372758,0.0,0.00692114422162701,0.011108691589380841,0.0,0.00488278871166731,48.844386046728545,0.0,0.023255813953488393,1.1061032258784316,0.3818113210766282,1.040680950370113,0.0,0.0083005376642093,0.0,0.40127786273583355,0.12140425905287167,0.6005815321909558,Banks—Regional,Financial Services,HOMB
2019Q2,2019,Q2,2019-08-07,2019-06-30,72164000.0,162049000.0,0.0,0.43,0.0,0.0,15287575000.0,2421406000.0,11956684000.0,0.0,12866169000.0,0.0,853964000.0,3256823310.0,3968138310.0,14.431083907956923,0.0,0.08298353401373337,0.5239175090835655,0.0,14.431083907956923,0.029802519693103924,20.097768637881135,11.28271475389391,1.3450133145783896,0.302491547031761,0.0,0.006702543528528111,0.010600046115881688,0.0,0.004720434732127234,87.11111643084494,0.0,0.023809523809523832,0.970915939787699,0.33509124741242247,1.0954171555151415,0.0,0.011408549404344779,0.0,0.38766380076265605,0.12225055534208704,0.6015814668707452,Banks—Regional,Financial Services,HOMB
2019Q1,2019,Q1,2019-05-06,2019-03-31,71350000.0,160922000.0,0.0,0.42,0.0,0.0,15179501000.0,2361484000.0,11887648000.0,0.0,12818017000.0,0.0,803629000.0,3054351920.0000005,3966035920.0000005,13.924501155714893,0.0,0.09711478657961155,0.62424898919493,0.0,13.924501155714893,0.030214051841977334,18.980325375026414,10.702003924316749,1.2934036055294045,0.28540995094604066,0.0,0.006667208145418947,0.010601270753234906,0.0,0.004700418017693731,39.72313950917533,0.0,0.024390243902439046,1.0044819845106099,0.3378308223350282,1.0873257819683104,0.0,0.004505138673799803,0.0,0.42574318813481743,0.14692362265228126,0.5921887739442457,Banks—Regional,Financial Services,HOMB
2018Q4,2018,Q4,2019-02-26,2018-12-31,71030000.0,161556000.0,0.0,0.41,0.0,0.0,15302438000.0,2349886000.0,12089235000.0,0.0,12952552000.0,0.0,752184000.0,2827195820.0,4010439820.0,13.581350456297718,0.0,0.12031958567647848,0.7835201367215261,0.0,13.581350456297718,0.03022699824587235,17.499788432493997,9.950710333661833,1.2031204152031205,0.29207377164578346,0.0,0.0073380131129367615,0.01055753338128212,0.0,0.004641744014907951,64.44779383605362,0.0,-0.10869565217391314,2.9857231023607747,0.45115905544122753,1.0305286167158911,0.0,-0.11526580638732499,0.0,0.5379303392053668,0.11927984675309183,0.5874607107009622,Banks—Regional,Financial Services,HOMB
2018Q3,2018,Q3,2018-11-05,2018-09-30,80284000.0,169659000.0,0.0,0.46,0.0,0.0,14912738000.0,2341026000.0,11732498000.0,0.0,12571712000.0,0.0,701900000.0,3717316400.0,4917706400.0,13.420236184361386,0.0,0.11617229512112397,0.7400374878365298,0.0,13.420236184361386,0.03429436494938544,21.910516978173867,11.575520651686512,1.587900518832341,0.26062478202381545,0.0,0.005628791781081643,0.011376784062054869,0.0,0.005383585495835842,50.58674541396767,0.0,0.0454545454545455,1.819928746432536,0.9037631234145509,1.7698060570913052,0.0,0.05602104570864847,0.0,0.7479043800437913,0.21952955562944018,0.6692685266200231,Banks—Regional,Financial Services,HOMB
2018Q2,2018,Q2,2018-08-06,2018-06-30,76025000.0,164215000.0,0.0,0.44,0.0,0.0,14924120000.0,2314013000.0,11763862000.0,0.0,12610107000.0,0.0,642540000.0,3911971680.0,5094581680.0,13.344711452512355,0.0,0.11245909306545378,0.7252997282210601,0.0,13.344711452512355,0.03285418016234135,23.822255457784003,12.864096284117066,1.6905573477763522,0.2508516935218678,0.0,0.004875035291666529,0.011003328839489363,0.0,0.005094102700862764,50.2959883773255,0.0,0.047619047619047665,1.7923039305869266,0.9222972915203531,1.8131675275836623,0.0,0.040526114091755175,0.0,0.7490631519345926,0.24278997352739895,0.7001576243336223,Banks—Regional,Financial Services,HOMB
2018Q1,2018,Q1,2018-05-07,2018-03-31,73064000.0,159910000.0,0.0,0.42,0.0,0.0,14323229000.0,2238181000.0,11205198000.0,0.0,12085048000.0,0.0,585586000.0,3963488410.0,4936160410.0,12.880801790965752,0.0,0.10355716577595736,0.6627136053786534,0.0,12.880801790965752,0.03264436611694943,24.78574454380589,13.561700734972078,1.770852495843723,0.2617705025730866,0.0,0.004825547099303868,0.011164381997941945,0.0,0.005101084399334815,39.97950745425568,0.0,2.2307692307692304,1.6943859060623274,0.9037946515118913,1.74107225954703,0.0,2.13458320820284,0.0,0.826549816091722,0.31494037784585444,0.6749355493598447,Banks—Regional,Financial Services,HOMB
2017Q4,2017,Q4,2018-02-27,2017-12-31,23309000.0,162228000.0,0.0,0.13,0.0,0.0,14449760000.0,2204291000.0,11346748000.0,0.0,12245469000.0,0.0,530658000.0,4037153250.0,5068439250.0,12.694530669599922,0.0,0.11538039386121292,0.7563515887875059,0.0,12.694530669599922,0.010574375161900131,24.88567479103484,43.30036949247072,1.831497406649122,0.8193830709168133,0.0,0.0047308087697686485,0.01122703768090266,0.0,0.001613106376853318,53.82296888331911,0.0,0.27172945423241357,-0.11011801976398919,1.2557693374225816,1.7654100950985108,0.0,0.5727008973753458,0.0,-0.39631599376588084,0.2628305857930298,0.6827231245553956,Banks—Regional,Financial Services,HOMB
2017Q3,2017,Q3,2017-11-07,2017-09-30,14821000.0,127379000.0,0.0,0.102223,0.0,0.0,14255967000.0,2206716000.0,11225236000.0,0.0,12049251000.0,0.0,526448000.0,3637682360.0,4497530360.0,15.29913060358574,0.0,0.09905802952546117,0.6399409801714403,0.0,15.29913060358574,0.006716315103529408,28.557944088114997,61.36027191147696,1.6484596839828958,1.060049929154578,0.0,0.004318958733934098,0.008935135722466249,0.0,0.0010396348420279031,232.54378060474335,0.0,-0.7079342857142856,-0.2811384997288469,1.0190239974943625,2.3779537665619976,0.0,-0.7041539413537736,0.0,-0.5027829672529497,0.2323680793166541,1.1136422354490356,Banks—Regional,Financial Services,HOMB
2017Q2,2017,Q2,2017-08-04,2017-06-30,50097000.0,129228000.0,0.0,0.35,0.0,0.0,10872228000.0,1476032000.0,8568605000.0,0.0,9396196000.0,0.0,527338000.0,3567721800.0,4564549800.0,10.301587080024008,0.0,0.13404023535930262,0.9873200581017214,0.0,10.301587080024008,0.03394032107704982,27.607962670628655,17.804069105934488,2.417103287733599,0.25752041040381657,0.0,0.0036160330662553344,0.011886064199536655,0.0,0.004607795200762898,149.74698006295907,0.0,0.06060606060606049,1.5366333294311447,1.018582461879616,1.336718956176084,0.0,0.06916936998463377,0.0,0.6022720275551079,0.24680416332830163,0.4958074136491865,Banks—Regional,Financial Services,HOMB
2017Q1,2017,Q1,2017-05-09,2017-03-31,46856000.0,125595000.0,0.0,0.33,0.0,0.0,10717468000.0,1441568000.0,8534640000.0,0.0,9275900000.0,0.0,490142000.0,3838119950.0,4936805950.0,10.167281447261699,0.0,0.1414303266405834,1.051476586605696,0.0,10.167281447261699,0.032503496193034255,30.55949639714957,20.478273593563255,2.6624619511531886,0.270232200785385,0.0,0.003299011017099661,0.011718719384093332,0.0,0.0043719281457150145,67.04959471027026,0.0,-0.05714285714285704,1.5739357239303486,1.1447779012887394,1.3891900091040006,0.0,-0.035686355217122864,0.0,0.5745210284805788,0.24891591686583028,0.5241069292229052,Banks—Regional,Financial Services,HOMB
2016Q4,2016,Q4,2017-02-28,2016-12-31,48590000.0,125022000.0,0.0,0.35,0.0,0.0,9808465000.0,1327490000.0,7849774000.0,0.0,8480975000.0,0.0,455948000.0,3900713050.0,5050088050.0,9.450681664471576,0.0,0.13926990614739412,1.029027713956414,0.0,9.450681664471576,0.03660291226299257,31.200213162483404,20.069525879810662,2.9384123797542734,0.26015641078411195,0.0,0.0032406895452102022,0.012746336965060282,0.0,0.00495388422143526,71.9051955832473,0.0,0.12903225806451607,1.7572221016828538,1.1159466893160073,1.2511021114193603,0.0,0.11393856029344337,0.0,2.358519874762355,0.38329268658633875,0.41295813173595647,Banks—Regional,Financial Services,HOMB
2016Q3,2016,Q3,2016-11-04,2016-09-30,43620000.0,124006000.0,0.0,0.31,0.0,0.0,9764238000.0,1296018000.0,7650232000.0,0.0,8468220000.0,0.0,419999000.0,2922473160.0,4107508160.0,9.228531145860035,0.0,0.15169591318851508,1.142881503188999,0.0,9.228531145860035,0.0336569399499081,23.56719158750383,16.749616918844566,2.2549634032860655,0.2896607060981201,0.0,0.004323392999099435,0.012700018168340427,0.0,0.0044673224884522475,45.79243434659981,0.0,0.0,1.4683391582814973,1.1989338674974341,1.266309290311412,0.0,0.0025511963042129213,0.0,0.9031035556366529,0.728408259847605,0.9046789575615242,Banks—Regional,Financial Services,HOMB
2016Q2,2016,Q2,2016-08-05,2016-06-30,43509000.0,120809000.0,0.0,0.31,0.0,0.0,9582126000.0,1264915000.0,7466873000.0,0.0,8317211000.0,0.0,389014000.0,2778159780.0,4034480780.0,9.01052129190352,0.0,0.15045878127672294,1.139772237660238,0.0,9.01052129190352,0.03439677764909105,22.996298123484177,15.963132800110323,2.1963213180332275,0.2823094072490749,0.0,0.004421271983139861,0.01260774487832867,0.0,0.004540641607092204,125.0747244732577,0.0,0.05084745762711869,1.6074998314642697,1.1878903928278102,1.0356369990038492,0.0,0.05025707871677891,0.0,0.9739245202182744,0.7468362680304378,0.899486998665077,Banks—Regional,Financial Services,HOMB
2016Q1,2016,Q1,2016-05-06,2016-03-31,41427000.0,116148000.0,0.0,0.295,0.0,0.0,9397451000.0,1227782000.0,7281283000.0,0.0,8169669000.0,0.0,357788000.0,2874485250.0,4113472250.0,8.745508939383146,0.0,0.14866361101537,1.1378721955526307,0.0,8.745508939383146,0.033741331930261236,24.748469624961256,17.3466896589181,2.3412016546911425,0.2543510271079248,0.0,0.003665699797902946,0.012359521746907753,0.0,0.004408323065478075,38.4896661846228,0.0,0.11320754716981121,1.6425851783356125,1.1139483149806617,1.0394277908794247,0.0,0.10669729917452515,0.0,0.8908451809803399,0.7114820486177483,0.8610698571712423,Banks—Regional,Financial Services,HOMB
2015Q4,2015,Q4,2016-02-26,2015-12-31,37433000.0,116986000.0,0.0,0.265,0.0,0.0,9289122000.0,1199757000.0,7161911000.0,0.0,8089365000.0,0.0,326898000.0,2841140840.0,4052088840.0,8.555393128627864,0.0,0.15790200623912573,1.2225567344053838,0.0,8.555393128627864,0.031200484764831546,24.286161079103483,18.974840648625545,2.368096906290191,0.28100873560761896,0.0,0.0037023859753464385,0.012593870550951963,0.0,0.0040297672912466866,40.67896338931604,0.0,0.019230769230769246,3.201578580359129,0.4558131401281208,1.0427822989267215,0.0,0.04734058923924904,0.0,0.7695480557812698,1.014195971669606,0.8637294391750493,Banks—Regional,Financial Services,HOMB
2015Q3,2015,Q3,2015-11-05,2015-09-30,35741000.0,108253000.0,0.0,0.26,0.0,0.0,8515553000.0,1091278000.0,6502138000.0,0.0,7424275000.0,0.0,299984000.0,2748694500.0,3797016500.0,8.039590976734592,0.0,0.14995831744573723,1.1701674550389543,0.0,8.039590976734592,0.03275150786509029,25.39139331011612,19.22648009289052,2.5187848559212225,0.28443524243865587,0.0,0.0036984830434957394,0.012712386382892573,0.0,0.004197143743923618,122.61651871347638,0.0,0.040000000000000036,2.12918735397894,1.3558813820822588,0.8324025013617135,0.0,0.05412021471126054,0.0,0.8420977118488194,0.8233155358035296,0.7750921490344979,Banks—Regional,Financial Services,HOMB
2015Q2,2015,Q2,2015-08-06,2015-06-30,33906000.0,103072000.0,0.0,0.25,0.0,0.0,8074382000.0,1061701000.0,6105420000.0,0.0,7012681000.0,0.0,274409000.0,2472625920.0,3195947920.0,7.849102495859948,0.0,0.11489832906097333,0.8738175814094552,0.0,7.849102495859948,0.031935544941560756,23.989307668425955,18.23147761458149,2.3289286908461047,0.24915944080693683,0.0,0.0034166106290756666,0.012765311326612985,0.0,0.004199206824745225,74.59126730821443,0.0,0.08695652173913039,2.170187853598769,1.3842026454317533,0.8253314530059942,0.0,0.08955943314373856,0.0,0.8185780358765313,0.7054539003030276,0.7804195070690223,Banks—Regional,Financial Services,HOMB
2015Q1,2015,Q1,2015-05-07,2015-03-31,31119000.0,94607000.0,0.0,0.23,0.0,0.0,7513974000.0,1039563000.0,5546741000.0,0.0,6474411000.0,0.0,248951000.0,2290591210.0,2431323210.0,7.690326828330054,0.0,0.04502317947866202,0.32542808853335486,0.0,7.690326828330054,0.029934693712646565,24.211646178401175,18.401870320383047,2.203417407122031,0.2714418843793181,0.0,0.0036876942350616984,0.012590807474180774,0.0,0.004141483587779249,33.14029934315229,0.0,0.0454545454545455,0.812133116061393,0.7997521439847327,0.8191061215029009,0.0,0.03986500033415759,0.0,0.7930086719133054,0.6945622137505895,0.8071351836079154,Banks—Regional,Financial Services,HOMB
2014Q4,2014,Q4,2015-02-27,2014-12-31,29926000.0,99567000.0,0.0,0.22,0.0,0.0,7403272000.0,1015292000.0,5425935000.0,0.0,6387980000.0,0.0,226279000.0,2164078560.0,2810333560.0,7.5440400647932115,0.0,0.10249292475002944,0.7473544556639863,0.0,7.5440400647932115,0.029475264258952104,21.73489770707162,18.078581835193475,2.131483908077676,0.2256900354207044,0.0,0.0031209587881134964,0.013449053337497258,0.0,0.004042266716662578,34.81464864864865,0.0,0.07317073170731714,2.1924822232578354,1.6528236514905603,0.83579580314591,0.0,0.09334697307369114,0.0,0.772371137954383,0.7587934793726291,0.7969502223666104,Banks—Regional,Financial Services,HOMB
2014Q3,2014,Q3,2014-11-06,2014-09-30,27371000.0,94911000.0,0.0,0.205,0.0,0.0,7196371000.0,958681000.0,5286668000.0,0.0,6237690000.0,0.0,203107000.0,1947618430.0,2584514430.0,7.238278241698503,0.0,0.10760687574334342,0.807754612848278,0.0,7.238278241698503,0.02855068578599138,20.520471072899873,17.789068996383033,2.031560477364212,0.24281173504804354,0.0,0.003412372720256092,0.013188730820020257,0.0,0.0038034448196181104,45.91165766955046,0.0,-0.046511627906976785,1.5725028827727097,1.0645967587762686,0.4607013296037398,0.0,-0.03721551936402969,0.0,0.6422884584782044,0.7845372713156978,0.7775501827697969,Banks—Regional,Financial Services,HOMB
2014Q2,2014,Q2,2014-08-07,2014-06-30,28429000.0,94242000.0,0.0,0.215,0.0,0.0,6666140000.0,897235000.0,4819857000.0,0.0,5768905000.0,0.0,182382000.0,2137894800.0,2404278800.0,6.886974209395149,0.0,0.06149525812539191,0.4568881062374963,0.0,6.886974209395149,0.031685121512201375,22.685159483033043,18.800298990467482,2.382759031914716,0.17183158042843574,0.0,0.002284958081192769,0.014137416855931619,0.0,0.004264686910265911,33.36706829816457,0.0,0.023809523809523832,2.509529485275292,1.061183105022571,0.7552142381809537,0.0,0.03994586092109595,0.0,0.8358637492208061,0.839096176487885,0.5558899488342898,Banks—Regional,Financial Services,HOMB
2014Q1,2014,Q1,2014-05-08,2014-03-31,27337000.0,92379000.0,0.0,0.21,0.0,0.0,6780776000.0,868868000.0,4953327000.0,0.0,5911908000.0,0.0,158838000.0,2241533660.0,2442735660.0,6.670976459929672,0.0,0.06131466369040948,0.4785088183705695,0.0,6.670976459929672,0.03146277685448192,24.264536961863627,20.499082379193037,2.5798322184727716,0.17869554084208217,0.0,0.002179311463027506,0.013623661952555283,0.0,0.004031544472196102,29.23421793283339,0.0,1.2105263157894737,1.9373218414419513,1.1065663893383462,0.7207859906903381,0.0,1.110965250965251,0.0,0.8796117132466494,0.8122898792879941,0.5556527217548789,Banks—Regional,Financial Services,HOMB
2013Q4,2013,Q4,2014-02-28,2013-12-31,12950000.0,80899000.0,0.0,0.095,0.0,0.0,6811861000.0,840955000.0,5000498000.0,0.0,5970906000.0,0.0,136386000.0,2348007750.0,2593960750.0,6.688578700389724,0.0,0.06040742757375701,0.4893091782556736,0.0,6.688578700389724,0.015399159289141512,29.023940345368917,45.32833494208494,2.7920730003389007,0.37683397683397685,0.0,0.0020783577055910486,0.011876196534251066,0.0,0.001901095750485807,-192.94993425918318,0.0,-0.42424242424242425,1.9596779880126924,1.40760200368198,1.0652727151739685,0.0,-0.29477754179600285,0.0,1.849500681789336,0.12286954505362578,0.5970405998544428,Banks—Regional,Financial Services,HOMB
2013Q3,2013,Q3,2013-11-07,2013-09-30,18363000.0,57480000.0,0.0,0.165,0.0,0.0,4161306000.0,545142000.0,3097245000.0,0.0,3616164000.0,0.0,128316000.0,1709057280.0,1870041280.0,4.845189846416382,0.0,0.06568250448296761,0.5013831258644537,0.0,4.845189846416382,0.03368480139119716,29.733077244258872,23.2676752164679,3.135068074006406,0.2297554865762675,0.0,0.0024686124036755516,0.013812971216247976,0.0,0.0044127973285309945,61.379732797011926,0.0,0.06451612903225812,1.1677093569901396,0.5027239327115699,0.451391061384675,0.0,0.03986635709836344,0.0,0.9395952074735459,0.5091515008723216,0.10432707582243599,Banks—Regional,Financial Services,HOMB
2013Q2,2013,Q2,2013-08-07,2013-06-30,17659000.0,55407000.0,0.0,0.155,0.0,0.0,4091337000.0,533510000.0,3139056000.0,0.0,3557827000.0,0.0,114172000.0,1459834640.0,1420454640.0,4.743660418963616,0.0,0.032591790898672,0.24993720829975072,0.0,4.743660418963616,0.03309966073738074,26.347476672622594,20.667006059233252,2.7362835560720513,0.23880174415312305,0.0,0.002888683337449781,0.01354251678607751,0.0,0.004316192970659713,38.543488844884486,0.0,0.0,1.4206284216217702,0.5667695273291047,0.436437096750502,0.0,0.006325507180305448,0.0,0.9857647653257878,0.5414177378653975,0.10315192975005573,Banks—Regional,Financial Services,HOMB
2013Q1,2013,Q1,2013-05-07,2013-03-31,17548000.0,54355000.0,0.0,0.155,0.0,0.0,4225507000.0,528395000.0,3286104000.0,0.0,3697112000.0,0.0,100730000.0,1046853640.0,877958640.0,4.699183593611042,0.0,0.03158484887138987,0.2525799827780354,0.0,4.699183593611042,0.03321000387967335,19.259564713457824,14.914144631866879,1.9811952043452343,0.2082858445406884,0.0,0.003491414520944876,0.012863545131980613,0.0,0.004152874436132753,22.382058496536388,0.0,0.03333333333333337,0.8539916758564263,0.21622900740767,0.4187031692626438,0.0,0.03595253556880571,0.0,0.2284622638606875,0.24307879652922182,0.11156701555427945,Banks—Regional,Financial Services,HOMB
2012Q4,2012,Q4,2013-03-04,2012-12-31,16939000.0,46508000.0,0.0,0.15,0.0,0.0,4242130000.0,515473000.0,3304282000.0,0.0,3726657000.0,0.0,86837000.0,926970460.0000001,854370460.0000001,4.590469490257543,0.0,0.03754128232751,0.30894925631410375,0.0,4.590469490257543,0.032861080987753,19.93141954072418,13.681009209516501,1.7982910065124655,0.4304858610307574,0.0,0.007866485842493836,0.01096336038735258,0.0,0.0039930412316454235,89.96219526397516,0.0,0.052631578947368474,1.4175529443675032,0.4681746884326975,0.5684437870160022,0.0,0.05243864554209382,0.0,1.1657371439933646,0.4851105519703444,0.11706254901963292,Banks—Regional,Financial Services,HOMB
2012Q3,2012,Q3,2012-11-07,2012-09-30,16095000.0,49251000.0,0.0,0.1425,0.0,0.0,3887909000.0,509978000.0,2940699000.0,0.0,3377931000.0,0.0,77190000.0,979901500.0000001,983645500.0000001,4.529111900532859,0.0,0.04099195737348791,0.31250955923588863,0.0,4.529111900532859,0.03156018494915467,19.896073176179165,15.220588692140415,1.9214583766358553,0.21018949984467225,0.0,0.003452387816530539,0.012667734764368199,0.0,0.00413975738629685,20.77955552728121,0.0,0.03636363636363619,1.264163410301954,0.5327345269261898,0.521077151288299,0.0,0.03905745642349903,0.0,0.7793305798446691,0.2601846958402008,-0.08601471867706739,Banks—Regional,Financial Services,HOMB
2012Q2,2012,Q2,2012-08-07,2012-06-30,15490000.0,50212000.0,0.0,0.1375,0.0,0.0,4056405000.0,495435000.0,3155315000.0,0.0,3560970000.0,0.0,64478000.0,859145100.0,685469100.0,4.408569140416444,0.0,0.04557089343889478,0.3731145357110418,0.0,4.408569140416444,0.03126545359128846,17.110354098621844,13.866124919302775,1.7341227406218778,0.181536475145255,0.0,0.0032730210531375903,0.012378448404436934,0.0,0.0038186522302383515,86.49401993355482,0.0,0.07843137254901968,1.258607799528085,0.588384924912133,0.5336948808896476,0.0,0.06842323079045386,0.0,1.216804793540073,0.27311701416999656,0.1235679254770582,Banks—Regional,Financial Services,HOMB
2012Q1,2012,Q1,2012-05-08,2012-03-31,14498000.0,46637000.0,0.0,0.1275,0.0,0.0,4147952000.0,480535000.0,3199049000.0,0.0,3667417000.0,0.0,51800000.0,751200300.0,592046300.0,4.255534891958909,0.0,0.04510273985812758,0.38932439884711834,0.0,4.255534891958909,0.030170539086643012,16.107388982996333,12.9535160022072,1.5632582434161921,0.1950613877776245,0.0,0.0037646417340355164,0.01124337986553364,0.0,0.0034952188453482584,20.43137324230968,0.0,0.01625608809204498,1.178991942291033,0.4986996544127504,0.45172551959477636,0.0,0.02336415613750265,0.0,0.7968106055513914,0.22666514420835399,0.09772008175457025,Banks—Regional,Financial Services,HOMB
2011Q4,2011,Q4,2012-03-05,2011-12-31,14167000.0,47499000.0,0.0,0.12546050301098122,0.0,0.0,3604117000.0,474066000.0,2776148000.0,0.0,3130051000.0,0.0,40130000.0,731439300.0,734243300.0,4.198246546227417,0.0,0.051915073789224934,0.39468765952420126,0.0,4.198246546227417,0.029884024587293754,15.39904629571149,12.907448648267101,1.5429060510561823,0.15917272534763888,0.0,0.003082962591701048,0.013179094907296294,0.0,0.003930782491245429,21.663930930308325,0.0,0.04550419175817685,1.2638076072880093,0.5701186046437703,0.46583641547397453,0.0,-0.010131358300726662,0.0,2.1689655302506745,0.5739613198763891,0.29631786241696284,Banks—Regional,Financial Services,HOMB
2011Q3,2011,Q3,2011-11-08,2011-09-30,14312000.0,45672000.0,0.0,0.12,0.0,0.0,3622166000.0,463139000.0,2852762000.0,0.0,3159027000.0,0.0,28218000.0,603369480.0,637800480.0,4.072052824083843,0.0,0.051690618265424614,0.40426740136330563,0.0,4.072052824083843,0.030902169758970848,13.210927482921702,10.539573085522639,1.302782706703603,0.16161263275572946,0.0,0.0038334719880097354,0.012609030066540296,0.0,0.003951226973032158,-212.978990469467,0.0,0.0666666666666666,1.2736002140233889,0.472098524836136,0.39849223696184427,0.0,0.05654805846744426,0.0,0.6713162658517878,0.18117261094592002,0.21979556172247694,Banks—Regional,Financial Services,HOMB
2011Q2,2011,Q2,2011-08-09,2011-06-30,13546000.0,44826000.0,0.0,0.1125,0.0,0.0,3694469000.0,504449000.0,2993114000.0,0.0,3190020000.0,0.0,15766000.0,673527240.0,588108240.0,4.426389035133902,0.0,0.05263408625163724,0.3854799989691723,0.0,4.426389035133902,0.0268530614591366,15.02537009771115,12.4303713273291,1.335174100850631,0.1596781337664255,0.0,0.003211451403212734,0.012133272738247363,0.0,0.003666562095933137,31.302097876097967,0.0,0.0714285714285715,0.9312653011330582,0.1640742338130139,0.2431493183261072,0.0,0.06527209814407046,0.0,0.8324594840312057,0.2509263914477926,0.3403635279831287,Banks—Regional,Financial Services,HOMB
2011Q1,2011,Q1,2011-05-06,2011-03-31,12716000.0,44567000.0,0.0,0.105,0.0,0.0,3703780000.0,488325000.0,3032951000.0,0.0,3215455000.0,0.0,4428000.0,647669750.0,582290750.0,4.288217007973586,0.0,0.052534977779457745,0.39846004198023854,0.0,4.288217007973586,0.026040034812880766,14.532496017232482,12.733362496067945,1.3263088107305585,0.17010066058508966,0.0,0.0033396650067414758,0.012032842123452257,0.0,0.0034332492750649337,23.805261513581065,0.0,1.8660085463895124,0.8295993033317962,0.17383808984469476,0.4614158326489486,0.0,1.9209821105236475,0.0,0.3265840036530963,-0.015324027349527855,0.2946306392390029,Banks—Regional,Financial Services,HOMB
2010Q4,2010,Q4,2011-03-10,2010-12-31,-13807000.0,65254000.0,0.0,-0.12124591661105062,0.0,0.0,3762646000.0,476925000.0,3139733000.0,0.0,3285721000.0,0.0,-6079000.0,627172070.0,561241070.0,4.188108117601602,0.0,0.058894990387083984,0.46464538449441734,0.0,4.188108117601602,-0.02895004455627195,9.611243295430166,-11.356052545810096,1.3150329087382713,-0.15651481132758746,0.0,0.00344562537678057,0.01734258285259894,0.0,-0.0036694921605699817,52.544576910187665,0.0,-2.5644634401425885,-3.4405293158993864,0.0,0.45469054511066415,0.0,-2.444246861924686,0.0,-2.943140322411731,1.0312988402400094,0.4309673924082614,Banks—Regional,Financial Services,HOMB
2010Q3,2010,Q3,2010-11-08,2010-09-30,9560000.0,38460000.0,0.0,0.0775,0.0,0.0,3392137000.0,498468000.0,2868495000.0,0.0,2893669000.0,0.0,9934000.0,577148960.0,600805960.0,4.38745907122487,0.0,0.06831209942287118,0.4648723689384273,0.0,4.38745907122487,0.01917876373207508,15.006473218928758,15.092807531380753,1.1578455587921392,0.2260460251046025,0.0,0.003744267337846368,0.01133798546462009,0.0,0.002818282398381905,-381.2080317040951,0.0,0.06896551724137938,0.6943470329419963,0.0,0.0,0.0,0.06732164787317182,0.0,0.33287328803295413,0.18624761690544908,0.4735038329849085,Banks—Regional,Financial Services,HOMB
2010Q2,2010,Q2,2010-08-09,2010-06-30,8957000.0,36205000.0,0.0,0.0725,0.0,0.0,3038889000.0,487115000.0,2557509000.0,0.0,2551774000.0,0.0,2580000.0,645979200.0,737620200.0,4.300097104519774,0.0,0.09209122149575058,0.5745152582039149,0.0,4.300097104519774,0.018387855023967645,17.84226488054136,18.030010048007142,1.3261328433737412,0.24338506196271073,0.0,0.003374721662864687,0.011913893531484697,0.0,0.002947458758776645,37.63351004951937,0.0,-0.4313190261044177,0.9206195286343902,0.0,0.0,0.0,-0.3768609990260192,0.0,0.2956502029425334,0.13619422013659124,0.49595859937162984,Banks—Regional,Financial Services,HOMB
2010Q1,2010,Q1,2010-05-10,2010-03-31,14374000.0,44000000.0,0.0,0.127488,0.0,0.0,3078199000.0,478338000.0,2583168000.0,0.0,2599861000.0,0.0,63907000.0,679919587.7393,788920587.7393,4.227530619256283,0.0,0.09811256517203729,0.6313736311980231,0.0,4.227530619256283,0.03004988104645669,15.45271790316591,11.825511126674899,1.421420810680523,0.15082788367886463,0.0,0.003188612358129725,0.014294072605442338,0.0,0.004669613627968822,54.04336600741595,0.0,0.8303582543616291,2.0868341561994983,0.0,0.0,0.0,0.8238802182464154,0.0,1.1559958338207843,0.41110530837098275,0.4421721923698222,Banks—Regional,Financial Services,HOMB
2009Q4,2009,Q4,2010-03-05,2009-12-31,7881000.0,31555000.0,0.0,0.0696519381909001,0.0,0.0,2684865000.0,464973000.0,2231689000.0,0.0,2219892000.0,0.0,51746000.0,618977900.9715,757331900.9715,4.109411325521811,0.0,0.11614885664642356,0.6706712002632411,0.0,4.109411325521811,0.016949371253814738,19.61584221110759,19.635131993766656,1.3312125671200263,0.2745844435985281,0.0,0.003496086042172996,0.011752918675613113,0.0,0.0029353431178103925,269.12082650934786,0.0,-0.04228225843359278,1.1144594436068944,0.0,1.6796822906494866,0.0,0.08868628263572316,0.0,0.25679862390726027,0.0409717065578344,0.43481920387072553,Banks—Regional,Financial Services,HOMB
2009Q3,2009,Q3,2009-11-03,2009-09-30,7239000.0,31277000.0,0.0,0.072727,0.0,0.0,2631736000.0,446536000.0,2184545000.0,0.0,2185200000.0,0.0,46074000.0,448919961.59999996,655019961.5999999,4.9553444602272725,0.0,0.12541417528201917,0.7391498109894835,0.0,4.9553444602272725,0.01621145887453643,14.353037746586947,15.503521259842518,1.005338789257753,0.25196850393700787,0.0,0.004063085084252132,0.011884550730012433,0.0,0.0027506558408594175,30.607483575373283,0.0,0.33333944449537073,1.438720906951892,0.0,0.0,0.0,0.3304539606689947,0.0,0.45146869054610567,0.27241054382746926,0.70184696969369,Banks—Regional,Financial Services,HOMB
2009Q2,2009,Q2,2009-08-05,2009-06-30,5441000.0,30711000.0,0.0,0.054545,0.0,0.0,2579926000.0,343354000.0,2136412000.0,0.0,2236572000.0,0.0,40704000.0,378669906.56,657755906.56,3.9237228479485116,0.0,0.12603849877864715,0.9470400810824979,0.0,3.9237228479485116,0.01584661894138411,12.330106690111036,17.398911347178828,1.1028556724546679,0.39275868406542913,0.0,0.005643437629922656,0.011903829799769452,0.0,0.002108975218669063,45.295443368421054,0.0,-0.14285938776793003,0.8883860407980471,0.0,0.0,0.0,-0.12874299439551642,0.0,0.01026076895891019,0.03864837012145733,0.10197575156884216,Banks—Regional,Financial Services,HOMB
2009Q1,2009,Q1,2009-05-06,2009-03-31,6245000.0,29426000.0,0.0,0.063636,0.0,0.0,2586151000.0,338813000.0,2116030000.0,0.0,2247338000.0,0.0,37126000.0,396660931.91999996,671618931.92,3.8767031438078106,0.0,0.12581593263502402,0.9603498094819266,0.0,3.8767031438078106,0.018431996410999577,13.479947390742879,15.879140589271417,1.170737049404834,0.22305844675740594,0.0,0.003511815477408663,0.011378299256307926,0.0,0.0024147855248978114,54.22569130827067,0.0,1.5929219849893392,1.1692073996624792,0.0,0.0,0.0,1.665778251599147,0.0,0.17077271975145783,0.009858934859616978,0.3211727257053932,Banks—Regional,Financial Services,HOMB
2008Q4,2008,Q4,2009-03-06,2008-12-31,-9380000.0,23357000.0,0.0,-0.10732609282677248,0.0,0.0,2580093000.0,283044000.0,2091339000.0,0.0,2297049000.0,0.0,32639000.0,535307850.0,811689850.0,3.238593456083261,0.0,0.12811553692056837,1.1678396291742628,0.0,3.238593456083261,-0.033139723859187974,22.918519073511153,-14.267266791044776,1.8912531267223471,-0.13763326226012793,0.0,0.0024116963724705328,0.009052774454254169,0.0,-0.003635527866631164,52.96931031070651,0.0,-2.4757393103905354,-4.258152987803692,0.0,1.1118356969967353,0.0,-2.4290067032297378,0.0,-3.1603405972420515,0.0,0.124887693376817,Banks—Regional,Financial Services,HOMB
2008Q3,2008,Q3,2008-11-03,2008-09-30,6564000.0,29639000.0,0.0,0.072727,0.0,0.0,2650590000.0,291039000.0,2141479000.0,0.0,2359551000.0,0.0,43310000.0,512584217.2,777629217.2,3.338307624544629,0.0,0.12290848452608664,1.1193688818337062,0.0,3.338307624544629,0.022553678373001557,17.294248024562233,19.522555499695308,1.7612217510368027,0.18296770262035345,0.0,0.0023430296128907025,0.011182038715908534,0.0,0.002476429776012133,69.25877816511282,0.0,0.15200139392691375,1.285650857440252,0.0,0.0,0.0,0.1609480014149275,0.0,0.516046131504643,0.0,0.0,Banks—Regional,Financial Services,HOMB
2008Q2,2008,Q2,2008-08-07,2008-06-30,5654000.0,27408000.0,0.0,0.063131,0.0,0.0,2611619000.0,287855000.0,2098083000.0,0.0,2323764000.0,0.0,70220000.0,411083270.7696,748359270.7695999,3.30237949833981,0.0,0.15432419506826991,1.40013548487954,0.0,3.30237949833981,0.019641833562036443,14.998659908406303,18.176656825680936,1.4280914723371143,0.17845772904138663,0.0,0.0024544905418092643,0.010494639532029748,0.0,0.0021649405981500366,120.41103420316344,0.0,-0.23077579169255885,0.9699937549156875,0.0,0.0,0.0,-0.2231382247870294,0.0,0.5755820073382281,0.0,0.0,Banks—Regional,Financial Services,HOMB
2008Q1,2008,Q1,2008-05-06,2008-03-31,7278000.0,34365000.0,0.0,0.082071,0.0,0.0,2571145000.0,286391000.0,2034695000.0,0.0,2284754000.0,0.0,65575000.0,378559376.712,616360376.712,3.3123092239607765,0.0,0.11570370399180131,1.0387582012004568,0.0,3.3123092239607765,0.025412809760083244,11.015841021737232,13.003551,1.3218270710741609,0.12585875240450672,0.0,0.002419699672891403,0.01336564059981059,0.0,0.0028306454906277165,71.62902113755914,0.0,0.3153058994328083,1.5553460000294062,0.0,0.0,0.0,0.3490268767377201,0.0,1.0453485984157078,0.0,0.0,Banks—Regional,Financial Services,HOMB
2007Q4,2007,Q4,2008-03-05,2007-12-31,5395000.0,24391000.0,0.0,0.06239689188301444,0.0,0.0,2291630000.0,253056000.0,1733216000.0,0.0,2038574000.0,0.0,59489000.0,380375092.152,621676092.152,2.9267669828263396,0.0,0.12930621435397513,1.1709740136570561,0.0,2.9267669828263396,0.021319391755184623,15.59489533647657,17.62627859833179,1.5031261544954477,0.14402224281742354,0.0,0.002042720504132028,0.010643515750797467,0.0,0.0023542194856935894,64.94367289602185,0.0,-0.011628330249569375,0.8942142992798358,0.0,0.9084985735132021,0.0,0.031943381790359604,0.0,0.8942142992798358,0.0,0.9084985735132021,Banks—Regional,Financial Services,HOMB
2007Q3,2007,Q3,2007-11-07,2007-09-30,5228000.0,23632000.0,0.0,0.063131,0.0,0.0,2267672000.0,246577000.0,1692426000.0,0.0,2021095000.0,0.0,54871000.0,399582146.30399996,621161146.3039999,2.977568821342731,0.0,0.11933956939098776,1.0975192333429313,0.0,2.977568821342731,0.02120230191785933,16.908520070412997,19.107791999999996,1.6205166998706286,0.13198163733741392,0.0,0.0017268038784572014,0.01042126021752705,0.0,0.0023054480542159536,134.35848900605245,0.0,0.03447654316941696,0.9165095000220546,0.0,0.0,0.0,0.0329974313376803,0.0,0.9165095000220546,0.0,0.0,Banks—Regional,Financial Services,HOMB
2007Q2,2007,Q2,2007-08-08,2007-06-30,5061000.0,23328000.0,0.0,0.061027,0.0,0.0,2239920000.0,238382000.0,1655539000.0,0.0,2001538000.0,0.0,50333000.0,391631432.38320005,558163432.3832,2.874476009112825,0.0,0.09825038394228365,0.9231947042981433,0.0,2.874476009112825,0.02123062982943343,16.788041511625515,19.34555583793717,1.6428733393595156,0.11914641375222289,0.0,0.0015397129804687944,0.010414657666345226,0.0,0.0022594556948462444,-204.6141235021944,0.0,0.07407863705163852,0.8534352126871848,0.0,0.0,0.0,0.0630119722747322,0.0,0.8534352126871848,0.0,0.0,Banks—Regional,Financial Services,HOMB
2007Q1,2007,Q1,2007-05-08,2007-03-31,4761000.0,22267000.0,0.0,0.056818,0.0,0.0,2203576000.0,236857000.0,1607409000.0,0.0,1966719000.0,0.0,45875000.0,373777211.7489,485299211.7489,2.931363287701085,0.0,0.07827367878394029,0.7282115369189004,0.0,2.931363287701085,0.020100735887054213,16.78615043557282,19.627032753040325,1.5780712064617046,0.09031716026044949,0.0,0.001150417913355483,0.010104938518117824,0.0,0.0021605789861570465,-108.40406373227958,0.0,0.025223218016525294,0.788742209508141,0.0,0.0,0.0,0.06319785618579724,0.0,0.788742209508141,0.0,0.0,Banks—Regional,Financial Services,HOMB
