Quarters,Year,Quarter,FillingDate,Date,NetIncome,Revenue,OperatingIncome,EPSDiluted,GrossProfit,GrossProfitRatio,TotalAssets,CommonStockEquity,CurrentAssets,CurrentLiability,TotalLiability,Inventory,RetainedEarnings,MarketCap,EnterpriseValue,bookValuePerShare,currentRatio,debtToAssets,debtToEquity,roic,shareholdersEquityPerShare,roe,priceToSalesRatio,peRatio,pbRatio,payoutRatio,inventoryTurnover,dividendYield,assetTurnover,quickRatio,returnOnAssets,priceToFreeCashFlowsRatio,grossProfitMargin,epsdilutedGrowth,fiveYNetIncomeGrowthPerShare,fiveYRevenueGrowthPerShare,fiveYShareholdersEquityGrowthPerShare,grossProfitGrowth,netIncomeGrowth,operatingIncomeGrowth,threeYNetIncomeGrowthPerShare,threeYRevenueGrowthPerShare,threeYShareholdersEquityGrowthPerShare,Industry,Sector,Symbol
2023Q1,2023,Q1,2023-05-04,2023-03-31,217000000.0,4180000000.0,340000000.0,0.93,750000000.0,0.1794258373,17117000000.0,7441000000.0,6607000000.0,4148000000.0,9438000000.0,1800000000.0,7632000000.0,11481196328.55,14768196328.55,31.828347808259377,1.5928158148505305,0.24753169363790384,0.5694127133449806,0.020759715321121204,31.828347808259377,0.02916274694261524,2.7466976862559807,13.22718471031106,1.5429641618801238,0.17972350230414746,1.9055555555555554,0.003396858557589481,0.24420167085353742,1.0887174541947926,0.012677455161535315,-39.59033216741379,0.17942583732057416,-0.14678899082568808,-0.13364313874418052,0.34918913370427956,0.7099735137361938,-0.09963985594237695,-0.14901960784313725,0.6504854368932039,0.48008652904918475,0.613797502328213,0.38592107200655235,Auto Parts,Consumer Cyclical,BWA
2022Q4,2022,Q4,2023-02-09,2022-12-31,255000000.0,4108000000.0,206000000.0,1.09,833000000.0,0.202775073,16994000000.0,7224000000.0,6617000000.0,4236000000.0,9486000000.0,1687000000.0,7454000000.0,9423418992.75,12313418992.75,30.855679899588853,1.5620868744098206,0.24879369189125575,0.5852713178294574,0.015451910720142814,30.855679899588853,0.03529900332225914,2.2939189368914312,9.23864607132353,1.3044599934593022,0.1568627450980392,1.941315945465323,0.004244743869584319,0.24173237613275272,1.120868744098206,0.015005295986818877,13.898848071902655,0.20277507302823758,-0.06034482758620676,2.5622431224754165,0.4226253950229278,0.7408620520188827,0.033498759305210915,-0.06593406593406594,-0.4704370179948586,0.021881288568092655,0.41528236881180547,0.3533457449359587,Auto Parts,Consumer Cyclical,BWA
2022Q3,2022,Q3,2022-10-27,2022-09-30,273000000.0,4060000000.0,389000000.0,1.16,806000000.0,0.1985221675,16077000000.0,6775000000.0,6547000000.0,3816000000.0,9040000000.0,1658000000.0,7239000000.0,7357020000.0,10443020000.0,28.915919760990185,1.7156708595387842,0.2691422529078808,0.6386715867158672,0.025399662077249963,28.915919760990185,0.04029520295202952,1.8120738916256158,6.737197802197802,1.0859070110701106,0.14285714285714285,1.962605548854041,0.005301059396331667,0.2525346768675748,1.2112159329140462,0.016980779996267962,44.0540119760479,0.19852216748768473,0.2747252747252746,0.3221025449614942,0.504639846917501,0.5857612237276899,0.13202247191011235,0.2638888888888889,0.43014705882352944,0.23304117111290046,0.42756093935077955,0.3319359046289623,Auto Parts,Consumer Cyclical,BWA
2022Q2,2022,Q2,2022-08-03,2022-06-30,216000000.0,3759000000.0,272000000.0,0.91,712000000.0,0.1894120777,16144000000.0,6889000000.0,6480000000.0,3651000000.0,8973000000.0,1653000000.0,7005000000.0,7905352999.999999,10915353000.0,29.079780498100465,1.7748562037797864,0.27254707631318137,0.6386993758165191,0.019015659955257273,29.079780498100465,0.03135433299462912,2.103046820963022,9.14971412037037,1.1475327333430105,0.18981481481481483,1.8433151845130067,0.00518635916701,0.23284192269573836,1.2440427280197206,0.013379583746283449,127.50569354838709,0.1894120776802341,-0.03191489361702119,-0.09436447191315504,0.39818456488539455,0.695290016347179,-0.050666666666666665,-0.03571428571428571,-0.22727272727272727,0.09042182453591452,0.27947291877195296,0.36133610570306457,Auto Parts,Consumer Cyclical,BWA
2022Q1,2022,Q1,2022-05-04,2022-03-31,224000000.0,3874000000.0,352000000.0,0.94,750000000.0,0.193598348,16678000000.0,7050000000.0,6640000000.0,3859000000.0,9340000000.0,1644000000.0,6830000000.0,9265980000.0,12244980000.0,29.596977329974813,1.7206530189168179,0.26861734020865813,0.6354609929078014,0.021352137772849198,29.596977329974813,0.03177304964539007,2.3918378936499742,10.341495535714285,1.3143234042553191,0.18303571428571427,1.900243309002433,0.004424788311651871,0.2322820482072191,1.2143042238922,0.013430867010432905,-151.90131147540984,0.19359834796076406,0.4687499999999999,0.05170171636108014,0.42971417329179484,0.840101667483502,0.2,0.45454545454545453,0.2988929889298893,0.21819073971452546,0.31368191895503617,0.4352972650222954,Auto Parts,Consumer Cyclical,BWA
2021Q4,2021,Q4,2022-02-15,2021-12-31,154000000.0,3655000000.0,271000000.0,0.64,625000000.0,0.170998632,16575000000.0,6948000000.0,6597000000.0,3798000000.0,9313000000.0,1534000000.0,6671000000.0,10806744522.44,13487744522.44,28.976937443996896,1.7369668246445498,0.27282051282051284,0.6508347725964306,0.02308200710700607,28.976937443996896,0.022164651698330456,2.9567016477264025,17.543416432532467,1.5553748593033967,0.2597402597402597,1.9752281616688396,0.003701392210849508,0.2205128205128205,1.2522380200105319,0.009291101055806938,29.207417628216216,0.17099863201094392,0.6,1.4648101013825536,0.43231338426456756,0.911173805575087,-0.038461538461538464,0.6041666666666666,0.07114624505928854,-0.42112491154811793,0.22821198165795098,0.42158777236789874,Auto Parts,Consumer Cyclical,BWA
2021Q3,2021,Q3,2021-11-03,2021-09-30,96000000.0,3416000000.0,253000000.0,0.4,650000000.0,0.19028103044496486,16491000000.0,6646000000.0,6462000000.0,3637000000.0,9471000000.0,1649000000.0,6582000000.0,10360516792.75,13402516792.75,27.718082576822432,1.776739070662634,0.2758474319325693,0.6844718627746013,0.013245527995446555,27.718082576822432,0.014444778814324405,3.0329381711797425,26.980512481119792,1.5589101403475776,0.4270833333333333,1.6773802304426926,0.003957331552098892,0.20714329027954642,1.2147374209513335,0.005821357103874841,-1036.051679275,0.19028103044496486,-0.6116504854368932,0.02316957971661931,0.3696903734192335,0.5904481722670003,-0.14698162729658792,-0.611336032388664,-0.20189274447949526,-0.592406451814849,0.19258457085256925,0.41419887622858725,Auto Parts,Consumer Cyclical,BWA
2021Q2,2021,Q2,2021-08-04,2021-06-30,247000000.0,3758000000.0,317000000.0,1.03,762000000.0,0.20276742948376797,16863000000.0,6649000000.0,6537000000.0,3862000000.0,9841000000.0,1567000000.0,6527000000.0,11562228000.0,14586228000.0,27.913518052057096,1.6926462972553082,0.27142264128565496,0.6883741916077606,0.02513627613382091,27.913518052057096,0.0371484433749436,3.0766971793507185,11.70265991902834,1.7389423973529854,0.1659919028340081,1.91193363114231,0.003546029363890766,0.2228547707999763,1.2009321595028484,0.014647453003617387,86.93404511278196,0.20276742948376797,2.814814814814815,0.35146941418403616,0.4513129673860554,0.6244973857231153,-0.06845965770171149,2.8,-0.21339950372208435,-0.20428492699415354,0.2214319285260589,0.47007107040313845,Auto Parts,Consumer Cyclical,BWA
2021Q1,2021,Q1,2021-05-05,2021-03-31,65000000.0,4009000000.0,403000000.0,0.27,818000000.0,0.20404090795709653,15971000000.0,6367000000.0,6582000000.0,3921000000.0,9317000000.0,1361000000.0,6321000000.0,11019772000.0,13248772000.0,26.78586453512831,1.6786534047436878,0.24945213198923047,0.6257264017590702,0.026337378748776365,26.78586453512831,0.010208889586932621,2.7487582938388626,42.38373846153846,1.7307636249411027,0.6153846153846154,2.3445995591476856,0.003629839165456418,0.25101746916285766,1.2555470543228768,0.0040698766514307184,75.9984275862069,0.20404090795709653,-0.8198008198395292,-0.6373623738257427,0.6178796637090936,0.5783383556316827,0.05958549222797927,-0.8184357541899442,0.8071748878923767,-0.744766033588213,0.27268415400488205,0.439066808416278,Auto Parts,Consumer Cyclical,BWA
2020Q4,2020,Q4,2021-02-22,2020-12-31,358000000.0,3926000000.0,223000000.0,1.498342,772000000.0,0.19663779928680591,16029000000.0,6428000000.0,6167000000.0,3810000000.0,9305000000.0,1286000000.0,6296000000.0,9232282363.92,11588282363.92,26.90319795359243,1.6186351706036746,0.249922016345374,0.6232109520846297,0.013522201579162563,26.90319795359243,0.05569383945239577,2.3515747233622006,6.447124555810056,1.4362604797635345,0.11452513966480447,2.452566096423017,0.004440938695747551,0.24493106244931062,1.2034120734908136,0.022334518684883647,47.34503776369231,0.19663779928680591,1.8270603773584906,1.62269493977208,0.6974448291370239,0.6603931326502591,0.4932301740812379,2.225225225225225,-0.2147887323943662,3.1491272139277617,0.33223571816449593,0.5178649943145536,Auto Parts,Consumer Cyclical,BWA
2020Q3,2020,Q3,2020-10-29,2020-09-30,111000000.0,2534000000.0,284000000.0,0.53,517000000.0,0.20402525651144435,10892000000.0,4757000000.0,5165000000.0,2199000000.0,5974000000.0,815000000.0,5979000000.0,7980440000.0,8695440000.0,23.09223300970874,2.348794906775807,0.26037458685273596,0.5961740592810595,0.017738861645013596,23.09223300970874,0.023334034055076728,3.149344909234412,17.973963963963964,1.6776203489594281,0.3153153153153153,2.474846625766871,0.004385723092962293,0.2326478149100257,1.863574351978172,0.010190965846492839,21.45279569892473,0.20402525651144435,2.127659574468085,-0.2303047396405177,0.46800073691587823,0.39682227420066823,1.971264367816092,2.13265306122449,4.641025641025641,-0.3885928105982242,0.06811546735908026,0.2663877884141261,Auto Parts,Consumer Cyclical,BWA
2020Q2,2020,Q2,2020-08-05,2020-06-30,-98000000.0,1426000000.0,-78000000.0,-0.47,174000000.0,0.12201963534361851,10337000000.0,4611000000.0,4641000000.0,1970000000.0,5574000000.0,836000000.0,5903000000.0,7271799999.999999,8327799999.999999,22.383495145631066,2.3558375634517765,0.29592725162039274,0.6634135762307526,-0.009491525423728813,22.383495145631066,-0.021253524181305574,5.099438990182327,-18.55051020408163,1.5770548687920192,-0.35714285714285715,1.4976076555023923,0.00481311367199318,0.1379510496275515,1.7959390862944162,-0.009480506916900455,727.18,0.12201963534361851,-1.7460317460317463,-1.7238809384894749,-0.23226150186085331,0.3682121630600258,-0.610738255033557,-1.7596899224806202,-1.4126984126984128,-1.4725237222934604,-0.39002850014483675,0.30491066993516736,Auto Parts,Consumer Cyclical,BWA
2020Q1,2020,Q1,2020-05-06,2020-03-31,129000000.0,2279000000.0,189000000.0,0.63,447000000.0,0.1961386573058359,9502000000.0,4724000000.0,3741000000.0,2124000000.0,4638000000.0,847000000.0,6036000000.0,5012909000.0,6061909000.0,22.965483714146817,1.7612994350282485,0.20521995369395918,0.4127857747671465,0.02085850725492281,22.965483714146817,0.027307366638441997,2.199609039052216,9.71493992248062,1.0611577053344623,0.2713178294573643,2.1629279811097994,0.006981973939682528,0.2398442433171964,1.24105461393597,0.013576089244369606,34.33499315068493,0.1961386573058359,-0.4056603773584906,-0.20848104048589478,0.2607844166288498,0.47988423536515257,-0.1798165137614679,-0.41363636363636364,-0.604602510460251,-0.29863879436071944,-0.026039381572019158,0.42780880648134517,Auto Parts,Consumer Cyclical,BWA
2019Q4,2019,Q4,2020-02-13,2019-12-31,220000000.0,2559000000.0,478000000.0,1.06,545000000.0,0.21297381789761627,9702000000.0,4706000000.0,3836000000.0,2329000000.0,4858000000.0,807000000.0,5942000000.0,8953959215.34,10166959215.34,22.799554374812747,1.6470588235294117,0.21078128220985365,0.43455163620909476,0.03488836192294663,22.799554374812747,0.04674883127921802,3.499007118147714,10.174953653795454,1.9026687665405866,0.1590909090909091,2.4956629491945477,0.003908885349850343,0.2637600494743352,1.1820523829969944,0.022675736961451247,182.73386153755104,0.21297381789761627,0.12765957446808524,0.725097031665521,0.4093255188834924,0.4276049414998792,0.04007633587786259,0.13402061855670103,0.7318840579710145,1.7713638469093684,0.1649377453980177,0.5037445273207827,Auto Parts,Consumer Cyclical,BWA
2019Q3,2019,Q3,2019-10-31,2019-09-30,194000000.0,2492000000.0,276000000.0,0.94,524000000.0,0.2102728731942215,10199000000.0,4457000000.0,3987000000.0,2525000000.0,5621000000.0,810000000.0,5757000000.0,7530404000.0,8689404000.0,21.70969313200195,1.579009900990099,0.20345131875674086,0.46555979358312766,0.0320383841510602,21.70969313200195,0.04352703612295266,3.021831460674157,9.704128865979381,1.6895678707650885,0.18041237113402062,2.4296296296296296,0.0046478250038112165,0.24433768016472204,1.148118811881188,0.019021472693401313,29.53099607843137,0.2102728731942215,0.1325301204819277,0.28798537437381183,0.3563980624373833,0.32144212387701876,0.021442495126705652,0.12790697674418605,-0.031578947368421054,1.4148286494334703,0.16697293205089958,0.24569012544691732,Auto Parts,Consumer Cyclical,BWA
2019Q2,2019,Q2,2019-07-25,2019-06-30,172000000.0,2551000000.0,285000000.0,0.83,513000000.0,0.20109760878087024,10231000000.0,4394000000.0,3849000000.0,2313000000.0,5729000000.0,817000000.0,5598000000.0,8629115000.0,10019115000.0,21.361205639280506,1.6640726329442284,0.20525852800312774,0.47792444242148385,0.031323031214333594,21.361205639280506,0.03914428766499772,3.382640141121129,12.542318313953489,1.9638404642694585,0.20348837209302326,2.4944920440636476,0.004056035873899003,0.24934024044570424,1.1988759187202767,0.016811650865018082,28.763716666666667,0.20109760878087024,0.07792207792207785,0.0009323144227578614,0.28518952679760184,0.2702352114344198,-0.011560693641618497,0.075,0.07954545454545454,0.08979592714687361,0.14083339081622817,0.24316908575226084,Auto Parts,Consumer Cyclical,BWA
2019Q1,2019,Q1,2019-04-25,2019-03-31,160000000.0,2566000000.0,264000000.0,0.77,519000000.0,0.20226032735775526,10104000000.0,4274000000.0,3719000000.0,2299000000.0,5719000000.0,807000000.0,5461000000.0,8398436675.56,9991436675.560001,20.620799642863574,1.6176598521096128,0.20655186064924783,0.48830135704258304,0.027087776059023797,20.620799642863574,0.03743565746373421,3.2729683069212783,13.1225573055625,1.9650062413570428,0.21875,2.536555142503098,0.004167442269565749,0.25395882818685667,1.1130926489778163,0.01583531274742676,-109.07060617610391,0.20226032735775526,-0.30000000000000004,0.10349034864784586,0.3510046210885161,0.2731881261779456,-0.04384672070744289,-0.30434782608695654,-0.006024096385542169,0.023716387884339867,0.18759122046683677,0.21506621365326695,Auto Parts,Consumer Cyclical,BWA
2018Q4,2018,Q4,2019-02-19,2018-12-31,230000000.0,2572800000.0,265600000.0,1.1,542800000.0,0.21097636815920398,10095300000.0,4225500000.0,3804600000.0,2398900000.0,5750500000.0,780800000.0,5336100000.0,7201602000.0,8575502000.0,20.383502170767006,1.5859769060819542,0.20933503709647064,0.5001301621109928,0.038885334262256134,20.383502170767006,0.05443142823334517,2.799130130597015,7.827828260869565,1.7043194888178914,0.15304347826086956,2.5998975409836067,0.004887801353087826,0.25485126742147335,1.136687648505565,0.022782879161590046,17.23283560660445,0.21097636815920398,0.12244897959183684,0.7884881076902399,0.5004107064583561,0.3048558852623501,0.05275407292474787,0.12855740922473013,-0.04460431654676259,0.9420716408935008,0.2821063708864131,0.258015016730896,Auto Parts,Consumer Cyclical,BWA
2018Q3,2018,Q3,2018-10-25,2018-09-30,203800000.0,2478500000.0,278000000.0,0.98,515600000.0,0.20802904982852533,9716400000.0,4066400000.0,3490600000.0,2099600000.0,5546200000.0,810300000.0,5127300000.0,8838264600.0,10612764600.0,19.59984768955661,1.6625071442179462,0.21986538224033592,0.5253541215817431,0.034228735322190354,19.59984768955661,0.050118040527247686,3.565973209602582,10.841835868498528,2.1734862777887076,0.17271835132482827,2.4224361347649017,0.003982682301681712,0.2550841875591783,1.1539817108020576,0.02097484665102301,70.42441912350597,0.20802904982852533,-0.2461538461538462,0.3401087869817223,0.5050641347763775,0.3245251461890823,-0.10980662983425414,-0.2501839587932303,-0.11125319693094629,0.4031685217015709,0.4256680154955993,0.18557195452699488,Auto Parts,Consumer Cyclical,BWA
2018Q2,2018,Q2,2018-07-26,2018-06-30,271800000.0,2694000000.0,312800000.0,1.3,579200000.0,0.214996288047513,9777200000.0,3960300000.0,3543700000.0,2236300000.0,5723200000.0,800200000.0,4958800000.0,9001881200.0,10812981200.0,18.987869779929998,1.5846263918078969,0.2222517694227386,0.5486958058732925,0.0460736536414736,18.987869779929998,0.06863116430573442,3.3414555308092058,8.279876011773363,2.2730301239805066,0.13061074319352464,2.642839290177456,0.003943620140199141,0.2755390091232664,1.1147431024460046,0.027799369962770527,55.49865104808878,0.214996288047513,0.217130455787268,0.7178053877836709,0.5651783306145841,0.3638509477058042,-0.021290976681311254,0.20746334962239005,-0.06206896551724138,0.9829232123300501,0.43254002151326654,0.1606513734550043,Auto Parts,Consumer Cyclical,BWA
2018Q1,2018,Q1,2018-04-26,2018-03-31,225100000.0,2784300000.0,333500000.0,1.068086,591800000.0,0.2125489351003843,10034800000.0,3910700000.0,3697800000.0,2436600000.0,6019000000.0,800400000.0,4722400000.0,10553413815.84,12469213815.84,18.613357196811936,1.5176065008618567,0.23174353250687607,0.594650574066024,0.03817789945499633,18.613357196811936,0.057560027616539236,3.790329280551665,11.7208061037761,2.698599692085816,0.1581519324744558,2.739255372313843,0.0033733160303604016,0.27746442380515807,1.0903718295986211,0.022431936859728146,-83.95715048400955,0.2125489351003843,2.525837142857143,0.7381492030798947,0.6492483171093217,0.3805081369382697,0.04576780349885139,2.539671682626539,0.5956937799043063,0.35223324458433136,0.5080544985888786,0.19943538858771342,Auto Parts,Consumer Cyclical,BWA
2017Q4,2017,Q4,2018-02-08,2017-12-31,-146200000.0,2586400000.0,209000000.0,-0.7,565900000.0,0.21879832972471389,9787600000.0,3716800000.0,3543200000.0,2425200000.0,5961700000.0,766300000.0,4531000000.0,10713573000.0,12356573000.0,17.724368144969002,1.4609929078014185,0.22357881400956311,0.5887591476538958,-0.02263514431553647,17.724368144969002,-0.03933491175204477,4.142272270337148,-18.320063269493847,2.882472287989669,-0.24350205198358413,2.6366958110400627,0.0033228877051568136,0.264252727941477,1.057314860630051,-0.014937267563038948,27.74818181818182,0.21879832972471389,-1.7954545454545456,-2.325183485444396,0.6528209671100539,0.32459551621773797,0.08264779031949493,-1.7906976744186047,-0.2424791591156216,-2.1284059134343183,0.4020511413408377,0.1098197417697824,Auto Parts,Consumer Cyclical,BWA
2017Q3,2017,Q3,2017-10-26,2017-09-30,184900000.0,2416200000.0,275900000.0,0.88,522700000.0,0.21633142951742407,9816200000.0,3825700000.0,3401100000.0,2381200000.0,5899900000.0,773400000.0,4712800000.0,10748207690.0,12729007690.0,18.2347249562685,1.4283134554006383,0.24399462113648865,0.6260553624173354,0.0314990702254363,18.2347249562685,0.04833102438769375,4.448393216621141,14.532460370470524,2.8094747863136154,0.15900486749594375,2.448280320662012,0.0027353397745889666,0.24614412909272426,1.033260540903746,0.018836209531183146,120.4956019058296,0.21633142951742407,-0.12,0.9927209564067858,0.5530043378273571,0.36902970820844283,0.016530532866588878,-0.12783018867924528,-0.07879799666110184,0.20122225045745332,0.286913207910582,0.10992511630691632,Auto Parts,Consumer Cyclical,BWA
2017Q2,2017,Q2,2017-07-27,2017-06-30,212000000.0,2389700000.0,299500000.0,1.0,514200000.0,0.21517345273465288,9288500000.0,3612000000.0,3193200000.0,2106100000.0,5596600000.0,701400000.0,4557300000.0,8919829920.0,10752429920.0,17.153277738730697,1.5161673234889133,0.2389729235075631,0.6145348837209302,0.03819403006432691,17.153277738730697,0.058693244739756366,3.7326149391136965,10.518667358490566,2.4694988704318934,0.13867924528301886,2.6739378386084973,0.003296026971778852,0.25727512515476125,1.1046009211338492,0.022823922054152984,41.37212393320965,0.21517345273465288,0.12359550561797751,0.8722964148288945,0.37106446934090076,0.33872805953545715,-0.005992654165861202,0.12050739957716702,0.023231978134608814,0.20516301169796528,0.1760716262531885,0.020012528468117245,Auto Parts,Consumer Cyclical,BWA
2017Q1,2017,Q1,2017-04-27,2017-03-31,189200000.0,2407000000.0,292700000.0,0.89,517300000.0,0.21491483174075612,9083700000.0,3403400000.0,3107300000.0,2151200000.0,5604000000.0,656900000.0,4374700000.0,8842596840.0,10779596840.0,16.0844250363901,1.4444496095202677,0.2526943866486123,0.6744432038549686,0.035857969080117576,16.0844250363901,0.055591467356173235,3.6737003905276278,11.684192441860464,2.5981656108597284,0.1569767441860465,2.8766935606637234,0.0033587418421758557,0.2649801292424893,1.0657772406098922,0.020828517013992097,-125.24924702549575,0.21491483174075612,1.6402877697841727,0.2972464616712862,0.3634307862547778,0.387127774163411,0.03253493013972056,1.6450733037845209,1.6390829694323144,0.2781777410598371,0.24136024969409103,-0.0069008318104518546,Auto Parts,Consumer Cyclical,BWA
2016Q4,2016,Q4,2017-02-09,2016-12-31,-293300000.0,2259000000.0,-458000000.0,-1.39,501000000.0,0.22177954847277556,8834700000.0,3218300000.0,2911600000.0,2091800000.0,5532800000.0,641200000.0,4215200000.0,8371651339.599999,10147451339.599998,15.161853599849602,1.3919112725882015,0.25122528212616163,0.6896498151197837,-0.051031865128282755,15.161853599849602,-0.09113507131094056,3.7059102875608674,-7.135740998636208,2.601265059068452,-0.10092055915444936,2.7417342482844664,0.003535742089494891,0.2556962884987606,1.0196959556362941,-0.03319863719198162,28.20637243800539,0.22177954847277556,-4.564102564102564,-3.5962344547713165,0.3753959518226991,0.455466006307834,0.06346847803014222,-4.5210084033613445,-4.047238855622089,-3.227385352544722,0.2866055901769257,-0.02940948343885831,Auto Parts,Consumer Cyclical,BWA
2016Q3,2016,Q3,2016-10-27,2016-09-30,83300000.0,2214200000.0,150300000.0,0.39,471100000.0,0.2127630746996658,9007300000.0,3709900000.0,3289200000.0,2445100000.0,5216600000.0,687200000.0,4538100000.0,7488836960.0,9585436960.0,17.427843962569057,1.3452210543536052,0.2903533800361929,0.7049516159465214,0.015590211388413927,17.427843962569057,0.022453435402571498,3.3821863246319213,22.47550108043217,2.018608846599639,0.33133253301320525,2.536525029103609,0.0036854854962685693,0.24582283259134258,0.9335814486115087,0.009248054355911316,67.58878122743683,0.2127630746996658,-0.4837500397115354,-0.39877329136333595,0.2629432362882658,0.5762073900680103,-0.051540165089591305,-0.49330900243309,-0.4420935412026726,-0.4661493986253366,0.3104540267718545,0.1777447426074612,Auto Parts,Consumer Cyclical,BWA
2016Q2,2016,Q2,2016-07-28,2016-06-30,164400000.0,2329200000.0,269400000.0,0.755448,496700000.0,0.213249184269277,8988600000.0,3681700000.0,3206900000.0,2399800000.0,5232500000.0,744600000.0,4482400000.0,6325126150.32,8464926150.32,17.182864249197856,1.3363196933077757,0.29312684956500457,0.7156476627644838,0.028816815889414288,17.182864249197856,0.0446532851671782,2.715578804018547,9.618500836861314,1.717990642996442,0.170316301703163,2.4610529143164115,0.004426789179308847,0.2591282290901809,0.9592049337444787,0.018289833789466657,32.042179079635254,0.213249184269277,0.007264000000000011,0.030237011320897934,0.30008630987049223,0.53755851627546,0.06978246823174672,0.0018281535648994515,0.01968205904617714,0.011405530309681725,0.3172615623307064,0.23420193851019097,Auto Parts,Consumer Cyclical,BWA
2016Q1,2016,Q1,2016-04-28,2016-03-31,164100000.0,2268600000.0,264200000.0,0.75,464300000.0,0.20466366922330953,8940700000.0,3693200000.0,3182400000.0,2310400000.0,5179600000.0,756300000.0,4346000000.0,8356578432.0,10562678432.0,16.970926696138022,1.3774238227146813,0.29062601362309437,0.7035633055344959,0.028679418935828115,16.970926696138022,0.04443301202209466,3.6835838984395664,12.730923875685557,2.262693174482833,0.17184643510054845,2.3856935078672485,0.0033745868873812303,0.25373852159226906,0.9753722299168975,0.0183542675629425,-119.5504782832618,0.20466366922330953,0.33928571428571414,0.3401720945208218,0.3330080201008395,0.6281317239858949,0.03893488476169165,0.30965682362330404,0.31770573566084787,0.22335544713826636,0.29735990029828496,0.25869299920888206,Auto Parts,Consumer Cyclical,BWA
2015Q4,2015,Q4,2015-12-31,2015-12-31,125300000.0,2123100000.0,200500000.0,0.56,446900000.0,0.21049408883236775,8841500000.0,3553700000.0,3135300000.0,2357300000.0,5210000000.0,723600000.0,4210100000.0,9481412011.83,11469812011.83,16.202908470628593,1.3300386034870402,0.2902335576542442,0.7220924670062189,0.022563802958075117,16.202908470628593,0.03525902580409151,4.465833927667091,18.91742221035515,2.668039511447224,0.2298483639265762,2.316473189607518,0.0030375222555528766,0.24012893739750044,0.951385059177873,0.014171803427020301,39.63801008290134,0.21049408883236775,-0.19999999999999987,0.1316932477031822,0.39683728270872515,0.5873484244572069,0.12230035158211953,-0.2039390088945362,-0.154365246731337,0.08590131807845455,0.2972127814219817,0.2108922436240999,Auto Parts,Consumer Cyclical,BWA
2015Q3,2015,Q3,2015-09-30,2015-09-30,157400000.0,1884000000.0,237100000.0,0.7,398200000.0,0.2113588110403397,7687100000.0,3717000000.0,3301000000.0,1539800000.0,3899200000.0,523100000.0,4113600000.0,9350970830.0,10126770830.0,16.531976498530046,2.1437849071307964,0.23534232675521327,0.48670971213344094,0.030575687034927225,16.531976498530046,0.04234597793919828,4.963360313163482,14.85224083545108,2.515730651062685,0.1855146124523507,2.84037468935194,0.0031226704190242885,0.2450859231699861,1.6786595661774257,0.020475862158681427,546.8403994152047,0.2113588110403397,0.07692307692307682,0.49271745061221683,0.35120724860585584,0.6672856727319589,-0.07179487179487179,0.06279540850776502,-0.0222680412371134,0.5829172686468939,0.1299639791694472,0.24119047675084454,Auto Parts,Consumer Cyclical,BWA
2015Q2,2015,Q2,2015-06-30,2015-06-30,148100000.0,2031900000.0,242500000.0,0.65,429000000.0,0.21113243761996162,7766300000.0,3686700000.0,3401400000.0,1635600000.0,4014800000.0,525700000.0,3985400000.0,12809064520.0,13504964520.0,16.359666833811843,2.0796038151137197,0.2322598920979102,0.48927224889467547,0.029258909711509653,16.359666833811843,0.0401714270214555,6.303983719671244,21.622323632680622,3.4743983833780887,0.19783929777177583,3.049077420582081,0.002287442611773182,0.2616303773997914,1.6390926876987038,0.019069569808016686,90.45949519774011,0.21113243761996162,-0.17721518987341772,1.0493569819853863,0.6375224428441131,1.0951668947424325,0.0,-0.17216321967579654,-0.06587057010785824,0.22216848673728848,0.08931654826357023,0.27679067340141716,Auto Parts,Consumer Cyclical,BWA
2015Q1,2015,Q1,2015-03-31,2015-03-31,178900000.0,1984200000.0,259600000.0,0.79,429000000.0,0.21620804354399759,7522600000.0,3504000000.0,3325400000.0,1601500000.0,3960100000.0,506300000.0,3866600000.0,13656142080.0,14459042080.0,15.518432567450265,2.076428348423353,0.24438359077978358,0.5246575342465754,0.0351069751860636,15.518432567450265,0.05105593607305936,6.882442334442093,19.083485299049748,3.897300821917808,0.16433761878144215,3.071696622555797,0.0021528774252471752,0.26376518756812806,1.623602872307212,0.023781671230691515,-127.2706624417521,0.21620804354399759,0.29508196721311486,1.4200749414064744,0.5894535425704092,0.6386512930197119,0.03798693443019598,0.278770550393138,0.2233741753063148,0.14948395288925523,0.053255318078195675,0.33831633876192696,Auto Parts,Consumer Cyclical,BWA
2014Q4,2014,Q4,2015-02-12,2014-12-31,139900000.0,1991900000.0,212200000.0,0.61,413300000.0,0.20749033586023394,7228000000.0,3616200000.0,2970800000.0,2168200000.0,3537100000.0,505700000.0,3717100000.0,12442333060.85,12984533060.85,15.970492754710513,1.3701688036159025,0.1853901494189264,0.3705547259554228,0.029394223721176168,15.970492754710513,0.038687019523256455,6.246464712510669,22.234333561204433,3.4407203862756486,0.20943531093638312,3.1216136049040935,0.0023548638231034756,0.2755810736026563,1.0337146019739876,0.019355285002767016,137.48434321381217,0.20749033586023394,-0.1643835616438356,1.7287431793770545,0.7086674105051303,0.7009711200562266,-0.026383981154299175,-0.1602641056422569,-0.1072780816154817,0.16088623407900063,0.13689182355489024,0.5330915283799655,Auto Parts,Consumer Cyclical,BWA
2014Q3,2014,Q3,2014-10-30,2014-09-30,166600000.0,2032100000.0,237700000.0,0.73,424500000.0,0.2088971999409478,7282300000.0,3730600000.0,2951800000.0,2122800000.0,3482100000.0,531800000.0,3606500000.0,11946520970.0,12475220970.0,16.428788472632633,1.3905219521386847,0.1800942010079233,0.3515520291642095,0.03330236258397232,16.428788472632633,0.04465769581300595,5.8789040746026275,17.926952235894355,3.2023055192194283,0.18007202881152462,3.0229409552463333,0.002511191339749517,0.27904645510347004,1.0594026757113246,0.022877387638520798,150.45996183879095,0.2088971999409478,-0.12048192771084336,8.958230232527418,1.0326943274386584,0.7946060730132273,-0.10215736040609137,-0.12407991587802314,-0.15288667141838916,0.12723289387215753,0.08656935768308574,0.4858509093864104,Auto Parts,Consumer Cyclical,BWA
2014Q2,2014,Q2,2014-07-31,2014-06-30,190200000.0,2197000000.0,280600000.0,0.83,472800000.0,0.2152025489303596,7457000000.0,3828800000.0,3037300000.0,2170700000.0,3563300000.0,528000000.0,3469900000.0,14842328820.0,15316228820.0,16.816732402779365,1.399226056110932,0.16699745205846855,0.32524550773088173,0.038760727311565185,16.816732402779365,0.04967613873798579,6.755725452890305,19.508844400630913,3.876496244254074,0.14931650893796003,3.265530303030303,0.0019134463563245596,0.2946225023467883,1.0794213848067444,0.02550623575164275,99.81391271015467,0.2152025489303596,0.20289855072463772,6.399972413760028,1.4440790402375485,0.896606380211982,0.06056527590847914,0.19547454431175362,0.2032590051457976,0.12170231968280086,0.15405692492613207,0.5047962753372714,Auto Parts,Consumer Cyclical,BWA
2014Q1,2014,Q1,2014-05-01,2014-03-31,159100000.0,2084100000.0,233200000.0,0.69,445800000.0,0.213905282855909,7357800000.0,3683500000.0,3021300000.0,1910900000.0,3620500000.0,516900000.0,3308100000.0,13980122100.0,14538122100.0,16.1961922349734,1.5810874457062116,0.18566691130500965,0.3708700963757296,0.03281602053738263,16.1961922349734,0.04319261571874576,6.7079900676551025,21.967508013827782,3.795336527758925,0.17850408548082966,3.1694718514219384,0.002031455791076388,0.2832504281171002,1.2319849285676907,0.021623311315882465,-175.1895,0.213905282855909,0.11290322580645154,24.19107781986294,1.594886635361082,0.9166017224188968,0.09640924741760945,0.12517680339462517,0.2424080980287693,0.24328784336660728,0.17177143347455437,0.5538063924072555,Auto Parts,Consumer Cyclical,BWA
2013Q4,2013,Q4,2014-02-13,2013-12-31,141400000.0,1885400000.0,187700000.0,0.62,406600000.0,0.21565715498037552,6917000000.0,3560600000.0,2798500000.0,1623900000.0,3284600000.0,458100000.0,3177400000.0,12743725978.96,13026825978.96,15.621266992767378,1.7233204015025556,0.17675292756975566,0.34336909509633207,0.03023559508304853,15.621266992767378,0.039712408021120034,6.7591630311658,22.531340132531824,3.5790950904229626,0.20014144271570014,3.228116131848941,0.002220700605672434,0.2725748156715339,1.3473736067491842,0.020442388318635245,151.53062995196194,0.21565715498037552,-0.14482758620689654,2.768538901869079,1.0606785772406633,0.8070986918283211,0.07112750263435196,-0.15227817745803357,-0.16799645390070922,0.22887558105903316,0.1936025059963997,0.5303668223482034,Auto Parts,Consumer Cyclical,BWA
2013Q3,2013,Q3,2013-10-30,2013-09-30,166800000.0,1806200000.0,225600000.0,0.725,379600000.0,0.2101649872660835,6964300000.0,3367300000.0,2906200000.0,1674700000.0,3529600000.0,454700000.0,3065600000.0,11535978795.3,11887878795.3,14.797641060986425,1.735355586075118,0.18268885602285945,0.3778398123125353,0.03668081153412305,14.797641060986425,0.049535235945713185,6.386877862529066,17.290136084082736,3.4258838818341104,0.0,3.1374532658895977,0.0,0.25935126286920435,1.354212694811011,0.023950720101086974,103.27644400447628,0.2101649872660835,-0.03333333333333336,2.3041074447436687,0.39832447604294985,0.5415460848076914,-0.04286434694906707,-0.04192992533026996,-0.07313064913722268,0.5629582902826301,0.27992748756145197,0.4923741836559308,Auto Parts,Consumer Cyclical,BWA
2013Q2,2013,Q2,2013-07-25,2013-06-30,174100000.0,1893900000.0,243400000.0,0.75,396600000.0,0.20940915571043878,6705400000.0,3195100000.0,2736900000.0,1716600000.0,3449400000.0,439200000.0,2927300000.0,9895867520.0,10308967520.0,13.922247010841147,1.594372596994058,0.18344916037820264,0.3849957747801321,0.040154316101162296,13.922247010841147,0.054489687333729775,5.225126733196051,14.21003377369328,3.0972011893211477,0.0,3.4091530054644807,0.0,0.2824440003579205,1.2563788885005243,0.025964148298386374,56.13084242768009,0.20940915571043878,0.2295081967213115,1.0157587558326568,0.26512614003062085,0.2669468198444428,0.05844675740592474,0.22605633802816902,0.22619647355163727,1.3656448855201964,0.4987534580671407,0.7830088677144904,Auto Parts,Consumer Cyclical,BWA
2013Q1,2013,Q1,2013-04-25,2013-03-31,142000000.0,1851100000.0,198500000.0,0.61,374700000.0,0.20242018259413322,6528900000.0,3106100000.0,2601500000.0,1583200000.0,3367300000.0,449500000.0,2753200000.0,8833614340.0,9338914340.0,13.482975361589082,1.6431910055583627,0.18390540519842546,0.3865619265316635,0.034330625486349846,13.482975361589082,0.045716493351791634,4.772089211819999,15.552137922535211,2.84395683976691,0.0,3.2845383759733036,0.0,0.28352402395503074,1.2719807983830218,0.021749452434560185,-124.24211448663854,0.20242018259413322,0.17307692307692302,0.6156481264722156,0.2463478762414415,0.2643021996117174,0.08861127251597908,0.1716171617161716,0.1628588166373755,0.8827530941283009,0.45337881524874674,0.4237194970555569,Auto Parts,Consumer Cyclical,BWA
2012Q4,2012,Q4,2013-02-14,2012-12-31,121200000.0,1719100000.0,170700000.0,0.52,344200000.0,0.20022104589610842,6400800000.0,3082600000.0,2472800000.0,1603100000.0,3254700000.0,447600000.0,2611200000.0,8249621320.000001,8601121320.0,13.380966436893372,1.5425113841931257,0.1667291588551431,0.34620125867773954,0.029757881619079746,13.380966436893372,0.039317459287614355,4.798802466406841,17.01654562706271,2.67618935963148,0.0,3.07171581769437,0.0,0.2685758030246219,1.1621233859397417,0.018935133108361455,38.96845214926783,0.20022104589610842,0.22352941176470595,0.7179269113736316,0.263700892103437,0.3403103747271069,0.0014547570555717194,0.19881305637982197,0.04723926380368098,1.3235498885047272,0.4494244329797983,0.4251681408442468,Auto Parts,Consumer Cyclical,BWA
2012Q3,2012,Q3,2012-10-31,2012-09-30,101100000.0,1695200000.0,163000000.0,0.425,343700000.0,0.20274893817838602,6346500000.0,3044800000.0,2493600000.0,1568400000.0,3241000000.0,475300000.0,2490000000.0,8131230860.0,8612530860.0,13.319451613749901,1.5899005355776588,0.1737650673599622,0.3621912769311613,0.024467093695884644,13.319451613749901,0.03320415133998949,4.79662037517697,20.106901236399604,2.670530366526537,0.0,2.8434672838207447,0.0,0.2671078547230757,1.2005228258097425,0.015930040179626567,58.964690790427845,0.20274893817838602,-0.15000000000000002,0.2332067689198437,0.3096820475740279,0.4079002627043566,-0.10307933194154488,-0.16169154228855723,-0.15762273901808785,5.002871446717575,0.6844133103229803,0.4549562674727797,Auto Parts,Consumer Cyclical,BWA
2012Q2,2012,Q2,2012-07-26,2012-06-30,120600000.0,1856400000.0,193500000.0,0.5,383200000.0,0.2064210299504417,6220700000.0,2873700000.0,2420500000.0,1513300000.0,3286200000.0,472700000.0,2388900000.0,7355197010.0,8026497010.0,12.813115865131667,1.599484570144717,0.18538106643946822,0.40129449838187703,0.03114608954319949,12.813115865131667,0.041966802380206704,3.962075527903469,15.247091645936983,2.5594867279117515,0.0,3.1165644171779143,0.0,0.29842300705708363,1.195797264256922,0.019386885720256562,39.56534163528779,0.2064210299504417,-0.21875000000000003,0.6494037175955774,0.40876067963204665,0.4693098443792647,-0.03183425972713492,-0.23670886075949368,-0.14266725742135578,4.475863632333936,1.0964820224137932,0.4450748646144657,Auto Parts,Consumer Cyclical,BWA
2012Q1,2012,Q1,2012-04-26,2012-03-31,158000000.0,1912500000.0,225700000.0,0.64,395800000.0,0.20695424836601306,6281300000.0,2658000000.0,2410000000.0,1881200000.0,3560500000.0,480800000.0,2268300000.0,9666505541.9,10679605541.9,11.595489136601536,1.281097172017861,0.22447582506805916,0.5304740406320542,0.041059548702793915,11.595489136601536,0.059443190368698266,5.05438198269281,15.295103705537976,3.636759045109105,0.0,3.154534109816972,0.0,0.30447518825720793,0.9389219647033809,0.025154028624647762,-150.56862214797508,0.20695424836601306,0.3333333333333334,1.7342416049763316,0.5126247687372408,0.3762269559617082,0.10036141228801779,0.29508196721311475,0.18105703819989535,23.850183320096406,1.3625615279291223,0.37217033047500203,Auto Parts,Consumer Cyclical,BWA
2011Q4,2011,Q4,2012-02-14,2011-12-31,122000000.0,1773700000.0,191100000.0,0.48,359700000.0,0.20279641427524384,5958600000.0,2387900000.0,2137800000.0,1905400000.0,3505600000.0,454300000.0,2110300000.0,7305466720.900001,8274966720.900001,10.417181530959672,1.1219691403379868,0.22305575135098848,0.5565978474810503,0.035273252518603845,10.417181530959672,0.051090916705054654,4.118772464847495,14.970218690368853,3.0593687846643496,0.0,3.1124807395993837,0.0,0.29767059376363575,0.8095937860816627,0.020474608129426374,63.25079412034633,0.20279641427524384,-0.1652173913043478,2.0145963583818776,0.4916837283742374,0.28681131608629695,0.025370581527936146,-0.1384180790960452,-0.03873239436619718,2.5172811678041187,0.9276489606663065,0.20507991610739756,Auto Parts,Consumer Cyclical,BWA
2011Q3,2011,Q3,2011-10-28,2011-09-30,141600000.0,1791800000.0,198800000.0,0.575,350800000.0,0.19578077910481081,6094300000.0,2405500000.0,2267700000.0,1924100000.0,3628600000.0,482400000.0,1988100000.0,6584392870.0,7599892870.0,11.056821629174749,1.178576997037576,0.2284921976272911,0.5788817293701933,0.039765757496177355,11.056821629174749,0.05886510081064228,3.6747365051903116,11.624987411723163,2.7372242236541258,0.0,2.9871475953565505,0.0,0.2940124378517631,0.8393014916064654,0.023234825984936744,60.241471820677035,0.19578077910481081,-0.12213740458015278,2.816103836068299,0.7861116947760729,0.353675840815537,-0.017642117054046485,-0.1259259259259259,-0.12921594393342092,2.157963433148664,0.45092818719991484,0.15184575856546179,Auto Parts,Consumer Cyclical,BWA
2011Q2,2011,Q2,2011-07-28,2011-06-30,162000000.0,1818800000.0,228300000.0,0.655,357100000.0,0.19633824499670113,6226000000.0,2430900000.0,2305700000.0,1936600000.0,3727500000.0,495500000.0,1846700000.0,8786801190.0,9863301190.0,11.17542133669238,1.1905917587524528,0.2327176357211693,0.5960343905549385,0.045345342892472454,11.17542133669238,0.06664198445020363,4.831098081152408,13.55987837962963,3.6146288164877207,0.0,2.949949545913219,0.0,0.2921297783488596,0.8480326345140968,0.026019916479280435,43.65027913561848,0.19633824499670113,0.31000000000000005,1.4327724940996243,0.6406105347676663,0.38957717035007233,0.04171528588098016,0.30120481927710846,0.27328499721137756,0.978913134566356,0.28183953873659345,0.016981275502359634,Auto Parts,Consumer Cyclical,BWA
2011Q1,2011,Q1,2011-04-28,2011-03-31,124500000.0,1730400000.0,179300000.0,0.5,342800000.0,0.19810448451225152,6007000000.0,2306400000.0,2153700000.0,1532500000.0,3653200000.0,490700000.0,1684800000.0,8816423460.0,10029223460.0,10.423558761321113,1.4053507340946167,0.23900449475611787,0.622485258411377,0.03640696941780487,10.423558761321113,0.05398022892819979,5.095020492371706,17.703661566265062,3.8225908168574403,0.0,2.827797024658651,0.0,0.2880639254203429,0.9796411092985318,0.020725819876810388,-79.00021021505377,0.19810448451225152,0.16279069767441862,1.0994329258318087,0.5483974710954546,0.37492390664614195,0.11989545900032669,0.11459265890778872,0.13913595933926304,0.4748194983758567,0.21301727527134884,-0.022580111859889118,Auto Parts,Consumer Cyclical,BWA
2010Q4,2010,Q4,2011-02-10,2010-12-31,111700000.0,1533400000.0,157400000.0,0.43,306100000.0,0.19962175557584452,5555000000.0,2258600000.0,2059900000.0,1392300000.0,3245200000.0,430600000.0,1560200000.0,8005476240.0,8735976240.0,10.20753113870962,1.479494361847303,0.2124932493249325,0.5226246347294784,0.036189535898077455,10.20753113870962,0.049455414858762065,5.220735776705361,17.917359534467323,3.5444417958027095,0.07341092211280215,2.8502090106827684,0.001024298836717302,0.27603960396039606,1.0585362350068233,0.020108010801080108,58.264019213973796,0.19962175557584452,-0.011494252873563229,0.7873671931173388,0.5124718606582159,0.41996554687399273,0.12001463593121112,0.046860356138706656,0.27967479674796747,0.6484140920776736,0.17357187513785105,0.0224418355793177,Auto Parts,Consumer Cyclical,BWA
2010Q3,2010,Q3,2010-10-27,2010-09-30,106700000.0,1410900000.0,123000000.0,0.435,273300000.0,0.19370614501382097,5577700000.0,2255900000.0,2103700000.0,1421600000.0,3272700000.0,442000000.0,0.0,5985851401.86,6744951401.86,9.915503245128532,1.47981148002251,0.21358265951915664,0.5280819185247573,0.03438587964769122,9.915503245128532,0.04729819584201427,4.242576654518392,14.024956424226804,2.6534205425151822,0.0037488284910965324,2.5737556561085975,6.682424489784476e-05,0.2529537264463847,1.0527574563871693,0.0191297488211987,249.4104750775,0.19370614501382097,0.27941176470588225,0.7357348778643847,0.34097963806791076,0.38618186369485574,-0.007625272331154684,0.2886473429951691,0.04859335038363171,0.3077252426672233,0.09523800989852407,0.04809417298015249,Auto Parts,Consumer Cyclical,BWA
2010Q2,2010,Q2,2010-07-30,2010-06-30,82800000.0,1421700000.0,117300000.0,0.34,275400000.0,0.19371175353450096,4969200000.0,2016100000.0,1702300000.0,1382300000.0,2911100000.0,378800000.0,1341900000.0,4820594000.0,5599394000.0,7.808288148721921,1.231498227591695,0.19445786042018837,0.47929170180050595,0.030336903501421177,7.808288148721921,0.04106939139923615,3.3907251881550255,14.554933574879229,2.391049055106394,0.033816425120772944,3.026135163674762,0.0005808412822154281,0.28610239072687754,0.8427258916298922,0.016662641873943493,52.34086862106406,0.19371175353450096,0.07936507936507943,1.0189901805730261,0.11978820719626057,0.1281389162149856,0.15471698113207547,0.08661417322834646,0.10037523452157598,-0.016350365859773106,-0.06286089233629508,-0.10460540859636029,Auto Parts,Consumer Cyclical,BWA
2010Q1,2010,Q1,2010-04-29,2010-03-31,76200000.0,1286800000.0,106600000.0,0.315,238500000.0,0.18534348772147963,4966200000.0,2204200000.0,1759000000.0,1185100000.0,2723400000.0,350300000.0,1262800000.0,4443197500.0,4975497500.0,9.470247046186897,1.4842629313981943,0.18251379324231806,0.411214953271028,0.02726853513031058,9.470247046186897,0.03457036566554759,3.452904491762512,14.577419619422573,2.0157869068142635,0.06561679790026247,2.9925777904653152,0.001125315721392083,0.25911159437799525,1.062610750147667,0.015343723571342274,504.9088068181818,0.18534348772147963,0.575,-0.04776790282037937,0.15167967595169618,0.35523246215607873,0.11866791744840526,0.4459203036053131,0.5839524517087668,0.29870641378397056,0.002344541226957882,0.12398960587521961,Auto Parts,Consumer Cyclical,BWA
2009Q4,2009,Q4,2010-02-11,2009-12-31,52700000.0,1198300000.0,67300000.0,0.2,213200000.0,0.17791871818409413,4811400000.0,2185300000.0,1551800000.0,1046200000.0,2588700000.0,314300000.0,1193400000.0,3865977500.0,4350877500.0,9.389044038668098,1.483272796788377,0.17506339111277383,0.3854390701505514,0.020195050903544003,9.389044038668098,0.024115682057383427,3.226218392723024,18.339551707779886,1.769083192239052,0.0018975332068311196,3.1342666242443524,2.586667925511724e-05,0.24905432930124288,1.0412922959281208,0.01095315292846157,48.38520025031289,0.17791871818409413,1.6666666666666667,-0.24513113549859036,0.30681969624272754,0.38127023576036,0.4044795783926219,2.063953488372093,1.4472727272727273,0.28249644019234255,-0.007482074222277444,0.15980777336781815,Auto Parts,Consumer Cyclical,BWA
2009Q3,2009,Q3,2009-10-28,2009-09-30,17200000.0,1027800000.0,27500000.0,0.075,151800000.0,0.14769410391126678,4791200000.0,2137200000.0,1504900000.0,1054600000.0,2620500000.0,314600000.0,1155900000.0,3532219540.0,4121119540.0,9.154537432857301,1.4269865351792148,0.17692853564868927,0.39664046415871235,0.008570268802585415,9.154537432857301,0.008047913157402208,3.4366798404358825,51.34040029069768,1.6527323320232081,0.023255813953488372,2.7844882390336934,0.00011324324421805332,0.21451828351978627,0.9846387255831595,0.0035899148438804473,259.722025,0.14769410391126678,1.4838709677419353,-0.6314609357694195,0.1748051425370757,0.4160214237322759,0.306368330464716,1.4791086350974931,1.5555555555555556,-0.5680319022553723,-0.04524049152606698,0.12078105013486963,Auto Parts,Consumer Cyclical,BWA
2009Q2,2009,Q2,2009-07-29,2009-06-30,-35900000.0,916200000.0,-49500000.0,-0.155,116200000.0,0.1268282034490286,4611000000.0,2057600000.0,1394800000.0,985100000.0,2528200000.0,313500000.0,1141000000.0,3962390350.0,4567490350.0,8.86674883003387,1.415896863262613,0.186944263717198,0.4189346811819596,-0.01084440360142382,8.86674883003387,-0.017447511664074652,4.3248093756821655,-27.593247562674094,1.9257340347978227,-0.10306406685236769,2.5518341307814993,0.0009337797827011163,0.19869876382563434,0.9521875951680032,-0.007785729776621123,70.6308440285205,0.1268282034490286,-4.166666666666667,-1.6308702720934531,-0.014005451337259925,0.43156663362961445,0.45979899497487436,-4.128571428571429,-10.0,-1.5053445352680888,-0.22532867489777744,0.1025116081296644,Auto Parts,Consumer Cyclical,BWA
2009Q1,2009,Q1,2009-04-30,2009-03-31,-7000000.0,819500000.0,5500000.0,-0.03,79600000.0,0.09713239780353874,4353700000.0,1961000000.0,1188400000.0,1111000000.0,2366800000.0,352400000.0,1179600000.0,2355388700.0,2981488700.0,8.450473588499428,1.0696669666966696,0.1646645382088798,0.3655787863335033,0.0010030421269008952,8.450473588499428,-0.0035696073431922487,2.8741777913361806,-84.121025,1.201116114227435,-2.6285714285714286,2.0996027241770716,0.007811874108082457,0.18823070032386247,0.6416741674167417,-0.0016078278246089532,80.11526190476191,0.09713239780353874,0.914473871767825,-1.1309167275965608,-0.13277634222424275,0.39921773224059215,0.07713125845737483,0.914004914004914,1.0417933130699089,-1.112551881155548,-0.3007910636368036,0.11466327627217016,Auto Parts,Consumer Cyclical,BWA
2008Q4,2008,Q4,2009-02-12,2008-12-31,-81400000.0,931500000.0,-131600000.0,-0.35077,73900000.0,0.07933440687063875,4644000000.0,2006000000.0,1308200000.0,1250000000.0,2606500000.0,451200000.0,1200500000.0,2525951330.0,3202851330.0,8.64439062648131,1.04656,0.1680232558139535,0.3889830508474576,-0.028013656197028357,8.64439062648131,-0.040578265204386836,2.711702984433709,-7.75783578009828,1.2591980707876371,-0.0012285012285012285,1.900709219858156,3.958904465510822e-05,0.2005813953488372,0.5684,-0.01752799310938846,79.93516867088607,0.07933440687063875,0.37362500000000004,-2.5558667574485687,0.11445568580399919,0.5210396505700723,-0.6347009391992091,0.37576687116564417,-0.29400196656833827,-2.241958486571375,-0.12393411419453647,0.20251769958114055,Auto Parts,Consumer Cyclical,BWA
2008Q3,2008,Q3,2008-10-29,2008-09-30,-130400000.0,1316900000.0,-101700000.0,-0.56,202300000.0,0.1536183461158782,4886000000.0,2227000000.0,1625000000.0,1367600000.0,2628500000.0,499700000.0,1294600000.0,3801287230.0000005,4379787230.0,9.599220682936922,1.188212927756654,0.14619320507572656,0.3207453973955995,-0.04267886322544945,9.599220682936922,-0.05855410866636731,2.8865420533070094,-7.287743922546013,1.7069093982936687,-0.19478527607361965,2.2305383229937963,0.006681947051920093,0.2695251739664347,0.7201667154138637,-0.02668849774866967,-36.06534373814042,0.1536183461158782,-2.5135135135135136,-4.412774401738791,0.7061587588956668,0.7741222041579267,-0.27439024390243905,-2.490285714285714,-1.840495867768595,-3.080258975612308,0.22743807208492856,0.3419657366184668,Auto Parts,Consumer Cyclical,BWA
2008Q2,2008,Q2,2008-07-31,2008-06-30,87500000.0,1516600000.0,121000000.0,0.37,278800000.0,0.18383225636291706,5441400000.0,2554900000.0,1812100000.0,1348400000.0,2852400000.0,498300000.0,1439800000.0,5159175000.0,5560175000.0,10.988817204301075,1.3438890536932662,0.11520932113059139,0.2453716388116952,0.028747397218074195,10.988817204301075,0.03424791576969744,3.40180337597257,14.7405,2.019325609612901,0.054857142857142854,2.4840457555689346,0.0009303813109654159,0.27871503657147056,0.8728863838623554,0.016080420480023522,48.76346880907372,0.18383225636291706,-0.013333333333333345,0.8034274193548386,0.8198309920560064,1.1087684610881867,-0.016578483245149912,-0.013528748590755355,-0.04498816101026046,1.3694372060981819,0.3265763742717216,0.5876607132350716,Auto Parts,Consumer Cyclical,BWA
2008Q1,2008,Q1,2008-05-02,2008-03-31,88700000.0,1498900000.0,126700000.0,0.375,283500000.0,0.1891387017145907,5287200000.0,2479400000.0,1767100000.0,1336400000.0,2685800000.0,471800000.0,1369500000.0,5002108410.0,5528308410.0,10.664361230827462,1.3222837473810236,0.13799364502950523,0.29426474146971043,0.02922269805267812,10.664361230827462,0.03577478422198919,3.3371862098872507,14.098388979706877,2.017467294506736,0.23675310033821872,2.576091564222128,0.004198229682111188,0.28349599031623546,0.8757108650104759,0.01677636556211227,-5557.898233333333,0.1891387017145907,0.25000000000000006,0.8400427362753526,0.7717621823953628,1.2170722349745222,0.10011641443538999,0.24578651685393257,0.03008130081300813,0.1096586551973097,0.34298527312328353,0.526115259474183,Auto Parts,Consumer Cyclical,BWA
2007Q4,2007,Q4,2008-02-14,2007-12-31,71200000.0,1372900000.0,123000000.0,0.3,257700000.0,0.18770485832908443,4958500000.0,2321100000.0,1580300000.0,1083900000.0,2519500000.0,447600000.0,1295900000.0,5627517270.0,6075317270.0,9.983483444734057,1.4579758280284159,0.12832509831602298,0.2741372625048468,0.025875682930129443,9.983483444734057,0.03067511093877903,4.099000123825479,19.759540976123592,2.424504446167765,0.13764044943820225,2.4915102770330653,0.00174144290098287,0.2768780881314914,0.9276686041147707,0.014359181203993144,40.749581969587254,0.18770485832908443,-0.14893617021276595,0.6000972911466238,0.7962689850728413,1.168574553509912,0.12680367293397463,-0.14423076923076922,0.25127161749745675,0.020983753345760702,0.4988803197571913,0.46872125368938566,Auto Parts,Consumer Cyclical,BWA
2007Q3,2007,Q3,2007-10-25,2007-09-30,83200000.0,1313600000.0,98300000.0,0.3525,228700000.0,0.17410170523751523,4854200000.0,2194800000.0,1635600000.0,1034200000.0,2490200000.0,450900000.0,1235200000.0,5511064980.0,5975164980.0,9.460507939792066,1.5815122800232064,0.12391331218326397,0.2740568616730454,0.031314175036766666,9.460507939792066,0.03790778203025333,4.195390514616322,16.55969044471154,2.5109645434663745,0.0673076923076923,2.406076735418053,0.0010161375379028827,0.27061101726340075,1.0117965577257784,0.01713979646491698,78.0604104815864,0.17410170523751523,0.09302325581395339,1.4063750747837453,0.7718939094432866,1.0302815354888832,-0.07633279483037157,0.09907529722589167,-0.13468309859154928,0.793934870798265,0.5109449066594801,0.4633488606484001,Auto Parts,Consumer Cyclical,BWA
2007Q2,2007,Q2,2007-07-26,2007-06-30,75700000.0,1364300000.0,113600000.0,0.3225,247600000.0,0.18148501062816097,4775600000.0,2024900000.0,1582100000.0,1048300000.0,2589300000.0,424600000.0,1161900000.0,4994622000.0,5521522000.0,8.720499569336779,1.509205380139273,0.13514532205377336,0.31873178922415923,0.030324219973450015,8.720499569336779,0.037384562200602496,3.660941141977571,16.494788639365918,2.4666018074966667,0.33553500660501984,2.6300047103155912,0.005085469931458276,0.2856813803501131,0.9779643231899265,0.01585141134098333,65.20394255874673,0.18148501062816097,0.29000000000000004,0.5190877855617564,0.7562614176533714,0.960906082674605,0.14682723483094026,0.2962328767123288,0.26362625139043383,0.32946167884648386,0.46733215609719203,0.4079541950886938,Auto Parts,Consumer Cyclical,BWA
2007Q1,2007,Q1,2007-04-26,2007-03-31,58400000.0,1277800000.0,89900000.0,0.25,215900000.0,0.1689622789168884,4705300000.0,1951900000.0,1534500000.0,1052400000.0,2601000000.0,425000000.0,1096100000.0,4368024720.0,4944924720.0,8.425564610815664,1.4580957810718358,0.14770577859010053,0.356063322916133,0.024776588837261745,8.425564610815664,0.02991956555151391,3.41839467835342,18.69873595890411,2.2378322250115272,0.1678082191780822,2.4985882352941178,0.0022435770464229424,0.2715661063056553,0.9231280881793995,0.012411535927571037,179.7541037037037,0.1689622789168884,0.47058823529411753,1.225378410694027,0.8434078681994133,1.0759023654145459,0.017436380772855798,0.4278728606356968,6.368852459016393,0.0940771363452488,0.35451256142089915,0.3950933381575742,Auto Parts,Consumer Cyclical,BWA
