Year,Date,FillingDate,NetIncome,Revenue,OperatingIncome,EPSDiluted,GrossProfit,GrossProfitRatio,TotalAssets,CommonStockEquity,CurrentAssets,CurrentLiability,TotalLiability,Inventory,RetainedEarnings,EnterpriseValue,bookValuePerShare,currentRatio,debtToAssets,debtToEquity,roic,shareholdersEquityPerShare,roe,priceToSalesRatio,peRatio,pbRatio,payoutRatio,inventoryTurnover,dividendYield,assetTurnover,quickRatio,returnOnAssets,priceToFreeCashFlowsRatio,grossProfitMargin,epsdilutedGrowth,fiveYNetIncomeGrowthPerShare,fiveYRevenueGrowthPerShare,fiveYShareholdersEquityGrowthPerShare,grossProfitGrowth,netIncomeGrowth,operatingIncomeGrowth,threeYNetIncomeGrowthPerShare,threeYRevenueGrowthPerShare,threeYShareholdersEquityGrowthPerShare,Industry,Sector,Price,MarketCap,AvgVolume,Symbol
2022,2022-12-31,2023-03-15,38090000.0,108072000.0,64622000.0,5.28,108072000.0,1.0,3553515000.0,315350000.0,527286000.0,115833000.0,3238165000.0,0.0,230515000.0,482439451.84000003,43.96653273383998,4.552122452150941,0.04178538714484109,0.4708577770730934,0.11697616056944538,43.96653273383998,0.12078642777865864,3.4405068087941375,9.761681592018903,1.1790786486126525,0.29732213179312156,0.0,0.030458085422107033,0.03041270404092849,4.552122452150941,0.010718964180536736,10.769346343045822,1.0,-0.12292358803986701,1.1279752573201718,0.41698191602254625,0.2271651378035931,0.10144927536231885,-0.12475010914772858,0.03665559779905995,0.4259112157609074,0.22937972467199166,0.08089426863937035,Banks—Regional,Financial Services,41.7,298186692,12591,PFIS
2021,2021-12-31,2022-03-16,43519000.0,98118000.0,62337000.0,6.02,98118000.0,1.0,3369994000.0,340126000.0,563358000.0,408000.0,3029868000.0,0.0,203750000.0,377368670.4,47.26493018498755,1380.7794117647059,0.010596754771670217,0.104993443606193,0.13641008259642903,47.26493018498755,0.12794964219142319,3.8643844187610834,8.712646669270892,1.1147800238735057,0.24798363932994785,0.0,0.028462492368085443,0.029115185368282556,1380.7794117647059,0.01291367284333444,10.565838221033271,1.0,0.5049999999999999,1.2842194050072886,0.35140343180617695,0.362356753377317,0.017367771637132816,0.4825577434080534,0.28532547062826036,0.7952811392121366,0.18682740704363926,0.25498488492218735,Banks—Regional,Financial Services,41.7,298186692,12591,PFIS
2020,2020-12-31,2021-03-16,29354000.0,96443000.0,48499000.0,4.0,96443000.0,1.0,2883802000.0,316877000.0,349358000.0,50736000.0,2566925000.0,0.0,171023000.0,321107182.56,43.378358473343305,6.88580100914538,0.033902813022530676,0.3085392754917523,0.10046483387503927,43.378358473343305,0.09263531275542244,2.7843408288833817,9.147992865026913,0.847427180136141,0.3583157320978402,0.0,0.039168781325540095,0.033443003368469816,6.88580100914538,0.010178923518327542,7.696921077734465,1.0,0.15273775216138322,0.7042185125941388,0.41602801090079533,0.3106641767643738,0.064022506619594,0.06575173365283375,-0.01115279533499164,0.610185473500291,0.24158038658810407,0.21074840210591114,Banks—Regional,Financial Services,41.7,298186692,12591,PFIS
2019,2019-12-31,2020-03-16,27543000.0,90640000.0,49046000.0,3.47,90640000.0,1.0,2477454000.0,300817000.0,368618000.0,153427000.0,2176637000.0,0.0,153994000.0,526089850.15000004,40.676071665348964,2.4025627823003775,0.07462620900327514,0.6146028981074872,0.08920690659791587,40.676071665348964,0.09156064983029549,4.1081183820609,13.519219044766366,1.237828480936915,0.3678248556802091,0.0,0.027207552038488753,0.03658594670173493,2.4025627823003775,0.011117461716746305,11.829960927373238,1.0,0.029673590504451064,0.5929682672960278,0.31553207102585207,0.24425719647610972,0.06649095765334337,0.10525682182985553,0.0,0.4067197676332677,0.21476890382030164,0.17244055406960265,Banks—Regional,Financial Services,41.7,298186692,12591,PFIS
2018,2018-12-31,2019-03-15,24920000.0,84989000.0,0.0,3.37,84989000.0,1.0,2288993000.0,278614000.0,1898009000.0,87695000.0,2010379000.0,0.0,136582000.0,417736935.82,37.661752546062026,21.643297793488795,0.054349663804126966,0.44651740400697737,0.0,37.661752546062026,0.08944274157077534,3.8351661487957265,13.079732577046551,1.1698871407036258,0.38896468699839487,0.0,0.029737969389449434,0.03712942765661581,3.5282855350932207,0.010886883446126747,11.413906776622193,1.0,0.34800000000000003,1.7868628647494924,0.2802338028795154,-0.25351227493420303,0.08068002644829866,0.35016524895703527,0.0,0.4286347882554354,0.23219387846099934,0.13793863192452588,Banks—Regional,Financial Services,41.7,298186692,12591,PFIS
2017,2017-12-31,2018-03-14,18457000.0,78644000.0,0.0,2.5,78644000.0,1.0,2169031000.0,264976000.0,1774534000.0,124172000.0,1904055000.0,0.0,121353000.0,480419087.46,35.82772308259363,14.290935154463163,0.07994768170671604,0.6544328542962381,0.0,35.82772308259363,0.06965536501418997,4.380475146991506,18.6649015257084,1.30011052872713,0.5049032887251449,0.0,0.027050948435474374,0.03625766528924667,2.5526849853429114,0.008509329742175192,15.416543786807482,1.0,-0.05660377358490563,0.05283462619753143,0.1606440988456447,0.20843053052315888,0.05381358203355309,-0.057498851044273096,0.0,0.06741434651317904,0.14136139423334995,0.0959490544128951,Banks—Regional,Financial Services,41.7,298186692,12591,PFIS
2016,2016-12-31,2017-03-16,19583000.0,74628000.0,0.0,2.65,74628000.0,1.0,1999442000.0,256618000.0,1619664000.0,83162000.0,1742824000.0,0.0,111114000.0,461113069.20000005,34.69350452281797,19.476010677953873,0.07043665182585941,0.5488079557942155,0.0,34.69350452281797,0.0763118721212074,4.8268755587715075,18.3945293979472,1.4037209751459367,0.46826328958790786,0.0,0.025456660480814762,0.03732441351136967,3.6745027777109738,0.009794232590892859,16.92047861336841,1.0,0.12288135593220341,0.0623509947330942,0.1564723861844072,0.8254714907328229,0.0648972602739726,0.10494837217175422,0.0,1.1903335238672061,0.12432492690238549,-0.3123454561992684,Banks—Regional,Financial Services,41.7,298186692,12591,PFIS
2015,2015-12-31,2016-03-11,17723000.0,70080000.0,0.0,2.36,70080000.0,1.0,1819058000.0,248768000.0,1417881000.0,38885000.0,1570290000.0,0.0,100701000.0,351988454.08,33.096470661486386,36.463443487205865,0.05424730822216774,0.3966707936712117,0.0,33.096470661486386,0.07124308592745048,4.084281593607305,16.150000230209333,1.1505758541291484,0.5258139141228911,0.0,0.032558136633294384,0.0385254345930696,8.323209463803524,0.009742954870048124,12.068917780401415,1.0,0.008547008547008555,0.14153590711398736,0.24388181336554418,1.0569696307630576,-0.003540502495414409,0.0041928721174004195,0.0,-0.005257243379622008,0.01765850522919754,0.11630832659123219,Banks—Regional,Financial Services,41.7,298186692,12591,PFIS
2014,2014-12-31,2015-03-16,17649000.0,70329000.0,0.0,2.34,70329000.0,1.0,1741669000.0,246779000.0,1288109000.0,19449000.0,1494890000.0,0.0,92297000.0,395614626.0,32.69104794454766,66.23008895058872,0.029865031759766063,0.21077563325890777,0.0,32.69104794454766,0.0715174305755352,5.332446444567675,21.24911473737889,1.5196820880220763,0.5303416624171341,0.0,0.024958294449990464,0.040380232983419924,19.3630520849401,0.010133383553361746,19.34318269032391,1.0,1.186915887850467,0.4512237160210616,0.4554641041963619,1.278268718216864,0.6558519530054387,2.0849501835343474,0.0,-0.06185818315601575,0.06789239411562295,0.7201080388319444,Banks—Regional,Financial Services,41.7,298186692,12591,PFIS
2013,2013-12-31,2014-03-17,5721000.0,42473000.0,0.0,1.07,42473000.0,1.0,1688221000.0,238792000.0,1270796000.0,22775000.0,1449429000.0,0.0,84008000.0,196801242.0,50.45193816514858,55.79784851811196,0.03482660149352484,0.2462184662802774,0.0,50.45193816514858,0.02395808904820932,4.2346017940809455,31.437902814193325,0.7531920751113941,0.9632931305715784,0.0,0.03064113838206405,0.02515843601045124,15.254928649835346,0.003388774337009195,19.547466797087274,1.0,-0.5485232067510548,0.2441308921124412,0.9337076007567915,2.9731536399945813,0.037749218139171224,-0.4597223533855888,0.0,-0.4148122860389251,0.19720597324536956,2.1356245105497162,Banks—Regional,Financial Services,41.7,298186692,12591,PFIS
2012,2012-12-31,2012-12-31,10589000.0,40928000.0,0.0,2.37,40928000.0,1.0,918042000.0,132446000.0,697885000.0,0.0,785596000.0,0.0,83798000.0,133804460.5,29.64814457897132,0.0,0.049449807307290955,0.3427585582048533,0.0,29.64814457897132,0.07994956435075427,3.329052494624707,12.867264189253,1.0287321663168385,0.5197846822173954,0.0,0.04039589726085909,0.044581838303694166,0.0,0.011534330673324314,15.75343513701006,1.0,-0.04819277108433739,0.5292622648653847,0.7123582608656956,1.1766544992203778,0.49563310798465193,0.35461174363566583,0.0,0.4713203535826877,0.43128332007577763,1.0662060286968227,Banks—Regional,Financial Services,41.7,298186692,12591,PFIS
2011,2011-12-31,2012-03-15,7817000.0,27365000.0,0.0,2.49,27365000.0,1.0,621404000.0,59613000.0,469822000.0,44075000.0,561791000.0,0.0,51342000.0,140769729.75,19.005229442882452,10.659602949517867,0.1009295080173285,1.0520859544059182,0.0,19.005229442882452,0.13112911613238723,3.238104503928376,11.33564407701164,1.4864329886098668,0.3227580913393885,0.0,0.028472849813089368,0.04403737343177707,0.3177992058990357,0.012579577859170523,11.015754568622576,1.0,0.20873786407766998,0.9023958968566403,0.8717582897595634,0.45253963925452834,0.16283516763693537,0.2053970701619121,0.0,1.5651235934102368,0.8799546645852983,0.49668574263183063,Banks—Regional,Financial Services,41.7,298186692,12591,PFIS
2010,2010-12-31,2011-03-16,6485000.0,23533000.0,0.0,2.06,23533000.0,1.0,558587000.0,50516000.0,427525000.0,39035000.0,508071000.0,0.0,46048000.0,142735519.60000002,16.089917015064948,10.952350454720124,0.11826268781765419,1.3077044896666403,0.0,16.089917015064948,0.12837516826352047,3.548783393532487,12.877952135697765,1.6532092723097633,0.38242097147262916,0.0,0.02969579071602198,0.04212951608254399,0.25210708338670423,0.011609650779556273,8.556713073770492,1.0,0.2795031055900621,0.45460987072666836,0.5277560006495192,0.2802210367555386,0.17307213000348937,0.2844127550009903,0.0,0.33261034669828804,0.4009336975950697,0.18126077568321045,Banks—Regional,Financial Services,41.7,298186692,12591,PFIS
2009,2009-12-31,2010-03-15,5049000.0,20061000.0,0.0,1.61,20061000.0,1.0,516483000.0,44970000.0,377908000.0,20885000.0,471513000.0,0.0,42043000.0,107603696.866,14.3490746649649,18.09470912137898,0.11460009332349758,1.316188570157883,0.0,14.3490746649649,0.11227484989993329,2.819834348536962,11.203940753812635,1.257920766422059,0.4715785304020598,0.0,0.04209041628871381,0.03884154947984735,0.5139573856835049,0.0097757331799885,16.19023951516886,1.0,0.6597938144329898,0.14258169485132327,0.38396827591250693,0.06994891267901246,0.38199228437586114,0.6614017769002961,0.0,0.2298015277251215,0.3733326953884352,0.09667709090931603,Banks—Regional,Financial Services,41.7,298186692,12591,PFIS
2008,2008-12-31,2009-03-16,3039000.0,14516000.0,0.0,0.97,14516000.0,1.0,472376000.0,39720000.0,353769000.0,20081000.0,432656000.0,0.0,39375000.0,108035000.0,12.698209718670077,17.61710074199492,0.12304393110572934,1.463318227593152,0.0,12.698209718670077,0.07651057401812689,3.9864976577569577,19.041790062520565,1.4568982880161128,0.7953274103323462,0.0,0.04176747079560379,0.030729757650685047,0.5219859568746577,0.006433434382779819,9.763455373713514,1.0,-0.3741935483870968,-0.44798441685773177,-0.016502571175165744,-0.022697851079615642,-0.13667182110146306,-0.3761034695134469,0.0,-0.3158116799829268,-0.05412865475461038,0.010354198580025498,Banks—Regional,Financial Services,41.7,298186692,12591,PFIS
TTM,,,,,,,,,,,,,,,,334983692.0,45.914295011158146,23.911662581699346,0.020465024734461684,0.2290694206929289,0.1444498939589166,45.914295011158146,0.11461956871759439,2.753848282231252,8.281860209772747,0.9082138795742376,0.3181275840062155,0.0,0.03884892086330935,0.029436143441119965,23.911662581699346,0.009797277183916904,10.38362962705018,1.0,,,,,,,,,,,Banks—Regional,Financial Services,41.7,298186692,12591,PFIS
