Quarters,Year,Quarter,FillingDate,Date,NetIncome,Revenue,OperatingIncome,EPSDiluted,GrossProfit,GrossProfitRatio,TotalAssets,CommonStockEquity,CurrentAssets,CurrentLiability,TotalLiability,Inventory,RetainedEarnings,MarketCap,EnterpriseValue,bookValuePerShare,currentRatio,debtToAssets,debtToEquity,roic,shareholdersEquityPerShare,roe,priceToSalesRatio,peRatio,pbRatio,payoutRatio,inventoryTurnover,dividendYield,assetTurnover,quickRatio,returnOnAssets,priceToFreeCashFlowsRatio,grossProfitMargin,epsdilutedGrowth,fiveYNetIncomeGrowthPerShare,fiveYRevenueGrowthPerShare,fiveYShareholdersEquityGrowthPerShare,grossProfitGrowth,netIncomeGrowth,operatingIncomeGrowth,threeYNetIncomeGrowthPerShare,threeYRevenueGrowthPerShare,threeYShareholdersEquityGrowthPerShare,Industry,Sector,Symbol
2023Q3,2023,Q3,2023-05-24,2023-04-30,107800000.0,1720900000.0,183300000.0,0.31,1246100000.0,0.7240978558,14170500000.0,1232400000.0,6413600000.0,8641200000.0,12938100000.0,317300000.0,-1455100000.0,55704870000.0,57658570000.0,4.05528134254689,0.7422117298523353,0.2785081683779683,3.2023693605972086,0.02770969227953782,4.05528134254689,0.08747160012982798,32.3696147364751,129.18569109461967,45.2003164556962,0.0,1.4963756697132051,0.0,0.12144243322395117,0.6251215109012637,0.007607353304399986,138.94953853828886,0.724097855773142,0.24,3.0941507722942228,1.7529736420711672,0.4911190532677749,0.04811169989065523,0.28028503562945367,7.565420560747664,2.375733116543755,0.8895266754187738,0.5797463642713212,Software—Infrastructure,Technology,PANW
2023Q2,2023,Q2,2023-02-22,2023-01-31,84200000.0,1655100000.0,21400000.0,0.25,1188900000.0,0.7183251767,13163400000.0,729000000.0,5405800000.0,8475100000.0,12434400000.0,313400000.0,-1562900000.0,47956871999.99999,50565071999.99999,2.4115117433013564,0.6378449811801631,0.3004163058176459,5.424554183813443,0.004306289025057197,2.4115117433013564,0.11550068587105625,28.975211165488485,142.3897624703088,65.78446090534979,0.0,1.4875558391831525,0.0,0.1257349924791467,0.5457162747342215,0.006396523694486227,73.07157092792929,0.7183251767264818,3.166666666666667,3.1811631361093125,1.7587099567036204,-0.011301891022711185,0.0793463458919655,3.21,1.7254237288135594,2.1145029670760263,0.9769619400116837,-0.5578770201432577,Software—Infrastructure,Technology,PANW
2023Q1,2023,Q1,2022-11-18,2022-10-31,20000000.0,1563400000.0,-29500000.0,0.06,1101500000.0,0.7045541768,12543800000.0,508000000.0,5733500000.0,8195100000.0,12035800000.0,0.0,-1647100000.0,51442682000.0,53337182000.0,1.6944629753168778,0.6996253859013313,0.3158293340136163,7.798622047244095,-0.003608643913208566,1.6944629753168778,0.03937007874015748,32.904363566585644,643.0335249999999,101.2651220472441,0.0,0.0,0.0,0.12463527798593728,0.6152212907713146,0.0015944131762304884,42.9727524851725,0.7045541767941665,4.999999999999999,1.284252001334223,1.8132119731650969,-0.3442882739195224,0.04091854091854092,5.0606060606060606,-1.7314814814814814,1.3243773253757538,0.9578337884020102,-0.6761702913170462,Software—Infrastructure,Technology,PANW
2022Q4,2022,Q4,2022-09-06,2022-07-31,3300000.0,1550500000.0,-10800000.0,0.01,1058200000.0,0.6824895195,12253600000.0,210000000.0,6414900000.0,8306300000.0,12043600000.0,0.0,-1667100000.0,50512170000.0,52346570000.0,0.7035175879396985,0.7722933195285506,0.3225909120584971,18.823333333333334,-0.00046409452735670547,0.7035175879396985,0.015714285714285715,32.57798774588842,3826.6795454545454,240.53414285714283,0.0,0.0,0.0,0.1265342429979761,0.6954961896391896,0.0002693086113468695,104.25628482972137,0.6824895195098355,1.04,1.0789207819200715,1.7823353656911545,-0.7474338517230703,0.11836820968082858,1.0450819672131149,0.773109243697479,1.1527541553923464,0.8526225069252942,-0.8725392707723196,Software—Infrastructure,Technology,PANW
2022Q3,2022,Q3,2022-05-20,2022-04-30,-73200000.0,1386700000.0,-47600000.0,-0.25,946200000.0,0.6823393668,11100000000.0,337600000.0,5697600000.0,7677200000.0,10762400000.0,0.0,-1670400000.0,55510582110.0,57042082110.0,1.1378496798112572,0.7421455739071536,0.355981981981982,11.704383886255924,-0.014539400179639407,1.1378496798112572,-0.21682464454976302,40.030707514242444,-189.58532141393442,164.42707970971563,0.0,0.0,0.0,0.12492792792792792,0.6662845829208566,-0.0065945945945945945,158.05974404897495,0.6823393668421432,0.21875000000000003,-0.10595864858268537,1.954914902276126,-0.6179646260134385,0.0379552435278631,0.21711229946524063,0.3720316622691293,-2.458879356085255,0.8216411353403819,-0.778468974754195,Software—Infrastructure,Technology,PANW
2022Q2,2022,Q2,2022-02-23,2022-01-31,-93500000.0,1316900000.0,-75800000.0,-0.32,911600000.0,0.6922317564,10400500000.0,117800000.0,4868600000.0,7406400000.0,10282700000.0,0.0,-1597200000.0,50808689820.0,52842289820.0,0.3998642226748133,0.657350399654353,0.38039517330897554,33.5848896434635,-0.020134077564763247,0.3998642226748133,-0.7937181663837012,38.58204102057863,-135.8521118181818,431.31315636672326,0.0,0.0,0.0,0.12661891255228114,0.5795663210196587,-0.008989952406134321,126.42122373724807,0.6922317563976004,0.08571428571428563,-0.4250653680439328,1.8781876425926978,-0.8750252067656596,0.05168435625288417,0.09749034749034749,0.08343409915356712,-33.42346858843804,0.7724639689896197,-0.8950663402249234,Software—Infrastructure,Technology,PANW
2022Q1,2022,Q1,2021-11-19,2021-10-31,-103600000.0,1247400000.0,-82700000.0,-0.35,866800000.0,0.6948853616,10426400000.0,518900000.0,4839100000.0,7144400000.0,9907500000.0,0.0,-1503700000.0,49611065760.0,51309765760.0,1.7721994535519126,0.677327697217401,0.38091767052865805,7.653883214492195,-0.019612588360253452,1.7721994535519126,-0.19965311235305455,39.77157748917749,-119.71782277992278,95.60814368857199,0.0,0.0,0.0,0.1196386096831121,0.5981607972677901,-0.009936315506790454,89.5021933249143,0.6948853615520282,0.14634146341463414,-0.5424027799883283,1.8829697209285086,-0.4800930711239407,0.007438400743840074,0.13160100586756077,-0.42586206896551726,-1.5996447374052989,0.8274896291483406,-0.6041773742126294,Software—Infrastructure,Technology,PANW
2021Q4,2021,Q4,2021-09-03,2021-07-31,-119300000.0,1219300000.0,-58000000.0,-0.41,860400000.0,0.7056507832,10241600000.0,763600000.0,4647300000.0,5116700000.0,9478000000.0,0.0,-1666800000.0,38787669719.99999,40452869719.99999,2.618655692729767,0.9082611839662282,0.34559053272926105,4.635149292823468,-0.014651745661246152,2.618655692729767,-0.15623363017286537,31.811424358238327,-81.28178901927912,50.795795861707695,0.0,0.0,0.0,0.11905366349007968,0.8094084077628159,-0.011648570535853773,129.98548833780157,0.7056507832362832,0.18000000000000005,-1.0020708271982481,1.782392262799504,-0.11584317856560468,0.15754069689223732,0.17780840799448655,0.4746376811594203,-48.521560207550536,0.7688882385568133,-0.2623355814469624,Software—Infrastructure,Technology,PANW
2021Q3,2021,Q3,2021-05-21,2021-04-30,-145100000.0,1073900000.0,-110400000.0,-0.5,743300000.0,0.6921501071,9562100000.0,997200000.0,4140900000.0,3007300000.0,8564900000.0,0.0,-1547500000.0,34243500690.0,35865700690.0,3.430340557275542,1.3769494230705284,0.3668963930517355,3.518150822302447,-0.022082761334401457,3.430340557275542,-0.1455074207781789,31.887047853617656,-58.9998288938663,34.33965171480144,0.0,0.0,0.0,0.11230796582340699,1.2343963023309945,-0.015174490959098943,136.48266516540454,0.6921501070863209,-0.02040816326530614,-0.8728415642760328,1.8139060439858874,0.2357107532636456,0.04793458339207669,-0.019676739283204497,-0.24324324324324326,-1.9467430384753923,0.7959569799019107,0.2613295433993956,Software—Infrastructure,Technology,PANW
2021Q2,2021,Q2,2021-02-23,2021-01-31,-142300000.0,1016900000.0,-88800000.0,-0.49,709300000.0,0.6975120464,9488400000.0,1198500000.0,4275800000.0,4376300000.0,8289900000.0,0.0,-1402400000.0,34654414410.0,36013814410.0,4.1657977059436915,0.9770353951968558,0.36598372749884067,2.8974551522736753,-0.019483232341921456,4.1657977059436915,-0.11873174801835627,34.07848796341823,-60.882667621222765,28.91482220275344,0.0,0.0,0.0,0.10717296909911049,0.8775449580696022,-0.014997259811980945,104.25515767148015,0.6975120464155767,-0.5312499999999999,-1.0560050052137644,1.7436064793367008,0.6146117320664942,0.06150853038012571,-0.5433839479392625,-0.9559471365638766,-2.873283117860952,0.7809771040384373,0.7079395635079672,Software—Infrastructure,Technology,PANW
2021Q1,2021,Q1,2020-11-19,2020-10-31,-92200000.0,946000000.0,-45400000.0,-0.32,668200000.0,0.7063424947,8726500000.0,747000000.0,4300900000.0,2635100000.0,7979500000.0,0.0,-1260100000.0,21123645000.0,23176445000.0,2.607329842931937,1.632158172365375,0.35743998166504326,4.175635876840696,-0.012138430912905479,2.607329842931937,-0.12342704149933066,22.32943446088795,-57.27669468546638,28.2779718875502,0.0,0.0,0.0,0.1084054317309345,1.4774012371447003,-0.01056551882197903,41.80416584207401,0.7063424947145878,-0.6,-1.1229811815955735,1.836406812624636,0.06249211316923151,0.012424242424242424,-0.565365025466893,-2.7520661157024793,-0.3712336387434555,0.7812730125685522,0.008966720828067603,Software—Infrastructure,Technology,PANW
2020Q4,2020,Q4,2020-09-04,2020-07-31,-58900000.0,950400000.0,-12100000.0,-0.2,660000000.0,0.6944444444,9065400000.0,1101800000.0,5129200000.0,2691700000.0,7963600000.0,0.0,-1167900000.0,24568329600.0,25484229600.0,3.8256944444444443,1.9055615410335476,0.3402056169611931,2.799146850608096,-0.0032559425096738534,3.8256944444444443,-0.05345797785442004,25.85051515151515,-104.27983701188457,22.298356870575425,0.0,0.0,0.0,0.1048381759216361,1.7776498123862243,-0.006497231230833719,81.37903146737331,0.6944444444444444,0.23076923076923075,-0.1206601263115152,1.92830114238813,0.6736412447284864,0.08001963672066764,0.21256684491978609,0.7510288065843621,-0.4599721858638744,0.7676487919858573,0.3734424368088467,Software—Infrastructure,Technology,PANW
2020Q3,2020,Q3,2020-05-22,2020-04-30,-74800000.0,869400000.0,-48600000.0,-0.26,611100000.0,0.7028985507,6501800000.0,744700000.0,3014000000.0,2335700000.0,5757100000.0,0.0,-1109000000.0,19002507330.0,19548907330.0,2.5670458462599104,1.290405445904868,0.22716786120766558,1.9833489995971532,-0.020892997356133054,2.5670458462599104,-0.10044313146233383,21.857036266390615,-63.511053910427805,25.516996548945883,0.0,0.0,0.0,0.13371681688147896,1.1592242154386265,-0.011504506444369251,227.3027192583732,0.7028985507246377,-0.040000000000000036,-0.38623469677320443,2.160556499530542,0.15829854342876987,0.047121315969842356,-0.014925373134328358,-0.22418136020151133,-0.15584400147392685,0.8947500015566976,-0.13810906895959227,Software—Infrastructure,Technology,PANW
2020Q2,2020,Q2,2020-02-25,2020-01-31,-73700000.0,816700000.0,-39700000.0,-0.25,583600000.0,0.7145830782,7184100000.0,1608500000.0,3978200000.0,2239500000.0,5575600000.0,0.0,-1034200000.0,23078874000.0,23673974000.0,5.454391319091218,1.7763786559499888,0.20339360532286577,0.908423997513211,-0.01398893044820956,5.454391319091218,-0.04581908610506683,28.25869229827354,-78.28654681139757,14.34807211687908,0.0,0.0,0.0,0.11368160242758313,1.6406340701049342,-0.010258765885775532,89.52239720713732,0.7145830782417044,-0.19047619047619052,-0.4089807607300295,2.0851815778996197,1.562753573555618,0.05304944063514976,-0.23657718120805368,-0.10277777777777777,-0.12214410657749392,0.7831457060612524,0.7047322282617967,Software—Infrastructure,Technology,PANW
2020Q1,2020,Q1,2019-11-26,2019-10-31,-59600000.0,771900000.0,-36000000.0,-0.21,554200000.0,0.7179686488,6824800000.0,1516400000.0,3649800000.0,2051600000.0,5308400000.0,0.0,-960500000.0,21965883660.0,23745183660.0,5.232574189095928,1.7790017547280172,0.21180107841988044,0.9532445265101557,-0.0118100516992499,5.232574189095928,-0.039303613822210495,28.456903303536727,-92.13877374161075,14.485547124769191,0.0,0.0,0.0,0.11310221544953698,1.6379411191265354,-0.008732856640487634,123.40384078651685,0.7179686487887031,-1.9005524861878451,-0.6289938802620204,2.2980377041812523,1.5267295319282062,-0.058123725356900066,-1.8653846153846154,-5.235294117647059,0.10348616722614194,0.8024701181544011,0.5350707683136698,Software—Infrastructure,Technology,PANW
2019Q4,2019,Q4,2019-09-09,2019-07-31,-20800000.0,805800000.0,8500000.0,-0.0724,588400000.0,0.7302060065,6592200000.0,1586300000.0,3664800000.0,2053300000.0,5005900000.0,0.0,-900900000.0,21702522420.0,24012822420.0,5.5194850382741825,1.7848341693858667,0.2169230302478687,0.9014688268297295,0.004278456880632263,5.5194850382741825,-0.013112273844796067,26.932889575577065,-260.8476252403846,13.681221975666645,0.0,0.0,0.0,0.12223536907254028,1.648809233916135,-0.0031552440763326357,121.65091042600896,0.7302060064532142,-0.015427769985974806,0.4726848818249699,2.6744076079916415,1.7513263536768695,0.12785125551083,-0.0297029702970297,22.25,0.6458370841393576,0.8656741839910991,0.8635860991362508,Software—Infrastructure,Technology,PANW
2019Q3,2019,Q3,2019-05-30,2019-04-30,-20200000.0,726600000.0,-400000.0,-0.0713,521700000.0,0.7180016515,6261800000.0,1454600000.0,3717500000.0,1998800000.0,4807200000.0,0.0,-880100000.0,23489542560.0,23747442560.0,5.136299435028248,1.859865919551731,0.25117378389600437,1.081259452770521,-0.00012649084647737083,5.136299435028248,-0.013886979238278564,32.32802444260941,-290.7121603960396,16.14845494293964,0.0,0.0,0.0,0.11603692229071513,1.728837302381429,-0.003225909482896292,85.07621354581673,0.718001651527663,-6.75,0.8905655523826713,2.828955144354594,3.251706445279371,0.02575697994494691,-6.769230769230769,-1.0168067226890756,0.7323687768603023,0.9543076236876415,0.8502479091718278,Software—Infrastructure,Technology,PANW
2019Q2,2019,Q2,2019-02-27,2019-01-31,-2600000.0,711200000.0,23800000.0,-0.0092,508600000.0,0.7151293588,5707500000.0,1074600000.0,3487500000.0,1868200000.0,4632900000.0,0.0,-859900000.0,20193089400.0,20621089400.0,3.8106382978723405,1.8667701530885343,0.2725886990801577,1.4477945281965383,-0.011762469586374695,3.8106382978723405,-0.002419504932067746,28.392982845894263,-1941.6432115384619,18.791261306532665,0.0,0.0,0.0,0.12460797196671047,1.736966063590622,-0.00045554095488392464,80.16311790393013,0.7151293588301463,0.9342857142857144,0.9495541321209165,2.9074082274490824,1.9280305707259582,0.0764021164021164,0.9321148825065274,2.2460732984293195,0.9616748936170213,0.9576095455441199,0.47695633266781157,Software—Infrastructure,Technology,PANW
2019Q1,2019,Q1,2018-11-30,2018-10-31,-38300000.0,656000000.0,-19100000.0,-0.14,472500000.0,0.7202743902,5801500000.0,1259900000.0,3815200000.0,1815700000.0,4541600000.0,0.0,-857300000.0,17169142620.0,17009142620.0,4.477256574271499,2.101228176460869,0.27999655261570283,1.2893086752916898,-0.006067578859116347,4.477256574271499,-0.030399238034764665,26.17247350609756,-112.07012154046997,13.627385205175015,0.0,0.0,0.0,0.11307420494699646,1.975050944539296,-0.006601740929070068,78.75753495412845,0.7202743902439024,-15.867469879518074,-2.7232499703673287,2.9109727425551957,2.3225412659339226,-0.0019011406844106464,-15.652173913043478,-2.015957446808511,0.10212778852140184,1.0025425650061555,0.8244909870894075,Software—Infrastructure,Technology,PANW
2018Q4,2018,Q4,2018-09-13,2018-07-31,-2300000.0,658100000.0,18800000.0,-0.0083,473400000.0,0.7193435648,5823000000.0,988300000.0,4132000000.0,2139400000.0,4834700000.0,0.0,-984600000.0,18398537280.0,17811737280.0,3.5499281609195403,1.9313826306441058,0.32974411815215526,1.9428311241525853,-0.0017699144022895908,3.5499281609195403,-0.0023272285743195387,27.957054064731803,-1999.841008695652,18.61634855813012,0.0,0.0,0.0,0.11301734501116263,1.8092455828737029,-0.000394985402713378,72.86549417821782,0.71934356480778,0.9511764705882353,0.8889800411110433,3.4761255566993383,1.773119125133858,0.162573673870334,0.9507494646680942,1.3643410852713178,0.9547300809580853,1.0976086095933781,0.5530007093394163,Software—Infrastructure,Technology,PANW
2018Q3,2018,Q3,2018-06-05,2018-04-30,-46700000.0,567100000.0,-51600000.0,-0.17,407200000.0,0.7180391465,3908300000.0,749800000.0,2205500000.0,1943100000.0,3158500000.0,0.0,-982300000.0,17691669000.0,17286469000.0,2.7196227783822997,1.1350419432865009,0.13913977944374792,0.7252600693518272,-0.0376323532167688,2.7196227783822997,-0.06228327554014404,31.196736025392347,-94.70914882226981,23.595184049079755,0.0,0.0,0.0,0.14510145075864186,1.0205341979311409,-0.011948929201954814,83.25491294117647,0.7180391465350027,-0.30769230769230776,-3.855164059186888,3.238723302764471,1.151171415971008,0.06290785695640824,-0.33810888252148996,-0.6226415094339622,0.08932584755413832,1.1692746068350341,0.22714407592897132,Software—Infrastructure,Technology,PANW
2018Q2,2018,Q2,2018-02-27,2018-01-31,-34900000.0,542400000.0,-31800000.0,-0.13,383100000.0,0.7063053097,3627500000.0,666600000.0,2210200000.0,1856400000.0,2960900000.0,0.0,-935600000.0,14381947890.0,14004347890.0,2.439077936333699,1.1905839258780435,0.14814610613370088,0.8061806180618062,-0.027681003262398612,2.439077936333699,-0.052355235523552354,26.51539065265487,-103.02254935530085,21.575079342934295,0.0,0.0,0.0,0.14952446588559615,1.0777849601379013,-0.009620951068228807,65.9419894085282,0.7063053097345132,0.43478260869565216,-8.918405523677738,3.174002565265488,1.0327619267934183,0.052183466080747046,0.4546875,0.4143646408839779,0.2800569510872406,1.2109198332762643,0.1460042618580066,Software—Infrastructure,Technology,PANW
2018Q1,2018,Q1,2017-11-21,2017-10-31,-64000000.0,505500000.0,-54300000.0,-0.23,364100000.0,0.7202769535,3486500000.0,704700000.0,2039500000.0,1743000000.0,2781800000.0,0.0,-900700000.0,13380489090.0,13068889090.0,2.5841584158415842,1.170109007458405,0.152301735264592,0.7535121328224776,-0.050400234597777066,2.5841584158415842,-0.0908187881367958,26.469810267062314,-52.2675355078125,18.9874969348659,0.0,0.0,0.0,0.14498781012476697,1.06368330464716,-0.018356517997992258,55.31413431169905,0.7202769535113749,-0.6428571428571428,-12.382946260486646,3.323676793634166,1.1967357625371469,-0.017539125742039936,-0.675392670157068,-0.989010989010989,-0.8589444417369769,1.2952446222547453,0.24785032156722991,Software—Infrastructure,Technology,PANW
2017Q4,2017,Q4,2017-09-07,2017-07-31,-38200000.0,509100000.0,-27300000.0,-0.14,370600000.0,0.7279512866,3438300000.0,759600000.0,1976300000.0,1201300000.0,2678700000.0,0.0,-836700000.0,11978811090.0,12389911090.0,2.7854785478547854,1.6451344376925,0.1526044847744525,0.6907582938388626,-0.02653616145516059,2.7854785478547854,-0.05028962611901001,23.529387330583383,-78.39536053664922,15.769893483412321,0.0,0.0,0.0,0.14806735886920863,1.5042870223924083,-0.011110141639763836,62.94698418286915,0.7279512865841682,0.3636363636363636,-1.3683959611442769,0.9190860666141176,-0.05448330235802629,0.20285621551444336,0.3727422003284072,0.4439918533604888,-0.020638335590998636,1.4466102534307048,0.3884919486457621,Software—Infrastructure,Technology,PANW
2017Q3,2017,Q3,2017-06-01,2017-04-30,-60900000.0,431800000.0,-49100000.0,-0.22,308100000.0,0.71352478,3250100000.0,813100000.0,1895200000.0,1054700000.0,2437000000.0,0.0,-798500000.0,9866220000.0,10372620000.0,2.9783882783882785,1.796909073670238,0.1595027845297068,0.6375599557250031,-0.04221297705397554,2.9783882783882785,-0.07489853646537942,22.849050486336267,-40.501724137931035,12.134079449022261,0.0,0.0,0.0,0.13285745053998338,1.64606049113492,-0.01873788498815421,60.677859778597785,0.7135247799907365,0.0,-56.99464271356784,3.81015998782344,53.5808383380721,-0.004201680672268907,-0.0049504950495049506,0.0974264705882353,0.6577443901783714,1.3604680429059992,1.465438941002537,Software—Infrastructure,Technology,PANW
2017Q2,2017,Q2,2017-03-01,2017-01-31,-60600000.0,422600000.0,-54400000.0,-0.22,309400000.0,0.7321344061,3174600000.0,870600000.0,1880400000.0,993600000.0,2304000000.0,0.0,-737600000.0,13383701070.0,13727601070.0,3.1995589856670343,1.892512077294686,0.1613746613746614,0.5884447507466115,-0.041243252670219874,3.1995589856670343,-0.06960716747070986,31.669903147184097,-55.21328824257426,15.372962405237766,0.0,0.0,0.0,0.13311913311913312,1.7517109500805152,-0.01908901908901909,78.82038321554771,0.7321344060577378,0.04347826086956525,-93.05946932662104,3.8021792252979445,9.964196983582093,0.04245283018867924,0.019417475728155338,-0.09018036072144289,-0.21855585525575283,1.4062851889143424,1.4584874738977034,Software—Infrastructure,Technology,PANW
2017Q1,2017,Q1,2016-11-22,2016-10-31,-61800000.0,398100000.0,-49900000.0,-0.23,296800000.0,0.7455413213,3006500000.0,918300000.0,1865900000.0,1400900000.0,2088200000.0,0.0,-683400000.0,13813942980.0,13480742980.0,3.408685968819599,1.3319294739096295,0.16836853484117745,0.5512359795273876,-0.04054014615812369,3.408685968819599,-0.06729826853969291,34.69968093443858,-55.881646359223296,15.04295217249265,0.0,0.0,0.0,0.1324131049392982,1.2395602826754228,-0.020555463163146517,75.7343365131579,0.7455413212760613,-0.15,-3.794751212607219,0.29743989731293835,0.0,-0.007689735874289535,-0.13394495412844037,-0.09911894273127753,-5.275356422518317,1.4791318739898411,1.5295623795819335,Software—Infrastructure,Technology,PANW
2016Q4,2016,Q4,2016-09-08,2016-07-31,-54500000.0,400800000.0,-45400000.0,-0.2,299100000.0,0.746257485,2761200000.0,789900000.0,1719100000.0,846800000.0,1971300000.0,0.0,-726600000.0,11421880890.0,11746880890.0,2.9617547806524183,2.0301133679735477,0.1840504128639722,0.643372578807444,-0.039139497357296965,2.9617547806524183,-0.06899607545258893,28.497706811377245,-52.39394903669725,14.459907443980253,0.0,0.0,0.0,0.14515428074750109,1.929971658006613,-0.019737795161523974,66.71659398364486,0.7462574850299402,0.25925925925925924,-0.7135624560307888,0.8733782922886144,3.0785007623900063,0.19210840972499005,0.22364672364672364,0.22525597269624573,-1.7460974425430973,1.84566844057515,1.3136521230492617,Software—Infrastructure,Technology,PANW
2016Q3,2016,Q3,2016-05-27,2016-04-30,-70200000.0,345800000.0,-58600000.0,-0.27,250900000.0,0.7255639098,2507000000.0,731200000.0,1446200000.0,1239000000.0,1775800000.0,0.0,-672100000.0,13246386000.0,13199186000.0,2.7760060744115416,1.1672316384180792,0.2005584363781412,0.687636761487965,-0.05258117787810153,2.7760060744115416,-0.09600656455142231,38.3064950838635,-47.17373931623931,18.115954595185993,0.0,0.0,0.0,0.13793378540087756,1.0937046004842614,-0.028001595532508975,87.84075596816976,0.7255639097744361,-0.1250000000000001,-3.936972650842791,1.1127754545153483,0.0,0.043243243243243246,-0.1232,-0.059674502712477394,-6.639151738708546,1.7053372011986452,1.1957695623464708,Software—Infrastructure,Technology,PANW
2016Q2,2016,Q2,2016-02-26,2016-01-31,-62500000.0,334700000.0,-55300000.0,-0.24,240500000.0,0.7185539289,2316600000.0,670300000.0,1307100000.0,1186400000.0,1646300000.0,0.0,-601900000.0,13037621340.0,13121921340.0,2.580061585835258,1.1017363452461226,0.21475438142104808,0.7422049828435029,-0.050505544979124135,2.580061585835258,-0.09324183201551545,38.95315608007171,-52.150485360000005,19.45042718185887,0.0,0.0,0.0,0.14447897781231114,1.027478084962913,-0.02697919364586031,95.58373416422288,0.7185539288915447,-0.6,-100.44094786265198,2.9834005527845617,8.22855255640138,0.10321100917431193,-0.6149870801033591,-0.7954545454545454,-17.685164955114285,1.709500453845242,1.1502596872126438,Software—Infrastructure,Technology,PANW
2016Q1,2016,Q1,2015-11-24,2015-10-31,-38700000.0,297200000.0,-30800000.0,-0.15,218000000.0,0.733512786,2094400000.0,626500000.0,1039900000.0,1078200000.0,1467900000.0,0.0,-539400000.0,13701108510.0,13917608510.0,2.45397571484528,0.9644778334260805,0.23505538579067992,0.7857940941739825,-0.030970682874508403,2.45397571484528,-0.06177174780526736,46.10063428667564,-88.50845290697674,21.8692873264166,0.0,0.0,0.0,0.1419022154316272,0.88823965869041,-0.018477845683728036,107.71311721698113,0.7335127860026918,0.16666666666666666,-2.8467683363424268,0.02209356210006335,0.0,0.040269897547730735,0.15816493006460594,0.10809949902991342,-7.644045579378624,1.7152835599216594,1.086070335375582,Software—Infrastructure,Technology,PANW
2015Q4,2015,Q4,2015-09-17,2015-07-31,-45971000.0,283879000.0,-34533000.0,-0.18,209561000.0,0.7382053621,1965178000.0,575815000.0,1074030000.0,1032227000.0,1389363000.0,0.0,-500708000.0,15603765043.2,15715035043.2,2.2858509590955283,1.0404978749829252,0.24785744599216966,0.8459036322429947,-0.03683739885559711,2.2858509590955283,-0.07983640579005409,54.96625337978505,-84.85656741858998,27.098573401526533,0.0,0.0,0.0,0.1444545990235999,0.9700821621600675,-0.02339279189976684,157.0443044233537,0.7382053621437302,0.05263157894736847,-0.5302956330075098,0.40481452626359626,2.6041648661214944,0.23433091643744441,-0.000783716120605203,0.059661256943688054,-2.0854959029940563,0.1584430707153373,-0.22407937702113756,Software—Infrastructure,Technology,PANW
2015Q3,2015,Q3,2015-05-28,2015-04-30,-45935000.0,234172000.0,-36724000.0,-0.19,169777000.0,0.7250098218,1784432000.0,547318000.0,1040509000.0,944007000.0,1237114000.0,0.0,-454737000.0,12160310400.0,12188147400.0,2.216221250404924,1.1022259368839427,0.2700915473383127,0.8805849615762683,-0.038644948848999605,2.216221250404924,-0.08392744254711156,51.92896845054063,-66.18216175029934,22.217998311767566,0.0,0.0,0.0,0.13123055403624234,1.0312381158190564,-0.02574208487630798,157.11401328199696,0.7250098218403567,-0.05555555555555561,-2.445533558032427,0.5259927599159033,0.0,0.07229836417608791,-0.0680571056547619,0.04652611901547409,-47.68839414119919,1.8836854034313881,39.613648216212106,Software—Infrastructure,Technology,PANW
2015Q2,2015,Q2,2015-03-03,2015-01-31,-43008000.0,217655000.0,-38516000.0,-0.18,158330000.0,0.7274356206,1672784000.0,516061000.0,861504000.0,415074000.0,1156723000.0,0.0,-408802000.0,10215345360.0,10681308360.0,2.128332343528325,2.0755431561601063,0.28507685391538895,0.9240613028304794,-0.03816627175052069,2.128332343528325,-0.08333898511997613,46.9336581286899,-59.380495256696435,19.794840842458548,0.0,0.0,0.0,0.1301154243464787,1.9522012942270535,-0.025710432428813285,144.43550264400645,0.7274356205922217,-0.3846153846153845,-74.3182409857711,1.7755206781560753,6.9629437867479504,0.1400079202217662,-0.4303578555274711,-0.6208391196397761,-74.3182409857711,1.7755206781560753,6.9629437867479504,Software—Infrastructure,Technology,PANW
2015Q1,2015,Q1,2014-11-25,2014-10-31,-30068000.0,192346000.0,-23763000.0,-0.13,138885000.0,0.722058166,1540356000.0,493211000.0,933567000.0,360966000.0,1047145000.0,0.0,-365794000.0,8391303661.2,8547164661.2,2.0708881275087756,2.5863017569521785,0.306329186240064,0.9567021011291313,-0.025608564259601507,2.0708881275087756,-0.060963766014951,43.626088721366706,-69.76938656711455,17.013618230736945,0.0,0.0,0.0,0.12487113368597909,2.459298105638758,-0.019520162871440108,121.62543535141246,0.7220581660133302,0.07142857142857148,-2.538086270072958,-0.2909127018035564,0.0,0.07144510275874838,0.062074989082288354,0.06621345488839987,-2.538086270072958,-0.2909127018035564,0.0,Software—Infrastructure,Technology,PANW
2014Q4,2014,Q4,2014-09-18,2014-07-31,-32058000.0,178231000.0,-25448000.0,-0.14,129624000.0,0.7272808883,1478466000.0,468583000.0,958326000.0,348171000.0,1009883000.0,0.0,-335726000.0,6295670954.099999,6227423954.099999,2.0061178968819706,2.752457843990453,0.3157833862936314,0.9963549680632887,-0.026514821607625597,2.0061178968819706,-0.06841477390344934,35.323097295644416,-49.09594293234138,13.435551341171145,0.0,0.0,0.0,0.12055130114591746,2.607971370389837,-0.02168328524294776,-203.88855994883087,0.7272808882854274,0.7846153846153846,-0.1508873063179427,-0.04879537339011786,2.407853751212618,0.1678889990089197,0.7813039355468083,-0.036198542285923695,-0.1508873063179427,-0.04879537339011786,2.407853751212618,Software—Infrastructure,Technology,PANW
2014Q3,2014,Q3,2014-06-03,2014-04-30,-146587000.0,150700000.0,-24559000.0,-0.65,110990000.0,0.7364963504,880387000.0,271693000.0,516445000.0,435351000.0,608694000.0,0.0,-303668000.0,4766394363.3,4531604363.3,1.2080559890796394,1.1862726857179609,0.0,0.0,-0.0911837062285348,1.2080559890796394,-0.5395317509100345,31.628363392833446,-8.128951345105637,17.5433094091493,0.0,0.0,0.0,0.17117472202565462,1.108896040206638,-0.16650291292352112,167.93130970299123,0.7364963503649635,-2.611111111111111,-11.07378533834779,0.0783655128442228,0.0,0.07170445328492527,-2.669628999148851,0.33903003552589084,-11.07378533834779,0.0783655128442228,0.0,Software—Infrastructure,Technology,PANW
2014Q2,2014,Q2,2014-02-24,2014-01-31,-39946000.0,141068000.0,-37156000.0,-0.18,103564000.0,0.7341423994,689026000.0,284444000.0,555287000.0,262809000.0,404582000.0,0.0,-157081000.0,4331177585.400001,4069310585.4000006,1.3014339180644394,2.112891872043956,0.0,0.0,-0.1397433534755297,1.3014339180644394,-0.1404353756802745,30.702764520656707,-27.106453621138538,15.226819990578111,0.0,0.0,0.0,0.2047353800872536,1.994992561137556,-0.05797459021865648,137.09295050802396,0.7341423994102135,-3.918032786885246,-76.548009497931,0.9956816620994836,4.646224387456485,0.09739014336727665,-4.081541788576517,-4.299671944087862,-76.548009497931,0.9956816620994836,4.646224387456485,Software—Infrastructure,Technology,PANW
2014Q1,2014,Q1,2013-12-05,2013-10-31,-7861000.0,128180000.0,-7011000.0,-0.0366,94373000.0,0.7362537057,639943000.0,289779000.0,552332000.0,228329000.0,350164000.0,0.0,-117135000.0,3022063791.9,2755881791.9,1.347539794366708,2.4190181711477736,0.0,0.0,-0.028755880054503188,1.347539794366708,-0.027127569630649565,23.57671861366828,-96.10939422147311,10.428857135610242,0.0,0.0,0.0,0.2002990891376263,2.313205944054413,-0.012283906535425812,130.25575586828154,0.7362537057263223,0.5080645161290323,-1.4453533830490666,-0.4766555539359521,0.0,0.14911052394462235,0.5035993937863097,-0.018596542205433678,-1.4453533830490666,-0.4766555539359521,0.0,Software—Infrastructure,Technology,PANW
2013Q4,2013,Q4,2013-09-25,2013-07-31,-15836000.0,112385000.0,-6883000.0,-0.0744,82127000.0,0.7307647818,585606000.0,272420000.0,529699000.0,206102000.0,313186000.0,0.0,-109274000.0,3471600746.4000006,3160986746.4000006,1.280121048080899,2.5700818041552242,0.0,0.0,-0.058173085924166625,1.280121048080899,-0.05813082739886939,30.890250001334703,-54.80551822429908,12.743560481609283,0.0,0.0,0.0,0.1919123096416362,2.460344877778964,-0.027042072656359394,96.74778436585571,0.7307647817769275,-1.131805157593123,0.3760008550738468,-0.3416737292451478,1.8983635619561774,0.11587113955352654,-1.1746772864597639,-0.06713178294573643,0.3760008550738468,-0.3416737292451478,1.8983635619561774,Software—Infrastructure,Technology,PANW
2013Q3,2013,Q3,2013-06-04,2013-04-30,-7282000.0,101289000.0,-6450000.0,-0.0349,73599000.0,0.726623819,538777000.0,263881000.0,472724000.0,182018000.0,274896000.0,0.0,-93438000.0,3764000542.5,3550336542.5,1.2642520062282907,2.5971277565955013,0.0,0.0,-0.027493471049148278,1.2642520062282907,-0.027595772336773017,37.161000133281995,-129.22275962990938,14.264007421906088,0.0,0.0,0.0,0.1879980028843102,2.4897867243898957,-0.013515795960109656,425.455017802645,0.7266238189734324,-1.7054263565891472,0.35372763629939075,-0.21903433938688027,0.0,0.06849494054964358,-1.786835055491772,-1.9902642559109875,0.35372763629939075,-0.21903433938688027,0.0,Software—Infrastructure,Technology,PANW
2013Q2,2013,Q2,2013-03-04,2013-01-31,-2613000.0,96499000.0,-2157000.0,-0.0129,68881000.0,0.713800143,490149000.0,243520000.0,426674000.0,168996000.0,246629000.0,0.0,-86156000.0,3745152594.8999996,3557228594.8999996,1.199883716919681,2.524757982437454,0.0,0.0,-0.011016125307328156,1.199883716919681,-0.010730124835742445,38.810273628742266,-358.31923028128585,15.379240287861364,0.0,0.0,0.0,0.19687686805440793,2.4026012449998815,-0.005331031992312542,132.40304726366398,0.7138001430066633,0.2628571428571429,-6.321919720887139,0.47016050398937526,4.361711424619446,0.11559017880279865,0.2566145092460882,0.31108272117534336,-6.321919720887139,0.47016050398937526,4.361711424619446,Software—Infrastructure,Technology,PANW
2013Q1,2013,Q1,2012-12-10,2012-10-31,-3515000.0,85934000.0,-3131000.0,-0.0175,61744000.0,0.7185048991,444297000.0,235789000.0,394739000.0,142616000.0,208508000.0,0.0,-83543000.0,3673385421.2999997,3498912421.2999997,1.1763628834707816,2.767845122566893,0.0,0.0,-0.014572293767248926,1.1763628834707816,-0.01490739601932236,42.74658949077198,-261.2649659530583,15.579121253748054,0.0,0.0,0.0,0.1934156656470784,2.6499551242497335,-0.00791137459852306,192.7173506793977,0.7185048991086183,0.703891708967851,-1.2136462978339804,-0.623577597129652,0.0,0.14182154415164125,0.23570341378560555,0.2622525918944392,-1.2136462978339804,-0.623577597129652,0.0,Software—Infrastructure,Technology,PANW
2012Q4,2012,Q4,2012-10-04,2012-07-31,-4599000.0,75642000.0,-4244000.0,-0.0591,54075000.0,0.7148806219,407804000.0,229071000.0,381657000.0,122006000.0,178733000.0,0.0,-80028000.0,1481014251.9,1158372251.9,2.945985570430958,3.1281822205465306,0.0,0.0,-0.019769305053709274,2.945985570430958,-0.0200767447647236,19.57925824145316,-80.50740660469668,6.465306616289274,0.0,0.0,0.0,0.18548616492236467,3.018572857072603,-0.011277476434757874,94.90031089965399,0.7148806218767352,-15.775,0.5040357592040343,0.2126746335459755,3.067434243418988,0.1488941296449742,-6.777638190954774,-102.51219512195122,0.5040357592040343,0.2126746335459755,3.067434243418988,Software—Infrastructure,Technology,PANW
2012Q3,2012,Q3,2012-04-30,2012-04-30,796000.0,65700000.0,-41000.0,0.004,47067000.0,0.7163926941,166489000.0,10903000.0,141616000.0,105569000.0,155586000.0,0.0,-75911000.0,3538534719.7200003,3448251719.7200003,0.054568386435184996,1.3414544042285141,0.0,0.0,0.07300742914794094,0.054568386435184996,0.07300742914794094,53.858975947031965,1111.3488441331658,324.5468879867927,0.0,0.0,0.0,0.3946206656295611,1.22269795110307,0.004781096649027864,539.6575750678664,0.7163926940639269,0.8181818181818181,1.073798502206183,-0.47081857192186205,0.0,0.14323536555744473,0.8773584905660378,-1.0321316614420062,1.073798502206183,-0.47081857192186205,0.0,Software—Infrastructure,Technology,PANW
2012Q2,2012,Q2,2012-01-31,2012-01-31,424000.0,56683000.0,1276000.0,0.0022,41170000.0,0.7263200607,136657000.0,-62556000.0,115650000.0,89184000.0,199213000.0,0.0,-76225000.0,3103907730.0,3021085730.0,-0.3569264476814844,1.2967572658772875,0.0,0.0,-0.012146959021346087,-0.3569264476814844,-0.006777926977428224,54.759058800698625,1830.134274764151,-49.61806589295991,0.0,0.0,0.0,0.41478299684611836,1.1985894330821671,0.0031026584807218073,136.2558266022827,0.7263200606883898,-0.9732034104750306,0.0,0.0,0.0,-0.02609230478082937,-0.8969873663751214,-0.8150724637681159,0.0,0.0,0.0,Software—Infrastructure,Technology,PANW
2012Q1,2012,Q1,2011-10-31,2011-10-31,4116000.0,57113000.0,6900000.0,0.0821,42273000.0,0.7401642358,,,,,,,,888067950.0,,,0.0,0.0,0.0,0.0,,0.0,15.54931364137762,53.939987244897964,0.0,0.0,0.0,0.0,0.0,0.0,0.0,49.72384938409854,0.7401642358132124,1.6841666666666668,0.0,0.0,0.0,0.46410140962144564,1.688294314381271,2.2822895372607324,0.0,0.0,0.0,Software—Infrastructure,Technology,PANW
2011Q4,2011,Q4,2011-07-31,2011-07-31,-5980000.0,40226000.0,-5381000.0,-0.12,28873000.0,0.7177696018,91172000.0,-71454000.0,76840000.0,67101000.0,162626000.0,0.0,-80765000.0,888067950.0,847550950.0,-1.4249476518097517,1.1451394167001983,0.0,0.0,0.07715213294980128,-1.4249476518097517,0.08369020628656199,22.076963903942723,-37.12658653846154,-12.428526744478967,0.0,0.0,0.0,0.4412100206203659,1.0460946930746189,-0.06559031281533804,110.41501305483028,0.7177696017501118,-1.2222222222222223,0.0,0.0,0.0,0.26143562409891213,-1.2090875507942371,-1.6520453425332675,0.0,0.0,0.0,Software—Infrastructure,Technology,PANW
2011Q3,2011,Q3,2011-04-30,2011-04-30,-2707000.0,31159000.0,-2029000.0,-0.054,22889000.0,0.7345871177,,,,,,,,888067950.0,,,0.0,0.0,0.0,0.0,,0.0,28.501169806476458,-82.0158801256003,0.0,0.0,0.0,0.0,0.0,0.0,0.0,192.55593018213355,0.7345871176867037,0.0,0.0,0.0,0.0,0.0,0.0,0.0,0.0,0.0,0.0,Software—Infrastructure,Technology,PANW
