Quarters,Year,Quarter,FillingDate,Date,NetIncome,Revenue,OperatingIncome,EPSDiluted,GrossProfit,GrossProfitRatio,TotalAssets,CommonStockEquity,CurrentAssets,CurrentLiability,TotalLiability,Inventory,RetainedEarnings,MarketCap,EnterpriseValue,bookValuePerShare,currentRatio,debtToAssets,debtToEquity,roic,shareholdersEquityPerShare,roe,priceToSalesRatio,peRatio,pbRatio,payoutRatio,inventoryTurnover,dividendYield,assetTurnover,quickRatio,returnOnAssets,priceToFreeCashFlowsRatio,grossProfitMargin,epsdilutedGrowth,fiveYNetIncomeGrowthPerShare,fiveYRevenueGrowthPerShare,fiveYShareholdersEquityGrowthPerShare,grossProfitGrowth,netIncomeGrowth,operatingIncomeGrowth,threeYNetIncomeGrowthPerShare,threeYRevenueGrowthPerShare,threeYShareholdersEquityGrowthPerShare,Industry,Sector,Symbol
2023Q1,2023,Q1,2023-05-02,2023-03-31,2703000.0,38330000.0,20242000.0,0.33,38330000.0,1.0,3938140000.0,299350000.0,123599000.0,0.0,161241000.0,0.0,194824000.0,246398200.0,378076200.0,37.2975330176925,0.0,0.04094344030430609,0.5386370469350259,0.03356629878333723,37.2975330176925,0.009029564055453482,6.428338116357944,22.78932667406585,0.8231107399365291,0.0,0.0,0.0,0.009733021172431655,0.0,0.0006863646289872884,233.1108798486282,1.0,-0.5147058823529412,-0.5261020255085816,1.1284627571708918,0.7684358490619302,0.48416324634089675,-0.5078295702840495,0.2035913901771911,-0.08686377350939957,0.665799138513468,0.36069729152910135,Banks—Regional,Financial Services,SFST
2022Q4,2022,Q4,2023-02-13,2022-12-31,5492000.0,25826000.0,16818000.0,0.68,25826000.0,1.0,3691981000.0,294512000.0,162944000.0,12522000.0,3397469000.0,0.0,192121000.0,364673250.0,506290250.0,36.947936268975035,13.012617792684875,0.057208853458346615,0.7171660237952953,0.025767120355298344,36.947936268975035,0.018647797033737167,14.120392240377914,16.600202567370722,1.2382288327810071,0.0,0.0,0.0,0.006995160592646604,13.012617792684875,0.0014875482836991848,28.82564619397676,1.0,-0.34615384615384615,1.4303195108711386,0.5103451008539925,0.8109980879155735,-0.0820359707115945,-0.3472007607274456,0.012035142616440005,-0.2716557085922505,0.08916056122319331,0.365490620491412,Banks—Regional,Financial Services,SFST
2022Q3,2022,Q3,2022-11-01,2022-09-30,8413000.0,28134000.0,16618000.0,1.04,28134000.0,1.0,3439669000.0,287785000.0,7949000.0,18425000.0,3151884000.0,-104634000.0,186629000.0,332119602.35999995,407244602.35999995,36.09881203881615,0.4314246947082768,0.02796402793408319,0.33423215247493787,0.032690598677964824,36.09881203881615,0.02923362927185225,11.80491939859245,9.869238154047306,1.1540545975641536,0.0,0.0,0.0,0.008179275389579637,6.541763907734057,0.002445874879239834,18.128799255458514,1.0,0.15555555555555556,0.8080614037336261,0.6211605757336204,0.7826970216750975,0.021457357586319573,0.16201657458563537,0.3917922948073702,0.07466257799055173,0.22893531612515405,0.37270563981271115,Banks—Regional,Financial Services,SFST
2022Q2,2022,Q2,2022-08-02,2022-06-30,7240000.0,27543000.0,11940000.0,0.9,27543000.0,1.0,3287663000.0,282637000.0,7433000.0,15078000.0,3005026000.0,0.0,178216000.0,346873135.29,375405135.29,35.51773134491911,0.4929698899058231,0.026207065626860173,0.3048433149233823,0.024452208412159705,35.51773134491911,0.025615896007953665,12.593876313037796,11.977663511395027,1.2272743317046246,0.0,0.0,0.0,0.008377683479115713,10.880222841225626,0.002202172181272837,102.44333588009451,1.0,-0.08163265306122446,0.7638331400563615,0.6160963777187425,0.7385981251045279,0.1268717780868996,-0.09159347553324969,0.029221618825963278,-0.05801110908510325,0.25770517341940957,0.4023455611233563,Banks—Regional,Financial Services,SFST
2022Q1,2022,Q1,2022-05-06,2022-03-31,7970000.0,24442000.0,11601000.0,0.98,24442000.0,1.0,3072640000.0,278524000.0,7627000.0,0.0,2794116000.0,0.0,170976000.0,403255508.20000005,385265508.20000005,35.11461064278154,0.0,0.011759594355342637,0.12973029254211485,0.028525742879439528,35.11461064278154,0.02861512831928308,16.498466091154572,12.649169015056462,1.447830377992561,0.0,0.0,0.0,0.007954722974380338,0.0,0.0025938606540304105,201.8295836836837,1.0,-0.3422818791946309,1.0784666515191075,0.45235892891734525,0.9903920203462591,-0.0034655685571003386,-0.33610995418575595,-0.3150903294367694,0.24733144328983064,0.22187709210392312,0.4456519266463598,Banks—Regional,Financial Services,SFST
2021Q4,2021,Q4,2022-03-04,2021-12-31,12005000.0,24527000.0,16938000.0,1.49,24527000.0,1.0,2925548000.0,277901000.0,142051000.0,0.0,2647647000.0,0.0,165771000.0,492233730.0,448012730.0,35.280055858829506,0.0,0.012341619416259792,0.12992396572880271,0.04135432524881329,35.280055858829506,0.04319883699590862,20.069055734496676,10.250598292378177,1.771255698971936,0.0,0.0,0.0,0.008383728450191212,0.0,0.0041035047109122804,26.78677242054854,1.0,-0.14857142857142858,1.9810724481349853,0.4931407088488642,1.0670040524991709,0.0029441831936209365,-0.14353998715845045,-0.139591587930509,0.9658421652850323,0.25732246340316234,0.513178789933721,Banks—Regional,Financial Services,SFST
2021Q3,2021,Q3,2021-11-02,2021-09-30,14017000.0,24455000.0,19686000.0,1.75,24455000.0,1.0,2784176000.0,265629000.0,194895000.0,0.0,2518547000.0,0.0,153766000.0,421259000.0,376245000.0,33.73495046990094,0.0,0.012958591698225974,0.13582477816804642,0.04978165049553668,33.73495046990094,0.0527690877125615,17.225884277243917,7.513358778625955,1.5858923536210279,0.0,0.0,0.0,0.008783568280166196,0.0,0.005034523679537501,40.31958269525268,1.0,0.3565891472868217,2.2782748786024807,0.4128976586588851,1.011590122163097,0.0731525364226786,0.35784171268042236,0.33392058544518227,1.2783660834817343,0.2744480078396777,0.49537870997848793,Banks—Regional,Financial Services,SFST
2021Q2,2021,Q2,2021-08-05,2021-06-30,10323000.0,22788000.0,14758000.0,1.29,22788000.0,1.0,2650183000.0,251659000.0,169702000.0,0.0,2398524000.0,0.0,139749000.0,401503680.0,359085680.0,32.06664118246687,0.0,0.013603588884239315,0.14325734426346762,0.039348548302203135,32.06664118246687,0.041019792655935215,17.619083728278042,9.723522231909328,1.5954274633531884,0.0,0.0,0.0,0.008598651489349981,0.0,0.003895202708643139,27.17269085002707,1.0,-0.015267175572519097,1.5073349369647624,0.33966613705652277,0.9733724493975019,-0.06260798025503908,-0.004148176731622612,-0.006529787950185123,0.7595621020579764,0.23120891522720446,0.46935072837431735,Banks—Regional,Financial Services,SFST
2021Q1,2021,Q1,2021-04-29,2021-03-31,10366000.0,24310000.0,14855000.0,1.31,24310000.0,1.0,2579922000.0,239521000.0,174074000.0,0.0,2340401000.0,0.0,129426000.0,365992160.0,320940160.0,30.680286921993083,0.0,0.013963600449936083,0.150404348679239,0.04197092869098442,30.680286921993083,0.043278042426342575,15.055210201563142,8.826745128304072,1.528017000597025,0.0,0.0,0.0,0.009422765494460686,0.0,0.0040179509302994436,45.97891457286432,1.0,0.19090909090909086,1.77078446335202,0.5181753206052491,0.9579098202122543,0.3440592690882955,0.2052086966631787,0.11306758579349618,0.8683790430027755,0.3878009202137641,0.45468385875874084,Banks—Regional,Financial Services,SFST
2020Q4,2020,Q4,2021-03-02,2020-12-31,8601000.0,18087000.0,13346000.0,1.1,18087000.0,1.0,2482587000.0,228294000.0,173672000.0,0.0,2254293000.0,0.0,119060000.0,273644350.0,255699350.0,29.491538560909444,0.0,0.024570337313455683,0.2671905525331371,0.03574064791450685,29.491538560909444,0.03767510315645615,15.12933875158954,7.95385274968027,1.1986488913418663,0.0,0.0,0.0,0.007285545279984145,0.0,0.003464531152382575,13.481345452753965,1.0,2.9285714285714284,1.4438078408659163,0.20472064793607894,0.9630295966382121,-0.35909429148506433,2.8795669824086603,1.334849545136459,2.919200972779804,0.08918418001129547,0.4455237649725712,Banks—Regional,Financial Services,SFST
2020Q3,2020,Q3,2020-11-02,2020-09-30,2217000.0,28221000.0,5716000.0,0.28,28221000.0,1.0,2479411000.0,218749000.0,167800000.0,0.0,2260662000.0,0.0,110459000.0,186727800.0,142889800.0,28.291386445938954,0.0,0.014507881105633556,0.16443960886678338,0.016933357435578163,28.291386445938954,0.010134903473844452,6.616625916870416,21.056359945872803,0.8536167022477816,0.0,0.0,0.0,0.01138213874182215,0.0,0.0008941639768477272,-29.20359712230216,1.0,-0.5333333333333333,-0.34405646998998923,0.9035070874656276,0.9384384859359095,-0.026224077844104757,-0.5260795211628901,-0.44794282402936064,-0.5087400292748243,0.6766806322477398,0.397136567873844,Banks—Regional,Financial Services,SFST
2020Q2,2020,Q2,2020-08-03,2020-06-30,4678000.0,28981000.0,10354000.0,0.6,28981000.0,1.0,2482295000.0,216154000.0,221660000.0,0.0,2266141000.0,0.0,108242000.0,213976620.0,99257620.0,27.99197099197099,0.0,0.014480148411047035,0.16628884961647714,0.03130710101845356,27.99197099197099,0.021641977479019588,7.383341499603188,11.435261864044463,0.9899267189133674,0.0,0.0,0.0,0.011675082937362401,0.0,0.0018845463573024157,51.986545189504376,1.0,0.6666666666666666,0.4751612231084887,1.015812046651914,0.9904275178954932,0.3164804215499228,0.6518361581920904,0.10031880977683316,0.17444625917100934,0.7523602012004845,0.3702110591470247,Banks—Regional,Financial Services,SFST
2020Q1,2020,Q1,2020-04-28,2020-03-31,2832000.0,22014000.0,9410000.0,0.36,22014000.0,1.0,2372249000.0,210475000.0,171342000.0,0.0,2161774000.0,0.0,103564000.0,217841825.26000002,217923825.26000002,27.410602820983726,0.0,0.04254064392060024,0.4794726214514788,0.023498247842244684,27.410602820983726,0.01345527972443283,9.895603945670938,19.230387116878532,1.03500095146692,0.0,0.0,0.0,0.009279801572263283,0.0,0.0011938038544857643,-46.577255775069496,1.0,-0.6086956521739131,0.1321404393887359,0.5919507013869978,0.9992022545491615,-0.02730646871686108,-0.6065027094622759,-0.3880072840790843,-0.23709436390383895,0.3512291833277335,0.5537078193114477,Banks—Regional,Financial Services,SFST
2019Q4,2019,Q4,2020-03-02,2019-12-31,7197000.0,22632000.0,15376000.0,0.92,22632000.0,1.0,2267195000.0,205860000.0,106254000.0,0.0,2061335000.0,0.0,100732000.0,323263920.0,430593920.0,27.058359621451103,0.0,0.06434823647723288,0.7086855144272807,0.03452227411483911,27.058359621451103,0.034960652870883124,14.283488865323436,11.229120466861193,1.5703095307490529,0.0,0.0,0.0,0.009982379107222801,0.0,0.003174407141864727,17.375109916689063,1.0,-0.03157894736842096,1.9712164106294185,0.7526643808991522,1.0296547540745822,0.0441522491349481,-0.029007015650296817,-0.057727662703762714,0.8503428681079359,0.4264927905855327,0.585307552100201,Banks—Regional,Financial Services,SFST
2019Q3,2019,Q3,2019-11-01,2019-09-30,7412000.0,21675000.0,16318000.0,0.95,21675000.0,1.0,2201626000.0,198494000.0,204735000.0,0.0,2003132000.0,0.0,93535000.0,300787800.0,246366800.0,26.297562268150504,0.0,0.027655469185047778,0.3067447882555644,0.04887314459794771,26.297562268150504,0.03734117907846081,13.877176470588235,10.145298165137616,1.5153495823551342,0.0,0.0,0.0,0.009844996379948274,0.0,0.0033666026836529,-45.649992411595086,1.0,0.02150537634408592,1.597204671264912,0.37981661768225294,0.7257914602117705,0.0507053177565563,0.023756906077348067,0.05209542230818827,0.808378029354726,0.3063683903195129,0.5681041696734959,Banks—Regional,Financial Services,SFST
2019Q2,2019,Q2,2019-08-02,2019-06-30,7240000.0,20629000.0,15510000.0,0.93,20629000.0,1.0,2116044000.0,189854000.0,151992000.0,0.0,1926190000.0,0.0,86123000.0,290844800.0,252507800.0,25.327374599786552,0.0,0.018148488405723133,0.2022764861419828,0.05489967603708621,25.327374599786552,0.03813456656167371,14.098831741722817,10.042983425414365,1.5319392796569995,0.0,0.0,0.0,0.009748852103264394,0.0,0.003421478948452868,-19.64769303519557,1.0,0.19230769230769232,1.9378858745950158,0.36721956066737177,0.6782766249373378,0.09658728471188603,0.20485937760026626,0.13559818421437986,0.8410874071333707,0.2696907666420309,0.5586398016053113,Banks—Regional,Financial Services,SFST
2019Q1,2019,Q1,2019-04-30,2019-03-31,6009000.0,18812000.0,13658000.0,0.78,18812000.0,1.0,2014426000.0,181186000.0,115399000.0,0.0,1833240000.0,0.0,78883000.0,253393847.73999998,249697847.73999998,24.289810012733028,0.0,0.019063991429816733,0.21195346218802777,0.04752643367728318,24.289810012733028,0.03316481405848134,13.469798412715287,10.542263593776003,1.3985288473723134,0.0,0.0,0.0,0.009338640386889367,0.0,0.002982983738295673,20.050154117740146,1.0,0.0,1.9709885725577407,0.3498618182810398,0.6048468069049142,0.01835110702105776,0.039080062251426594,0.08707418019738937,0.6810375062106947,0.22957662534525805,0.5500916818652254,Banks—Regional,Financial Services,SFST
2018Q4,2018,Q4,2019-02-28,2018-12-31,5783000.0,18473000.0,12564000.0,0.78,18473000.0,1.0,1900614000.0,173916000.0,111896000.0,0.0,1726698000.0,0.0,72874000.0,239221097.94,265633097.94,23.315193216774347,0.0,0.03335921970479014,0.3645610524621081,0.04091955541330746,23.315193216774347,0.03325168472135974,12.949769822984896,10.341565707245374,1.3754979296901955,0.0,0.0,0.0,0.009719490648811384,0.0,0.003042700937696976,33.4341157148847,1.0,0.040000000000000036,1.4837117319014255,0.3218534260296468,0.6368707192800735,0.02434290784074526,0.00017295053614666206,0.063844199830652,0.7051706413404576,0.27689090496815266,0.5519168062846276,Banks—Regional,Financial Services,SFST
2018Q3,2018,Q3,2018-11-01,2018-09-30,5782000.0,18034000.0,11810000.0,0.75,18034000.0,1.0,1857707000.0,166944000.0,103921000.0,0.0,1690763000.0,0.0,67091000.0,286460735.54,331328735.54,22.559469547607936,0.0,0.044088222739107945,0.49060163887291547,0.03685297424383087,22.559469547607936,0.03463436841096416,15.884481287567928,12.385884449152542,1.715909140430324,0.0,0.0,0.0,0.009707666494231867,0.0,0.0031124391521375546,53.916946271409756,1.0,0.056338028169014134,1.3520666556797052,0.2366223094612479,0.4876837596019905,0.03745038255767129,0.049364791288566245,0.08080900521643634,0.78742883966097,0.27093716246312965,0.5457052299980005,Banks—Regional,Financial Services,SFST
2018Q2,2018,Q2,2018-07-31,2018-06-30,5510000.0,17383000.0,10927000.0,0.71,17383000.0,1.0,1787784000.0,160856000.0,116566000.0,0.0,1626928000.0,0.0,61309000.0,325785337.8,321289337.8,21.823680734105768,0.0,0.023494448993838183,0.2611217486447506,0.04237523544393771,21.823680734105768,0.034254239816979164,18.741606040384283,14.781548901996372,2.025322883821555,0.0,0.0,0.0,0.009723210410206155,0.0,0.0030820278064911644,28.68081149749098,1.0,0.059701492537313314,1.454906771989172,0.25726672924929217,0.46577215869432576,0.05594702952253675,0.05677023398542386,0.10451834630546851,0.820335342209786,0.2667238031223561,0.551818365608817,Banks—Regional,Financial Services,SFST
2018Q1,2018,Q1,2018-05-01,2018-03-31,5214000.0,16462000.0,9893000.0,0.67,16462000.0,1.0,1729299000.0,154739000.0,91404000.0,0.0,1574560000.0,0.0,55799000.0,326489335.5,335594335.5,21.0906904185849,0.0,0.02428903272366433,0.2714441737377132,0.03880145711873442,21.0906904185849,0.033695448464834334,19.832908243226825,15.654456055811277,2.1099356690944107,0.0,0.0,0.0,0.009519464245338718,0.0,0.0030150945556552105,55.02938403842913,1.0,1.3928571428571428,2.1519964594437533,0.23242062538961078,0.3953292535908945,0.04593684478048161,1.5067307692307692,0.04998938654213543,1.181478934976037,0.24590862489470214,0.5382571521759806,Banks—Regional,Financial Services,SFST
2017Q4,2017,Q4,2018-02-28,2017-12-31,2080000.0,15739000.0,9422000.0,0.28,15739000.0,1.0,1624625000.0,149686000.0,110620000.0,0.0,1474939000.0,0.0,50585000.0,302644608.75,340230608.75,20.401974201696397,0.0,0.049613295375855966,0.5384805526234918,0.012766384828626553,20.401974201696397,0.01389575511403872,19.22896046445136,36.375553936298076,2.0218631585452216,0.0,0.0,0.0,0.009687774101715781,0.0,0.0012802954527967993,168.2293545025014,1.0,-0.4909090909090909,0.06652614656732944,0.1908775534113877,0.3561005333195572,-0.00706580026496751,-0.5105882352941177,0.02513328255902513,-0.10955390781385005,0.26390512979891534,0.5303575128091732,Banks—Regional,Financial Services,SFST
2017Q3,2017,Q3,2017-10-30,2017-09-30,4250000.0,15851000.0,9191000.0,0.55,15851000.0,1.0,1557684000.0,147449000.0,119036000.0,0.0,1410235000.0,0.0,48505000.0,264685941.9,276692941.9,20.24954975517723,0.0,0.033770007267199253,0.3567538606569051,0.029833152471266562,20.24954975517723,0.028823525422349422,16.698374985805312,15.569761288235295,1.7951016412454477,0.0,0.0,0.0,0.010176004889310027,0.0,0.0027284096132463324,31.717907956860397,1.0,0.12244897959183684,1.0136954244347485,0.15182856694723487,0.35338901031639985,0.05927559476075916,0.1792452830188679,0.11663224395577694,0.5437078972135714,0.04598236388688783,0.32888743391027575,Banks—Regional,Financial Services,SFST
2017Q2,2017,Q2,2017-07-31,2017-06-30,3604000.0,14964000.0,8231000.0,0.49,14964000.0,1.0,1539226000.0,142736000.0,116094000.0,0.0,1396490000.0,0.0,44256000.0,258866423.39999998,310754423.4,20.428948376315383,0.0,0.056263992422165426,0.6067355117139334,0.022885337225055667,20.428948376315383,0.025249411500952806,17.29927983159583,17.956882866259708,1.8136028990584012,0.0,0.0,0.0,0.009721769252858255,0.0,0.002341436540183183,-75.22999808195291,1.0,0.06521739130434775,1.6746590950331857,0.27136417305569155,0.36664914020151923,0.09562161370625274,0.15809768637532134,0.1511888111888112,0.5690009410730706,0.06402015273301324,0.35369050577830635,Banks—Regional,Financial Services,SFST
2017Q1,2017,Q1,2017-04-26,2017-03-31,3112000.0,13658000.0,7150000.0,0.46,13658000.0,1.0,1467938000.0,113566000.0,97602000.0,0.0,1354372000.0,0.0,40652000.0,210175592.14999998,306512592.15,17.642057586561677,0.0,0.08931099269860171,1.1544212176179491,0.01895424279950926,17.642057586561677,0.027402567669901203,15.388460400497875,16.884286001767354,1.8506911588855817,0.0,0.0,0.0,0.009304207670896182,0.0,0.0021199805441374227,41.138303415541195,1.0,-0.09803921568627448,1.9671134977713385,0.2861352677825683,0.1823591856049369,0.017431466030989273,-0.05439076268611364,-0.019338910986147304,0.7829525729929531,0.13564574185037265,0.16562458784915127,Banks—Regional,Financial Services,SFST
2016Q4,2016,Q4,2017-03-03,2016-12-31,3291000.0,13424000.0,7291000.0,0.51,13424000.0,1.0,1340908000.0,109872000.0,86993000.0,0.0,1231036000.0,0.0,37540000.0,231740316.0,337830316.0,17.06820836474565,0.0,0.09590740006025768,1.1704801951361585,0.019563907409020354,17.06820836474565,0.02995303626037571,17.263134386174016,17.604095715587967,2.109184469200524,0.0,0.0,0.0,0.010011126788713319,0.0,0.002454307081470168,43.8321006241725,1.0,0.0,3.917522675514174,0.26084215890124574,0.1524420773173643,-0.034036122904223934,-0.041363239149431984,-0.0017798466593647317,0.6378619889092505,0.1130873306339762,0.1982937581972422,Banks—Regional,Financial Services,SFST
2016Q3,2016,Q3,2016-10-31,2016-09-30,3433000.0,13897000.0,7304000.0,0.51,13897000.0,1.0,1289746000.0,106023000.0,89200000.0,0.0,1183723000.0,0.0,34249000.0,174362773.34,281639773.34000003,16.770290377855492,0.0,0.09971188125413841,1.2129726568763382,0.020271366691395485,16.770290377855492,0.03237976665440517,12.546792353745413,12.697551219050393,1.6445749822208386,0.0,0.0,0.0,0.010774989804194003,0.0,0.0026617644094263523,24.21705185277778,1.0,0.04081632653061228,3.7253490331893158,0.37958345920066106,0.13930822313220828,0.01742440881470093,0.038415003024803385,0.011494252873563218,0.6346612449635163,0.11544585631129853,0.10591645722408252,Banks—Regional,Financial Services,SFST
2016Q2,2016,Q2,2016-08-01,2016-06-30,3306000.0,13659000.0,7221000.0,0.49,13659000.0,1.0,1290710000.0,102403000.0,114415000.0,0.0,1188307000.0,0.0,30816000.0,151874657.3,250582657.3,16.24966497949095,0.0,0.09963740886798739,1.2558518793394724,0.019755690516242628,16.24966497949095,0.032284210423522745,11.119017299948753,11.48477444797338,1.48310749978028,0.0,0.0,0.0,0.010582547590086077,0.0,0.0025613809453711523,34.213709686866416,1.0,0.08888888888888884,2.5110875870873293,0.41349553606003137,0.12416254851475624,0.06163531789211876,0.0998003992015968,0.07041209605692263,0.722769804861669,0.15548043131955752,0.09139731309508643,Banks—Regional,Financial Services,SFST
2016Q1,2016,Q1,2016-05-02,2016-03-31,3006000.0,12866000.0,6746000.0,0.45,12866000.0,1.0,1239317000.0,98295000.0,112664000.0,0.0,1141022000.0,0.0,27510000.0,153120195.27,246124195.27,15.669918300255052,0.0,0.10376925354852713,1.308337148379877,0.01891885097981898,15.669918300255052,0.030581413093239737,11.901149951033734,12.734547178143712,1.5577617912406532,0.0,0.0,0.0,0.010381524662374518,0.0,0.002425529545709451,-29.082658170940174,1.0,0.0,2.7432713981030523,0.4348897993923598,0.09924859478481945,0.05753739930955121,0.05399719495091164,0.07936,1.1254356686117521,0.12658561550339234,0.036698892818522254,Banks—Regional,Financial Services,SFST
2015Q4,2015,Q4,2016-03-02,2015-12-31,2852000.0,12166000.0,6250000.0,0.45,12166000.0,1.0,1217293000.0,94240000.0,119223000.0,0.0,1123053000.0,0.0,24504000.0,142393626.9,241712626.9,15.023481363406441,0.0,0.1056467095432242,1.3646328522920204,0.018892076189698796,15.023481363406441,0.030263157894736843,11.704227100115075,12.481909791374473,1.51096802737691,0.0,0.0,0.0,0.009994307040293504,0.0,0.0023429034751699055,21.75941731356968,1.0,0.09756097560975618,3.334444735308458,0.49797523888856243,0.06422347623963887,0.017054004347099146,0.04583791712504584,0.017252604166666668,0.7104169326343988,0.07666868143116763,-0.001402957977572296,Banks—Regional,Financial Services,SFST
2015Q3,2015,Q3,2015-10-30,2015-09-30,2727000.0,11962000.0,6144000.0,0.41,11962000.0,1.0,1173557000.0,91050000.0,81866000.0,0.0,1082507000.0,0.0,21652000.0,127826147.85,240909147.85,14.594936414646872,0.0,0.10958394010687167,1.4124437122460187,0.018092500927653434,14.594936414646872,0.029950576606260295,10.686018044641363,11.718568743124312,1.4039115634266885,0.0,0.0,0.0,0.010192943333813355,0.0,0.0023237047710507456,21.9406364315139,1.0,0.05128205128205118,4.426562954083605,0.39074707420097754,0.015855021479277573,0.030673789419265896,0.065234375,0.06205704407951599,0.5081297550753144,0.01457392125679235,-0.024539963176241308,Banks—Regional,Financial Services,SFST
2015Q2,2015,Q2,2015-08-04,2015-06-30,2560000.0,11606000.0,5785000.0,0.39,11606000.0,1.0,1119000000.0,87667000.0,68769000.0,0.0,1031333000.0,0.0,18925000.0,111584035.49999999,222883035.5,14.063295819768053,0.0,0.11492672028596962,1.4669487948715023,0.01729226420584445,14.063295819768053,0.029201409880570798,9.61434047044632,10.896878466796874,1.2728168581108055,0.0,0.0,0.0,0.010371760500446827,0.0,0.002287756925826631,28.149353052472247,1.0,0.2580645161290323,17.277232242637933,0.20163303163792803,-0.018094015544410088,0.03523325305503523,0.26232741617357,0.19130971993410215,1.129423767051138,0.10520620302636087,-0.0591982129257246,Banks—Regional,Financial Services,SFST
2015Q1,2015,Q1,2015-05-01,2015-03-31,2028000.0,11211000.0,4856000.0,0.31,11211000.0,1.0,1072637000.0,85353000.0,67613000.0,0.0,987284000.0,0.0,16365000.0,105829284.0,215345284.0,13.710770262794181,0.0,0.11989424194764864,1.5067191545698453,0.014728961842621846,13.710770262794181,0.023760149028153668,9.439772009633396,13.04601627218935,1.2399011634037467,0.0,0.0,0.0,0.01045181174992099,0.0,0.001890667579059831,-120.53449202733485,1.0,-0.03125000000000003,74.36305796670291,0.4014334148647322,-0.05107755820848387,0.06104486087450312,0.02320887991927346,0.04745470232959448,0.999422979368994,0.09165661098720602,-0.081113125133317,Banks—Regional,Financial Services,SFST
2014Q4,2014,Q4,2015-03-03,2014-12-31,1982000.0,10566000.0,4636000.0,0.32,10566000.0,1.0,1029865000.0,82992000.0,70538000.0,0.0,946873000.0,0.0,14337000.0,105953789.03999999,239042789.04,13.331508507607403,0.0,0.14429366955863146,1.7905701754385965,0.013634050851153316,13.331508507607403,0.023881819934451515,10.027805133446904,13.364504167507567,1.2766747281665702,0.16296670030272453,0.0,0.003048498811855233,0.010259597131662888,0.0,0.0019245240881086356,66.67953998741346,1.0,-0.11111111111111106,7.722141518802858,0.32625780530365256,-0.07231516970080039,0.0512386827181375,0.08543263964950712,0.04839439167797377,2.06241678621759,0.026198894289285825,-0.09985916330766913,Banks—Regional,Financial Services,SFST
2014Q3,2014,Q3,2014-10-31,2014-09-30,1826000.0,10051000.0,4422000.0,0.36,10051000.0,1.0,1007553000.0,73592000.0,71843000.0,0.0,933961000.0,0.0,12678000.0,67299277.59,205328277.59,15.23797218519296,0.0,0.15185603139487452,2.079071094684205,0.013396382901028913,15.23797218519296,0.02481247961734971,6.695779284648294,9.214030338170867,0.914491759838026,0.13855421686746988,0.0,0.003759327128908041,0.00997565388619755,0.0,0.001812311610406599,-31.11385926490985,1.0,0.16129032258064513,2.6187708320602066,0.5403421217316079,0.02666672458081094,0.0482895285773884,0.16602809706257982,0.09374227059114519,2.2901594037601942,0.306147642963391,0.03520849211856152,Banks—Regional,Financial Services,SFST
2014Q2,2014,Q2,2014-08-04,2014-06-30,1566000.0,9588000.0,4043000.0,0.31,9588000.0,1.0,967089000.0,71886000.0,91938000.0,0.0,895203000.0,0.0,11104000.0,64115458.220000006,171398458.22,15.091299147857825,0.0,0.1452844567563068,1.9545252204879948,0.012832588531970796,15.091299147857825,0.021784492112511475,6.687052380058407,10.23554569284802,0.8919046576523941,0.1615581098339719,0.0,0.003946006267815768,0.009914289170903609,0.0,0.0016192925366744944,36.74238293409743,1.0,0.19230769230769226,2.7531114096619045,0.500088473187194,0.031134119299207248,0.11320097526994079,0.2528,0.14080135440180586,1.2002962054541548,0.31266570670559574,0.04402603572851514,Banks—Regional,Financial Services,SFST
2014Q1,2014,Q1,2014-05-05,2014-03-31,1250000.0,8613000.0,3544000.0,0.26,8613000.0,1.0,936884000.0,69775000.0,103550000.0,0.0,867109000.0,0.0,9791000.0,63941934.43,166641934.43,15.135282637710466,0.0,0.1467663019114426,1.9706628448584738,0.011590164499544859,15.135282637710466,0.01791472590469366,7.423886500638569,12.788386886,0.9164017833034753,0.1448,0.0,0.0028306932158605326,0.009193240571938469,0.0,0.0013342099982495165,47.78918866218236,1.0,-0.16129032258064513,1.2564072392134902,0.5531602237547325,0.05806050349715996,-0.0027787426189649182,-0.13134120917303682,-0.05594033031433138,1.1180086905281021,0.3070278256524959,0.06174377251880792,Banks—Regional,Financial Services,SFST
2013Q4,2013,Q4,2014-03-04,2013-12-31,1439000.0,8637000.0,3754000.0,0.31,8637000.0,1.0,890831000.0,65665000.0,98201000.0,0.0,825166000.0,0.0,8722000.0,61221981.919999994,167963981.92,14.24375971917245,0.0,0.15435363160913798,2.094007462118328,0.01303375608788168,14.24375971917245,0.021914261783293993,7.088338765775153,10.63620255733148,0.9323381088860122,0.13273106323835998,0.0,0.003119794459604127,0.009695441671877157,0.0,0.0016153456716257069,27.331241928571426,1.0,-0.03125000000000003,2.4189716721948966,0.6203061035112809,0.4509087603430056,0.02601568068424804,0.014094432699083862,-0.029974160206718347,1.9757752537177407,0.44702197742868477,0.008990068039914144,Banks—Regional,Financial Services,SFST
2013Q3,2013,Q3,2013-11-05,2013-09-30,1419000.0,8418000.0,3870000.0,0.32,8418000.0,1.0,849890000.0,64776000.0,93985000.0,0.0,785114000.0,0.0,7476000.0,56385806.4,200073806.4,15.164156630736773,0.0,0.19708785842873783,2.5858805730517473,0.011083898940607271,15.164156630736773,0.021906261578362358,6.698242622950819,9.93407441860465,0.8704737310114857,0.1346018322762509,0.0,0.003387377288622053,0.009904811210862582,0.0,0.001669627834190307,16.128663157894735,1.0,0.10344827586206906,11.534993988943187,1.3052259574114586,0.6094708773695586,0.0511988011988012,0.09153846153846154,0.0350361059106713,3.123860648652346,0.4293387129324468,0.05547459901043712,Banks—Regional,Financial Services,SFST
2013Q2,2013,Q2,2013-08-06,2013-06-30,1300000.0,8008000.0,3739000.0,0.29,8008000.0,1.0,839007000.0,63562000.0,96426000.0,0.0,775445000.0,0.0,6248000.0,46874685.06,157434685.06,14.888862914101038,0.0,0.16388778639510754,2.163289386740505,0.012352973609194809,14.888862914101038,0.020452471602529814,5.853482150349651,9.014362511538462,0.7374639731285989,0.15,0.0,0.0041600279500629885,0.009544616433474333,0.0,0.0015494507197198594,-98.06419468619248,1.0,0.31818181818181807,0.4047953599115995,0.4472935540360496,0.5313263281823746,0.031958762886597936,0.35275754422476585,0.1434250764525994,12.552731284410992,0.2106716326635823,0.039547470554155154,Banks—Regional,Financial Services,SFST
2013Q1,2013,Q1,2013-05-06,2013-03-31,961000.0,7760000.0,3270000.0,0.22,7760000.0,1.0,821705000.0,64426000.0,97295000.0,0.0,757279000.0,0.0,5142000.0,45828572.160000004,161142572.16,15.115206940804677,0.0,0.1673386434304282,2.1342780864868223,0.011076335999075393,15.115206940804677,0.01491633812435973,5.905743835051547,11.922105140478669,0.7113366057181884,0.20915712799167535,0.0,0.004385910154439339,0.009443778484979402,0.0,0.0011695194747506708,17.742381788617887,1.0,-0.18518518518518523,0.1916984395775961,0.5271984247859322,0.5132917714422477,0.01067986454805939,-0.15180935569285084,-0.11883589329021826,51.15834647820428,0.4167711435725249,0.04612350754460008,Banks—Regional,Financial Services,SFST
2012Q4,2012,Q4,2013-03-05,2012-12-31,1133000.0,7678000.0,3711000.0,0.27,7678000.0,1.0,797998000.0,64125000.0,107734000.0,0.0,733873000.0,0.0,4369000.0,36035868.985,144026868.985,15.044588288565174,0.0,0.17230995566404927,2.144296296296296,0.0124570316619136,15.044588288565174,0.01766861598440546,4.693392678431883,7.951427401809355,0.5619628691617934,0.17828773168578993,0.0,0.005605525985347625,0.009621577998942353,0.0,0.0014198030571505192,13.833347019193857,1.0,-0.03571428571428574,0.362895271784667,0.5270453405787014,0.5510619164806398,-0.03952964723542657,-0.07585644371941272,-0.054763117677024964,6.282143861085616,0.4075872357802965,0.0468910045277163,Banks—Regional,Financial Services,SFST
2012Q3,2012,Q3,2012-11-07,2012-09-30,1226000.0,7994000.0,3926000.0,0.28,7994000.0,1.0,780415000.0,63287000.0,24827000.0,0.0,717128000.0,0.0,7140000.0,33684586.5884,146360586.5884,14.962105943540374,0.0,0.17619215417438158,2.1726894938929004,0.012999832872734044,14.962105943540374,0.01937206693317743,4.213733623767825,6.86879824396411,0.5322512773302573,0.17210440456769985,0.0,0.006263992566637654,0.010243268004843577,0.0,0.0015709590410230454,24.55144795072886,1.0,0.5555555555555558,0.18832018482428547,0.5870008789754114,0.5819622783265627,0.12291052114060963,0.5042944785276073,0.17369207772795217,1.774165866332824,0.3987938308854073,0.008080085407450813,Banks—Regional,Financial Services,SFST
2012Q2,2012,Q2,2012-08-03,2012-06-30,815000.0,7119000.0,3345000.0,0.18,7119000.0,1.0,759632000.0,63171000.0,25328000.0,0.0,696461000.0,0.0,6306000.0,32655515.708899997,20730515.708899997,14.94820270644083,0.0,0.01764406976009436,0.21217014136233397,0.02994267126355651,14.94820270644083,0.012901489607573095,4.587093090167158,10.017029358558283,0.5169384006727771,0.2650306748466258,0.0,0.0066145027971838445,0.00937164311140131,0.0,0.0010728879246793184,6.789088504968815,1.0,0.12499999999999993,0.0047681900892172675,0.5336242294962271,0.6392638740206471,0.021963824289405683,0.18459302325581395,-0.020497803806734993,1.2016395826469028,0.2554423037715671,0.0213568548205352,Banks—Regional,Financial Services,SFST
2012Q1,2012,Q1,2012-05-10,2012-03-31,688000.0,6966000.0,3415000.0,0.16,6966000.0,1.0,770006000.0,63006000.0,26793000.0,0.0,707000000.0,0.0,5717000.0,26295527.7533,12905527.7533,14.921064428941172,0.0,0.017406357872536058,0.21272577214868424,0.031154262701565665,14.921064428941172,0.010919594959210233,3.7748388965403388,9.555060956867731,0.4173495818382376,0.313953488372093,0.0,0.008214324581216771,0.009046682753121404,0.0,0.0008934995311724843,36.62329770654596,1.0,0.6,-0.3358991571464506,0.47174610248109455,0.6351464243578686,-0.002577319587628866,0.5671981776765376,0.049477566072526125,0.3558858115462818,0.3714263489247738,0.04308517523576546,Banks—Regional,Financial Services,SFST
2011Q4,2011,Q4,2012-03-09,2011-12-31,439000.0,6984000.0,3254000.0,0.1,6984000.0,1.0,767745000.0,62539000.0,23005000.0,0.0,705206000.0,0.0,5334000.0,24951889.7511,15349889.7511,14.810469611172776,0.0,0.017457619391855368,0.2143142678968324,0.03323407588439495,14.810469611172776,0.007019619757271463,3.5727219002147765,14.209504414066059,0.3989812717040567,0.4920273348519362,0.0,0.008656658960689649,0.009096770412050877,0.0,0.0005718044402763939,9.984749800360143,1.0,-0.09090909090909087,-0.6203193186312607,0.6516549094615948,0.6723191205786214,0.042855009705838436,-0.09109730848861283,-0.0838963963963964,0.13874487471682204,0.43042662623131045,0.5086353973466858,Banks—Regional,Financial Services,SFST
2011Q3,2011,Q3,2011-11-04,2011-09-30,483000.0,6697000.0,3552000.0,0.11,6697000.0,1.0,758106000.0,61868000.0,21785000.0,0.0,696238000.0,0.0,7634000.0,23968012.377499998,15586012.377499998,14.719713276316293,0.0,0.017679585704373793,0.2166386500290942,0.03376670076567779,14.719713276316293,0.007806943815866037,3.5789177807227115,12.405803508022773,0.38740564391123034,0.4492753623188406,0.0,0.009053733642248492,0.008833857006803798,0.0,0.0006371140711193421,10.282287592235091,1.0,-0.26666666666666666,-0.5599372851674894,0.6345642182932478,0.7243032626584699,0.039100077579519006,-0.23089171974522293,-0.112,4.644417855420477,0.8638631283283984,0.5622992045229267,Banks—Regional,Financial Services,SFST
2011Q2,2011,Q2,2011-08-05,2011-06-30,628000.0,6445000.0,4000000.0,0.15,6445000.0,1.0,758102000.0,60755000.0,19706000.0,0.0,697347000.0,0.0,8035000.0,29525733.1608,23222733.1608,14.454906900216532,0.0,0.01767967898778792,0.22060735741914245,0.037020351024256735,14.454906900216532,0.010336597810879764,4.581184353886734,11.753874665923567,0.4859803005645626,0.34394904458598724,0.0,0.007315652377661313,0.008501494521845345,0.0,0.0008283845709416411,10.411048364174894,1.0,0.15384615384615377,-0.39890614792266327,0.618532135249885,0.7639853363495831,0.07488325550366912,0.16945996275605213,0.00781053162005543,-0.31071527894490847,0.18310906359492476,0.48669375461592346,Banks—Regional,Financial Services,SFST
2011Q1,2011,Q1,2011-05-11,2011-03-31,537000.0,5996000.0,3969000.0,0.13,5996000.0,1.0,760139000.0,59796000.0,17492000.0,0.0,700343000.0,0.0,7623000.0,27698888.9232,32679888.9232,14.255117881976894,0.0,0.017632301460653907,0.2241454277878119,0.03806175429911852,14.255117881976894,0.0089805338149709,4.619561194663109,12.895199684916202,0.4632231072847682,0.4022346368715084,0.0,0.007798146727072615,0.00788803100485569,0.0,0.0007064497414288703,23.981722011428573,1.0,0.3,-0.4075548082088574,0.584258551557457,0.7738911807022302,0.10403240655496225,0.22045454545454546,-0.021449704142011833,-0.32335166213415456,0.19906056765604438,0.4271820872990611,Banks—Regional,Financial Services,SFST
2010Q4,2010,Q4,2011-03-07,2010-12-31,440000.0,5431000.0,4056000.0,0.1,5431000.0,1.0,736490000.0,59216000.0,4119000.0,0.0,677274000.0,0.0,7299000.0,23510476.9792,32794476.9792,14.116848292513607,0.0,0.018198481988893265,0.226340853823291,0.039573891476346046,14.116848292513607,0.007430424209673062,4.328940706904806,13.358225556363637,0.3970291302891111,0.4909090909090909,0.0,0.009187393356208714,0.007374166655351736,0.0,0.000597428342543687,6.643254303249506,1.0,0.25000000000000006,2.891315577870858,0.4126452319479806,0.8049448149520109,-0.05842579750346741,0.3056379821958457,-0.03612167300380228,-0.46218736363656443,0.09756279719706935,0.45541408958961077,Banks—Regional,Financial Services,SFST
2010Q3,2010,Q3,2010-11-02,2010-09-30,337000.0,5768000.0,4208000.0,0.08,5768000.0,1.0,743888000.0,60106000.0,13699000.0,0.0,683782000.0,0.0,9612000.0,20807837.0301,152529837.0301,14.367145021731424,0.0,0.18296168240380273,2.2643829235018136,0.01616885195343052,14.367145021731424,0.005606761388214155,3.607461343637309,15.4360808828635,0.346185689117559,0.6409495548961425,0.0,0.010380704139865225,0.0077538554190953474,0.0,0.00045302518658722816,7.5747495559155436,1.0,3.0,-0.66173279962251,0.623633160605846,0.8366459933223233,-0.1101511879049676,2.5851063829787235,0.022351797862001945,-0.6697465698907119,0.15774444878492597,0.5190563118181175,Banks—Regional,Financial Services,SFST
2010Q2,2010,Q2,2010-08-16,2010-06-30,94000.0,6482000.0,4116000.0,0.02,6482000.0,1.0,741391000.0,59919000.0,14304000.0,4000000.0,681472000.0,0.0,9491000.0,22772442.9109,157774442.9109,14.322446387334463,3.576,0.18897315991157163,2.33820657888149,0.02724376374936785,14.322446387334463,0.0015687845257764648,3.5131815660135763,60.565007741755316,0.38005378779519017,2.3085106382978724,0.0,0.00952906110464474,0.008743024935560319,3.576,0.0001267886985409858,8.782276479328964,1.0,1.2663115845539281,-0.8935229456391658,0.9220296338978741,0.8868931207335777,0.21136236217529433,4.222222222222222,0.02413535705399353,-0.8829375675731889,0.4105562737738358,0.5706415956105999,Banks—Regional,Financial Services,SFST
2010Q1,2010,Q1,2010-04-30,2010-03-31,18000.0,5351000.0,4019000.0,-0.0751,5351000.0,1.0,742768000.0,60166000.0,15180000.0,4250000.0,682602000.0,0.0,9613000.0,25340980.018400002,180069980.0184,14.448778592388395,3.571764705882353,0.21588571397798506,2.6651763454442707,-0.005755322193266079,14.448778592388395,0.0002991722899976731,4.7357465928611475,351.95805581111114,0.4211843901605558,12.0,0.0,0.00852374295876336,0.007204133726816449,3.571764705882353,2.4233677272041875e-05,15.988000011608834,1.0,-3.057534246575343,-0.9746137281942233,0.7215094418283396,0.9545404862328979,0.004128354287858885,-0.881578947368421,-0.035979851283281364,-0.9823810428923099,0.146427183358701,0.5833902979372726,Banks—Regional,Financial Services,SFST
2009Q4,2009,Q4,2010-03-02,2009-12-31,152000.0,5329000.0,4169000.0,0.0365,5329000.0,1.0,719297000.0,59841000.0,5620000.0,4250000.0,659456000.0,0.0,9811000.0,20648051.7154,175381051.7154,14.37073030859811,1.3223529411764705,0.22293016653760547,2.6796510753496765,0.0799406180206747,14.37073030859811,0.002540064504269648,3.874657856145618,33.960611374013155,0.3450485739777076,1.4210526315789473,0.0,0.010461035403107794,0.007408622585663502,1.3223529411764705,0.00021131743911068725,-14.075018210906611,1.0,-0.635,-0.7989465818666208,0.7861764597453134,0.9842267963706955,-0.028086813788072224,-0.6415094339622641,-0.11260110685398042,-0.8666909394304635,0.2779766008230188,0.6226661073338045,Banks—Regional,Financial Services,SFST
2009Q3,2009,Q3,2009-11-04,2009-09-30,424000.0,5483000.0,4698000.0,0.1,5483000.0,1.0,732669000.0,60232000.0,28879000.0,4750000.0,672437000.0,0.0,9875000.0,24635490.378399998,163584490.3784,14.842179862617677,6.079789473684211,0.22906387468283768,2.78635941028025,0.01638711645449282,14.842179862617677,0.007039447469783504,4.493067732701076,14.525642911792453,0.40901000096958423,0.5117924528301887,0.0,0.008808430303878265,0.007483597640953828,6.079789473684211,0.0005787060732745619,-28.914894810328637,1.0,0.11111111111111122,-0.46017031073223186,0.48960817012598107,0.5251638825172462,0.008275101140125045,0.19436619718309858,0.007938210684402489,-0.5998982674937354,0.38604415920012514,0.7386492985059132,Banks—Regional,Financial Services,SFST
2009Q2,2009,Q2,2009-08-12,2009-06-30,355000.0,5438000.0,4661000.0,0.09,5438000.0,1.0,743072000.0,59314000.0,2905000.0,7226000.0,683758000.0,0.0,9668000.0,21283222.339199997,180383222.3392,14.635631646166814,0.40202048159424303,0.22619342405581155,2.8336986208989448,0.01458249139709196,14.635631646166814,0.00598509626732306,3.9137959432144167,14.988184745915493,0.358822914306909,0.0,0.0,0.0,0.007318267947116834,1.6444782729034044,0.00047774643641531375,36.19595635918367,1.0,-0.25,-0.4652846342471816,0.5686221211235964,2.096497723436551,0.11548717948717949,-0.27104722792607805,-0.09142300194931774,-0.6476031810719072,0.41631088240378894,0.7860398403303058,Banks—Regional,Financial Services,SFST
2009Q1,2009,Q1,2009-05-07,2009-03-31,487000.0,4875000.0,5130000.0,0.12,4875000.0,1.0,705004000.0,57973000.0,2603000.0,7116000.0,647031000.0,0.0,9541000.0,17081775.8088,176292775.8088,14.304742108494263,0.36579539066891514,0.2384071579735718,2.899246200817622,0.01587927442067925,14.304742108494263,0.008400462284166767,3.5039540120615387,8.76887875195072,0.2946505409207735,0.0,0.0,0.0,0.006914854383804915,1.6118605958403598,0.000690776222546255,-20.311267311296078,1.0,0.3143483023001094,-0.21771379999628465,0.4499038830724678,2.125143477843275,0.04033290653008963,0.3162162162162162,-0.07216494845360824,-0.44389290945875004,0.33319793942940024,0.7800663648358969,Banks—Regional,Financial Services,SFST
2008Q4,2008,Q4,2009-03-09,2008-12-31,370000.0,4686000.0,5529000.0,0.0913,4686000.0,1.0,692979000.0,39786000.0,2900000.0,2247000.0,653193000.0,0.0,9012000.0,28012750.615199998,201730750.61519998,9.817129862669738,1.2906097018246552,0.25697459807584355,4.475896043834514,0.025655575173081358,9.817129862669738,0.009299753682199768,5.977966413828424,18.92753419945946,0.7040856234655406,0.0,0.0,0.0,0.006762109674319135,3.230974632843792,0.0005339267135079129,-14.582379289536698,1.0,3.8984126984126988,-0.3259035282323915,0.5780729190354389,1.2163091864885796,0.37177985948477754,3.9365079365079363,0.1187778227438284,2.386889893007091,0.261569460553685,0.25519360102021943,Banks—Regional,Financial Services,SFST
2008Q3,2008,Q3,2008-11-14,2008-09-30,-126000.0,3416000.0,4942000.0,-0.0315,3416000.0,1.0,696566000.0,37649000.0,2931000.0,2064000.0,658917000.0,0.0,8642000.0,34225174.71,200139174.71,9.421827287437681,1.4200581395348837,0.2513803429969307,4.6509336237350265,0.010681913872236149,9.421827287437681,-0.0033467024356556613,10.01907924765808,-67.90709267857143,0.9090593298626788,0.0,0.0,0.0,0.004904057906932007,5.872093023255814,-0.0001808873818130658,41.94261606617647,1.0,-1.1575,-1.2977264581175554,0.286642156991823,1.1977433210139679,-0.3372138145129996,-1.1461716937354989,-0.27248638304136613,-1.1324126808074682,0.006722019849517075,0.2044537248752522,Banks—Regional,Financial Services,SFST
2008Q2,2008,Q2,2008-08-08,2008-06-30,862000.0,5154000.0,6793000.0,0.2,5154000.0,1.0,697864000.0,38664000.0,3088000.0,2042000.0,659200000.0,0.0,8768000.0,34328483.486,195878483.486,9.722854391051674,1.5122428991185113,0.2451810094803572,4.425382785019656,0.0220146841909122,9.722854391051674,0.022294641009724808,6.660551704695383,9.956056695475638,0.8878668395923857,0.0,0.0,0.0,0.007385393142503411,6.1904995102840354,0.00123519768894799,34.46811381506483,1.0,0.11111111111111122,1.385923385148981,1.1670058706785522,1.3164604583115411,0.09554378954846124,0.15452098094102834,-0.038788893816241565,0.02723496025699904,0.6077918321475274,0.2809255184640296,Banks—Regional,Financial Services,SFST
2008Q1,2008,Q1,2008-05-12,2008-03-31,746630.0,4704513.0,7067126.0,0.18,4704513.0,1.0,684016539.0,39417304.0,3228510.0,2483584.0,644599235.0,0.0,7906106.0,44770540.135199994,207667293.1352,9.988296524205031,1.2999399255269803,0.2501372265795462,4.340682457633328,0.022404709265015362,9.988296524205031,0.018941681044446875,9.516508963882126,14.990872364892919,1.1358092916552587,0.0,0.0,0.0,0.006877776679022669,4.60212217505025,0.0010915379342896268,261.7379619832681,1.0,-0.10000000000000009,1.8624842903377097,1.0257802335807582,1.427706708547006,0.010578555429795971,-0.029960113812054205,-0.03010531273776887,0.11110824404948302,0.59703209549336,0.35115434292435754,Banks—Regional,Financial Services,SFST
2007Q4,2007,Q4,2008-03-24,2007-12-31,769690.0,4655267.0,7286488.0,0.2,4655267.0,1.0,628128861.0,38277773.0,3324361.0,2739270.0,589851088.0,0.0,7159476.0,40619770.257,204828276.257,9.699540765401133,1.2135937676826307,0.2737065762689099,4.491457744942476,0.02355725949118632,9.699540765401133,0.020108014120884202,8.72555113530545,13.193548784900415,1.0611842610854085,0.0,0.0,0.0,0.007411324791840762,4.029852844005885,0.0012253695822456406,41.19384771880932,1.0,-0.09090909090909087,-0.2510464085498536,0.9406920527147503,1.3941940720196313,-0.0032150092863771395,-0.19535795902408834,-0.0008256417647204824,0.07425709437899448,0.6464469775572874,0.339256132841334,Banks—Regional,Financial Services,SFST
2007Q3,2007,Q3,2007-11-09,2007-09-30,956562.0,4670282.0,7292509.0,0.22,4670282.0,1.0,614270618.0,37091510.0,3036557.0,2597877.0,577179108.0,0.0,6389786.0,55982649.787092,193731976.787092,9.457941032176599,1.1688609583902547,0.23915029580659514,3.9605559331502005,0.02642102580799167,9.457941032176599,0.02578924395367026,11.9869956004995,14.631213080566654,1.5093116938914595,0.0,0.0,0.0,0.007602971496839525,4.69238150997911,0.0015572322230134731,153.85343608182043,1.0,0.29411764705882343,0.18634709235296915,1.1110631157423503,1.4139880458816199,0.08646911182674678,0.2734904823906254,0.08984772787391408,0.2602471259218244,0.31295120652608427,-0.028113781211815254,Banks—Regional,Financial Services,SFST
2007Q2,2007,Q2,2007-08-09,2007-06-30,751134.0,4298587.0,6691310.0,0.17,4298587.0,1.0,573108053.0,35685729.0,2739700.0,3045408.0,537422324.0,0.0,5433224.0,59921213.089991994,193011767.089992,9.118850810624618,0.8996167344408368,0.25632688152089184,4.116575564422406,0.02503925427445093,9.118850810624618,0.02104858219373913,13.939746500417927,19.943582999169255,1.6791365839826893,0.0,0.0,0.0,0.007500482635863433,5.435116082968193,0.001310632429727872,69.47636737087593,1.0,-0.2272727272727272,1.0010380226355482,1.36316872481652,1.390271311239575,-0.017938564887393635,-0.21598111175129636,0.015843139588689884,0.17166379897674552,0.284091977431356,0.9292984039299758,Banks—Regional,Financial Services,SFST
2007Q1,2007,Q1,2007-05-10,2007-03-31,958056.0,4377106.0,6586952.0,0.22,4377106.0,1.0,557655511.0,35633768.0,2668216.0,3069219.0,522021743.0,0.0,4682090.0,62902123.664841995,187298422.664842,9.125216070359423,0.8693468924830714,0.23653133054037012,3.701629308469427,0.026722537077291154,9.125216070359423,0.026886182791558837,14.370710616750427,16.41399972048659,1.7652391873023925,0.0,0.0,0.0,0.007849121749287258,3.3151485768855204,0.0017180068718087142,-827.7684388056585,1.0,-0.18518518518518523,6.236463920262447,1.703512948048723,1.4464499371837733,0.1193493661265517,-0.10399922189032021,0.01970552324649854,0.5971832750518026,0.3510729773986062,0.9935773235129082,Banks—Regional,Financial Services,SFST
