Quarters,Year,Quarter,FillingDate,Date,NetIncome,Revenue,OperatingIncome,EPSDiluted,GrossProfit,GrossProfitRatio,TotalAssets,CommonStockEquity,CurrentAssets,CurrentLiability,TotalLiability,Inventory,RetainedEarnings,MarketCap,EnterpriseValue,bookValuePerShare,currentRatio,debtToAssets,debtToEquity,roic,shareholdersEquityPerShare,roe,priceToSalesRatio,peRatio,pbRatio,payoutRatio,inventoryTurnover,dividendYield,assetTurnover,quickRatio,returnOnAssets,priceToFreeCashFlowsRatio,grossProfitMargin,epsdilutedGrowth,fiveYNetIncomeGrowthPerShare,fiveYRevenueGrowthPerShare,fiveYShareholdersEquityGrowthPerShare,grossProfitGrowth,netIncomeGrowth,operatingIncomeGrowth,threeYNetIncomeGrowthPerShare,threeYRevenueGrowthPerShare,threeYShareholdersEquityGrowthPerShare,Industry,Sector,Symbol
2024Q1,2024,Q1,2023-06-14,2023-04-30,-1123000.0,29657000.0,147000.0,-0.14,6774000.0,0.2284115049,124793000.0,56453000.0,85540000.0,46999000.0,68340000.0,12878000.0,494000.0,87163560.0,110283560.0,7.053098450774613,1.820038724228175,0.25559125912511116,0.5650009742617753,0.004409616367302685,7.053098450774613,-0.019892654066214373,2.939055197761068,-19.40417631344613,1.5440022673728588,0.0,1.7769063519179997,0.0,0.2376495476509099,1.35224153705398,-0.008998902182013414,148.99753846153845,0.22841150487237413,-1.35,0.03055253930778559,-0.01009754218048301,0.08213688460318186,-0.33821805392731535,-1.3472479901051329,-0.9528997116308875,0.5520930530371466,0.31128938850569443,0.0718152630633324,Building Products & Equipment,Industrials,PPIH
2023Q4,2023,Q4,2023-04-27,2023-01-31,3234000.0,36441000.0,3121000.0,0.4,10236000.0,0.2808924014,122966000.0,57784000.0,85658000.0,43790000.0,65182000.0,14738000.0,1617000.0,80956400.0,104565400.0,7.244734202607823,1.9561087006165792,0.23894409836865474,0.508479856015506,0.02433230095634443,7.244734202607823,0.05596704970233975,2.2215746000384184,6.258225108225109,1.4010175827218607,0.0,1.7780567241145337,0.0,0.29635021062732786,1.4282484585521809,0.026299952832490283,674.6366666666667,0.2808924014159875,0.904761904761905,3.090440660659332,0.28708404111483987,0.07918741943424647,-0.0803234501347709,0.8715277777777778,-0.13015607580824973,1.1705806040877123,0.13941103445475755,0.04785510065222357,Building Products & Equipment,Industrials,PPIH
2023Q3,2023,Q3,2022-12-06,2022-10-31,1728000.0,37903000.0,3588000.0,0.21,11130000.0,0.2936443026,125809000.0,54791000.0,89392000.0,47456000.0,71018000.0,14779000.0,-1617000.0,78279120.0,105132120.0,6.845452273863068,1.8836817262306136,0.2816253209229864,0.6466572977313793,0.02019005608905763,6.845452273863068,0.03153802631819094,2.065248661055853,11.325104166666666,1.428685733058349,0.0,1.8115569388997903,0.0,0.30127415367739985,1.4044377950101146,0.013735106391434635,16.08695437731196,0.2936443025618025,-0.0869565217391305,1.5058904326694489,0.32844944717982116,0.007494683391137832,0.1258345134533684,-0.07494646680942184,0.07909774436090225,12.966375432973168,0.10454397478394625,-0.007774853465634807,Building Products & Equipment,Industrials,PPIH
2023Q2,2023,Q2,2022-09-07,2022-07-31,1868000.0,37003000.0,3325000.0,0.23,9886000.0,0.267167527,130582000.0,54299000.0,91560000.0,50283000.0,76283000.0,16348000.0,-3345000.0,72094000.0,106051000.0,6.808652037617555,1.8208937414235427,0.3074619779142608,0.7394058822446086,0.020119698454922088,6.808652037617555,0.03440210685279655,1.948328513904278,9.64855460385439,1.3277224258273632,0.0,1.6587350134573036,0.0,0.28336983657778253,1.350555853867112,0.014305187544990886,-12.661397962767825,0.26716752695727375,3.0909090909090913,2.0592858276932846,0.3268880201097669,-0.06033969560458653,0.402468435239041,3.1107344632768363,19.78125,-0.49709387534971516,0.010682043671361274,-0.016659364499450144,Building Products & Equipment,Industrials,PPIH
2023Q1,2023,Q1,2022-06-07,2022-04-30,-885000.0,31222000.0,160000.0,-0.11,7049000.0,0.2257702902,121919000.0,52892000.0,81459000.0,42761000.0,69027000.0,15401000.0,-3180000.0,96295040.0,124651040.0,6.679126152291956,1.9049835130141952,0.2848694625119957,0.6566399455494215,0.008441944372952226,6.679126152291956,-0.016732209029720942,3.0842047274357824,-27.20198870056497,1.820597443847841,0.0,1.5695734043243945,0.0,0.25608805846504645,1.3546222024742172,-0.007258917806084368,-12.825657964837507,0.22577029018000128,-1.3055555555555556,0.7562432700742482,0.2766995070654395,-0.09848796546812244,-0.2698363372695256,-1.295788770053476,-0.9290465631929047,0.4131665839662535,0.2809290894328806,0.037504785187825594,Building Products & Equipment,Industrials,PPIH
2022Q4,2022,Q4,2022-04-19,2022-01-31,2992000.0,39126000.0,2255000.0,0.36,9654000.0,0.2467412973,123401000.0,54457000.0,78389000.0,38397000.0,68944000.0,13760000.0,-2295000.0,71605350.0,97927350.0,6.730564825114325,2.041539703622679,0.27986807238190936,0.6341884422571937,0.018932782549504566,6.730564825114325,0.05494243164331491,1.8301219138168991,5.983067346256685,1.3148970747562296,0.0,2.141860465116279,0.0,0.3170638811678998,1.500846420293252,0.024246156838275218,-25.09826498422713,0.24674129734703265,5.0,2.359482743693864,0.33260935780000045,-0.13790587381347497,0.2654345261502163,5.044444444444444,0.3335304553518628,1.9033443077456245,0.08103670299633402,0.0041858749769500435,Building Products & Equipment,Industrials,PPIH
2022Q3,2022,Q3,2021-12-08,2021-10-31,495000.0,35199000.0,1691000.0,0.06,7629000.0,0.2167391119,122496000.0,52382000.0,75669000.0,37433000.0,70114000.0,15431000.0,-5289000.0,69883600.0,92391600.0,6.44622200344573,2.0214516602997357,0.26552703761755486,0.6209384903211027,0.0051370376891618575,6.44622200344573,0.009449811003779925,1.985385948464445,35.294747474747474,1.3341147722500095,0.0,1.786663210420582,0.0,0.28734815830721006,1.4291133491838752,0.004040948275862069,16.823206547905635,0.21673911190658826,-0.8536585365853658,1.1220739797825494,0.29100402651597546,-0.19556901275903546,-0.2898631667132086,-0.8550936768149883,-0.5863502935420744,4.635091065714988,0.04006641404703933,-0.0007106307216261611,Building Products & Equipment,Industrials,PPIH
2022Q2,2022,Q2,2021-09-08,2021-07-31,3416000.0,39804000.0,4088000.0,0.41,10743000.0,0.2698974977389207,121685000.0,52069000.0,75866000.0,36934000.0,69616000.0,14603000.0,-5784000.0,56160390.0,72532390.0,6.3880505459452825,2.0540964964531327,0.17981673994329622,0.42023084752924006,0.03744019933233712,6.3880505459452825,0.06560525456605658,1.4109232740428097,4.110098799765808,1.0785763122011178,0.0,1.9900705334520303,0.0,0.32710687430661134,1.3787025504954784,0.028072482228705262,-17.090806451612902,0.2698974977389207,5.1,5.982650140075998,0.5981526215753896,-0.2609071260889179,1.3846836847946726,5.052194543297746,5.344314558979809,12.917386600640189,0.1813648475511952,-0.024534665027198994,Building Products & Equipment,Industrials,PPIH
2022Q1,2022,Q1,2021-06-08,2021-04-30,-843000.0,24423000.0,-941000.0,-0.1,4505000.0,0.18445727388117758,111616000.0,48782000.0,64572000.0,30485000.0,62834000.0,15069000.0,-9200000.0,52909200.0,66230200.0,5.974525413349663,2.1181564703952764,0.1953483371559633,0.44696814398753637,-0.01391504037461955,5.974525413349663,-0.017280964290107007,2.1663677680874587,-15.690747330960855,1.0846049772457056,0.0,1.321786449001261,0.0,0.21881271502293578,1.2878792848942102,-0.007552680619266055,-18.558119957909504,0.18445727388117758,0.6774193548387096,0.8794156158403565,-0.04685170771664869,-0.3248879959182622,0.8692946058091287,0.6678486997635934,0.6479610924055369,0.28661662082572886,-0.20087432232378266,-0.08334551645529784,Building Products & Equipment,Industrials,PPIH
2021Q4,2021,Q4,2021-04-15,2021-01-31,-2538000.0,21295000.0,-2673000.0,-0.31,2410000.0,0.11317210612819911,102691000.0,49313000.0,53875000.0,28252000.0,53378000.0,12157000.0,-8357000.0,50133100.0,70570100.0,6.03955909369259,1.9069446410873567,0.268874584919808,0.5599132074706467,-0.03179369007114135,6.03955909369259,-0.05146715876138138,2.354219300305236,-4.938248620961387,1.0166305031127694,0.0,1.553426009706342,0.0,0.20736968186111734,1.2886521308225967,-0.024714921463419384,-23.492549203373947,0.11317210612819911,0.11428571428571424,0.34283086069404384,-0.16892712262318443,-0.356829128792168,-0.179714091218516,0.10947368421052632,0.0329232995658466,-0.6025751441646304,-0.2652777029305844,-0.10033742984020284,Building Products & Equipment,Industrials,PPIH
2021Q3,2021,Q3,2020-12-21,2020-10-31,-2850000.0,20294000.0,-2764000.0,-0.35,2938000.0,0.1447718537498768,99759000.0,50994000.0,52666000.0,23363000.0,48765000.0,12094000.0,-5819000.0,45234100.0,48370100.0,6.245437844458053,2.2542481701836237,0.09752503533515773,0.19078715142957994,-0.03626431868361785,6.245437844458053,-0.055888928109189315,2.228939588055583,-3.9679035087719297,0.8870474957838177,0.0,1.4350917810484538,0.0,0.20343026694333344,1.4722424346188419,-0.02856885093074309,-29.739710716633795,0.1447718537498768,-12.666666666666668,-1.4161891603922294,-0.7267748504100336,-0.3732466736492269,0.2428087986463621,-11.674157303370787,0.2,0.18208442370637795,-0.30274763845208896,-0.08081377650297791,Building Products & Equipment,Industrials,PPIH
2021Q2,2021,Q2,2020-09-09,2020-07-31,267000.0,20364000.0,-3455000.0,0.03,2364000.0,0.11608721272834413,99998000.0,53449000.0,55060000.0,23978000.0,46549000.0,12137000.0,-2969000.0,48024660.0,49396660.0,6.577528919517598,2.2962715822837603,0.10478209564191283,0.19603734401017792,-0.07328610215509927,6.577528919517598,0.0049954161911354746,2.358311726576311,44.96691011235955,0.8985137233624576,0.0,1.4830683035346461,0.0,0.20364407288145764,1.4488280924180499,0.002670053401068021,23.599341523341522,0.11608721272834413,1.096774193548387,1.1000016675874424,-0.5447846906713631,-0.2803061640529635,-0.31794575879976916,1.10591035303451,-0.35490196078431374,1.1485940518111823,-0.28333812833687977,-0.09223693727690671,Building Products & Equipment,Industrials,PPIH
2021Q1,2021,Q1,2020-06-09,2020-04-30,-2521000.0,22741000.0,-2550000.0,-0.31,3466000.0,0.15241194318631546,106793000.0,52960000.0,59965000.0,30825000.0,53833000.0,13912000.0,-3236000.0,45874404.8,48400404.8,6.58051689860835,1.9453365774533657,0.14023391046229622,0.2827794561933535,-0.029355158332231922,6.58051689860835,-0.047601963746223566,2.017255388945077,-4.549226973423244,0.8662085498489426,0.0,1.3854945370902818,0.0,0.2129446686580581,1.3182157339821574,-0.02360641615087131,-257.7213752808989,0.15241194318631546,-2.7222222222222223,0.511996442398242,-0.4560767132618633,-0.30901904684484316,-0.5068298235628913,-2.677312042581504,-2.6909814323607426,0.3167674235469954,-0.08500250570954082,-0.11179770492879615,Building Products & Equipment,Industrials,PPIH
2020Q4,2020,Q4,2020-01-31,2020-01-31,1503000.0,32263000.0,1508000.0,0.18,7028000.0,0.21783467129529183,112225000.0,55629000.0,64255000.0,32839000.0,56596000.0,14498000.0,-715000.0,72655380.0,88290380.0,6.913870246085011,1.9566673772039342,0.2584629093339274,0.5214186844990922,0.019253494739876063,6.913870246085011,0.027018281831418866,2.2519722282490777,12.085059880239521,1.306070215175538,0.0,1.7405849082632088,0.0,0.28748496324348405,1.3684643259538962,0.013392737803519714,89.3670110701107,0.21783467129529183,9.999999999999998,1.2669320373370363,-0.23764670520764,-0.3180448699779865,-0.08046578568624886,11.36551724137931,-0.13729977116704806,1.6867414540306283,0.10500521872490455,-0.11442693395878115,Building Products & Equipment,Industrials,PPIH
2020Q3,2020,Q3,2019-10-31,2019-10-31,-145000.0,34457000.0,1748000.0,-0.02,7643000.0,0.2218126940824796,117450000.0,55448000.0,65847000.0,37669000.0,62002000.0,16270000.0,-1559000.0,72172260.0,88031260.0,6.899091700883414,1.7480421566805595,0.23908045977011494,0.5064204299523878,-0.001711904204688251,6.899091700883414,-0.002615062761506276,2.0945601764518096,-124.43493103448276,1.30162061751551,0.0,1.6480639213275967,0.0,0.29337590464027247,1.1898112506304919,-0.0012345679012345679,21.877011215519854,0.2218126940824796,-1.0434782608695652,0.6464436657876675,-0.28673886447321084,-0.37987030690060675,-0.20822542214855486,-1.038978494623656,-0.5229257641921398,0.9638449674904113,0.2777844066717476,-0.13905491541541606,Building Products & Equipment,Industrials,PPIH
2020Q2,2020,Q2,2019-07-31,2019-07-31,3720000.0,36667000.0,3664000.0,0.46,9653000.0,0.26326124307960835,114501000.0,55302000.0,64107000.0,35551000.0,59199000.0,16555000.0,-1414000.0,70684950.0,88850950.0,6.924001502441468,1.8032404151781947,0.22897616614702054,0.47408773642906227,0.04240964923069876,6.924001502441468,0.06726700661820549,1.9277538386014672,4.750332661290322,1.2781626342627752,0.0,1.6317728782845062,0.0,0.3202330110654055,1.1788697926921887,0.03248879922446092,-25.33510752688172,0.26326124307960835,3.4210526315789473,1.4749308535461032,-0.376534141729608,-0.38615926794735844,1.044260906395595,3.4766977363515315,4.738775510204082,6.760193833911063,0.5024295654155139,-0.19889798419764276,Building Products & Equipment,Industrials,PPIH
2020Q1,2020,Q1,2019-04-30,2019-04-30,-1502000.0,24276000.0,-980000.0,-0.19,4722000.0,0.19451309935739,106514000.0,50774000.0,57153000.0,34243000.0,55740000.0,16126000.0,-5134000.0,70667520.0,86267520.0,6.4376822619500444,1.669041847968928,0.22119158044951837,0.46401701658329064,-0.014613626365683969,6.4376822619500444,-0.02958206956316225,2.9110034602076125,-11.762237017310255,1.3918052546578958,0.0,1.2125759642812848,0.0,0.22791370148525075,1.0146015243991473,-0.014101432675516834,81.60221709006929,0.19451309935739,-2.5833333333333335,-1.3571433564687838,-0.6288784902894777,-0.42485347747481766,-0.25497002208898706,-2.5095477386934673,-1.5125523012552302,0.7775779823595835,-0.019194388983148875,-0.272551998223095,Building Products & Equipment,Industrials,PPIH
2019Q4,2019,Q4,2019-04-16,2019-01-31,995000.0,34945000.0,1912000.0,0.12,6338000.0,0.1813707254256689,102205000.0,52360000.0,62960000.0,37088000.0,49845000.0,12289000.0,-3632000.0,68276880.0,74401880.0,6.702508960573477,1.697584124245039,0.15929749033804608,0.31094346829640945,0.017108516469928264,6.702508960573477,0.01900305576776165,1.953838317355845,17.154994974874374,1.3039893048128344,0.0,2.327854178533648,0.0,0.3419108654175432,1.194914797238999,0.009735335844625997,13.314524180967238,0.1813707254256689,6.999999999999999,1.496535156848626,-0.39851075208860204,-0.3723066599243718,-0.07918058985907307,8.537878787878787,0.767097966728281,1.2692790572706516,0.42541217483816074,-0.2862295971319519,Building Products & Equipment,Industrials,PPIH
2019Q3,2019,Q3,2018-12-11,2018-10-31,-132000.0,32806000.0,1082000.0,-0.02,6883000.0,0.2098091812473328,103730000.0,50813000.0,64430000.0,40838000.0,52917000.0,14330000.0,-4627000.0,71995780.0,84013780.0,6.450806144471246,1.5776972427640923,0.20823291236864938,0.4250880680140909,-0.0024592930555276697,6.450806144471246,-0.0025977604156416667,2.194591842955557,-136.35564393939396,1.4168771771003483,0.0,1.8090020935101185,0.0,0.3162633760724959,1.082790538224203,-0.0012725344644750796,28.615174880763117,0.2098091812473328,0.5,-1.016025309441141,-0.4921819291933662,-0.4118534373581337,0.16799592737145766,0.52,0.6697530864197531,-1.0199809061374572,-0.5421727477849981,-0.35263718743450323,Building Products & Equipment,Industrials,PPIH
2019Q2,2019,Q2,2018-09-11,2018-07-31,-275000.0,32325000.0,648000.0,-0.04,5893000.0,0.18230471771075019,96008000.0,51211000.0,56540000.0,32549000.0,44797000.0,14707000.0,-4495000.0,70771000.0,82708000.0,6.548721227621483,1.7370733355863468,0.1789850845762853,0.3355529085548027,-0.007157839601731699,6.548721227621483,-0.005369940051941966,2.1893580819798917,-64.33727272727273,1.3819491906035815,0.0,1.7972394098048547,0.0,0.3366906924422965,1.1356416479768963,-0.0028643446379468377,-19.399945175438596,0.18230471771075019,0.7142857142857143,-1.0558772041078963,-0.5317697637366159,-0.3425961429853544,0.39479289940828405,0.7538048343777977,1.720800889877642,0.892971672330489,-0.24913412097701906,-0.2834582168282808,Building Products & Equipment,Industrials,PPIH
2019Q1,2019,Q1,2018-06-12,2018-04-30,-1117000.0,28889000.0,-899000.0,-0.14,4225000.0,0.14624943750216346,101529000.0,50304000.0,60730000.0,37971000.0,51225000.0,15804000.0,-4220000.0,70233800.0,78826800.0,6.51775071261985,1.5993784730452187,0.18193816545026545,0.36720737913486007,-0.012532855307845188,6.51775071261985,-0.022204993638676843,2.4311606493821176,-15.719292748433304,1.3961871819338423,0.0,1.5606175651733738,0.0,0.2845393926858336,1.0810881988886256,-0.011001782741876706,-185.31345646437995,0.14624943750216346,0.27820975283901134,-1.0905373957308733,-0.5506555065074064,-0.2986596305571041,0.18049734562727018,0.25384101536406145,0.30792917628945343,0.7745311711515118,-0.279483722434701,-0.3156097508409714,Building Products & Equipment,Industrials,PPIH
2018Q4,2018,Q4,2018-04-19,2018-01-31,-1497000.0,27397000.0,-1299000.0,-0.1939621663643431,3579000.0,0.13063474103003977,104584000.0,51812000.0,62318000.0,39180000.0,52772000.0,16856000.0,-3103000.0,69847900.0,78517900.0,6.713138118683597,1.5905564063297601,0.15063489635125832,0.3040608353277233,-0.019328940305155848,6.713138118683597,-0.028892920558943873,2.549472569989415,-11.664645958583835,1.348102756118274,0.0,1.4130280018984338,0.0,0.2619616767383156,1.059775395610005,-0.014313852979423239,36.742714360862706,0.13063474103003977,0.5489251945015277,0.9134059549663408,-0.49476647717386085,-0.14228230690784827,0.07801204819277109,0.5452612393681653,0.43299869052815365,0.7228347526159181,-0.3251149664733883,-0.33784424415905984,Building Products & Equipment,Industrials,PPIH
2018Q3,2018,Q3,2017-12-15,2017-10-31,-3292000.0,27498000.0,-2291000.0,-0.43,3320000.0,0.1207360535311659,100683000.0,52413000.0,57634000.0,35679000.0,48270000.0,14005000.0,-1606000.0,64411900.0,73921900.0,6.794529427015815,1.6153479637882229,0.17761687673192098,0.34119397859309714,-0.04319193996694356,6.794529427015815,-0.06280884513384084,2.3424212670012365,-4.891547691373025,1.2289298456489801,0.0,1.726383434487683,0.0,0.27311462709692796,1.112110765436251,-0.032696681664233285,-33.53040083289953,0.1207360535311659,-0.9545454545454545,-7.494202919196438,-0.576821314856528,-0.32135077244370464,0.08567691301504252,-0.9387514723203769,-0.08836104513064133,-7.363051678138618,-0.4069565150814287,-0.3892689601747741,Building Products & Equipment,Industrials,PPIH
2018Q2,2018,Q2,2017-09-19,2017-07-31,-1698000.0,26852000.0,-2105000.0,-0.22,3058000.0,0.11388350960822285,101839000.0,55641000.0,58174000.0,33406000.0,46198000.0,16031000.0,1686000.0,60898309.5,68659309.5,7.2458653470503975,1.7414236963419745,0.16012529581005314,0.2930752502650923,-0.02196233235940074,7.2458653470503975,-0.03051706475440772,2.2679245307612095,-8.966182199646644,1.0944862511457378,0.0,1.4842492670451002,0.0,0.2636710886791897,1.132012213374843,-0.01667337660424788,-19.80432829268293,0.11388350960822285,0.5217391304347826,-0.12809974815753278,-0.5367786297082572,-0.2665780777000131,0.7131652661064426,0.5133276010318143,0.4485197799318837,-2.1749972026385707,-0.5251100784345676,-0.3576247365891031,Building Products & Equipment,Industrials,PPIH
2018Q1,2018,Q1,2017-06-13,2017-04-30,-3489000.0,23501000.0,-3817000.0,-0.46,1785000.0,0.07595421471426748,99085000.0,56381000.0,56555000.0,31160000.0,42704000.0,15255000.0,5026000.0,60499500.0,64517500.0,7.408804204993429,1.8149871630295251,0.1319775949941969,0.23193983788865044,-0.048247297577940565,7.408804204993429,-0.06188254908568489,2.57433726224416,-4.335017196904557,1.0730476578989376,0.0,1.4235332677810555,0.0,0.23718019881919564,1.1672657252888319,-0.03521219155270727,-47.30218921032056,0.07595421471426748,-0.6911111111111113,-0.5420035970487328,-0.595002286297705,-0.269722594897945,-0.414177879881851,-0.6855072463768116,-0.12066940692894891,-1.8598066439198353,-0.6276490005113718,-0.3380928413075841,Building Products & Equipment,Industrials,PPIH
2017Q4,2017,Q4,2017-04-14,2017-01-31,-2070000.0,27615000.0,-3406000.0,-0.2720105124835742,3047000.0,0.11033858410284265,101611000.0,59413000.0,57824000.0,30048000.0,42198000.0,13565000.0,8515000.0,66587500.0,70713500.0,7.807227332457293,1.9243876464323748,0.11543041599826791,0.19741470721895882,-0.02504703333049029,7.807227332457293,-0.03484085974450036,2.41128010139417,-8.041968599033817,1.120756400114453,0.0,1.8111315886472539,0.0,0.27177175699481354,1.3633186900958467,-0.02037181013866609,-462.41319444444446,0.11033858410284265,0.45597897503285156,0.19754577908536025,-0.43957567073211,-0.25141811445053064,-0.17581823099810656,0.44990698910443794,-2.284474445515911,-0.060412519334390055,-0.5120610930397881,-0.26884922797319805,Building Products & Equipment,Industrials,PPIH
2017Q3,2017,Q3,2016-12-13,2016-10-31,-3763000.0,25302000.0,-1037000.0,-0.5,3697000.0,0.14611493162595843,105257000.0,60429000.0,61404000.0,32354000.0,44828000.0,14305000.0,10585000.0,60328000.0,65390000.0,8.013393449144676,1.8978797057550845,0.1336728198599618,0.23283522811894952,-0.04312789707950006,8.013393449144676,-0.0622714259709742,2.384317445261244,-4.007972362476747,0.9983286170547254,0.0,1.5103110800419435,0.0,0.24038306240915094,1.3261420535327935,-0.03575059140959746,-10.34608128965872,0.14611493162595843,-9.333333333333334,-6.005330046088187,-0.6763279157354906,-0.2758246391798939,0.2406040268456376,-9.380846325167038,0.4364130434782609,-1.4771980013969905,-0.5908885572437017,-0.2693859175646324,Building Products & Equipment,Industrials,PPIH
2017Q2,2017,Q2,2016-09-09,2016-07-31,449000.0,22859000.0,-1840000.0,0.06,2980000.0,0.1303644078918588,109427000.0,64659000.0,64526000.0,32325000.0,44768000.0,14051000.0,14348000.0,57977750.0,58617750.0,8.643095842801765,1.9961639597834493,0.11196505432845641,0.18948638240616156,-0.01062180185107854,8.643095842801765,0.006944122241296649,2.536320486460475,32.28159799554566,0.8966694505018635,0.0,1.414774749128176,0.0,0.20889725570471637,1.3396751740139212,0.004103192082392828,-8.565186881370956,0.1303644078918588,1.069767441860465,1.2242288702783033,-0.6722826294602784,-0.22025466631855573,0.4959839357429719,1.071337782014617,0.5915649278579356,-0.9046335946727768,-0.6538811536429601,-0.1323489966805547,Building Products & Equipment,Industrials,PPIH
2017Q1,2017,Q1,2016-06-10,2016-04-30,-6294000.0,23069000.0,-4505000.0,-0.86,1992000.0,0.0863496467120378,125458000.0,65054000.0,79437000.0,56790000.0,60404000.0,13839000.0,13899000.0,51309980.0,53736980.0,8.849680315603319,1.3987849973586899,0.12183360168343191,0.23495864973714145,-0.053805752649991816,8.849680315603319,-0.09675039198204569,2.2241961073301835,-2.0380513187162377,0.7887290558612846,0.0,1.5230146686899342,0.0,0.18387827001865167,0.7853671421024828,-0.05016818377464968,8.20172314578005,0.0863496467120378,-0.81819384526891,-2.933860469458843,-0.5971527386021993,-0.22416893374776836,27.869565217391305,-0.8101811906816221,-2.6129609738632293,-1.5356238600731231,-0.6232666776204037,-0.04773313131180506,Building Products & Equipment,Industrials,PPIH
2016Q4,2016,Q4,2016-04-28,2016-01-31,-3477000.0,23069000.0,2793000.0,-0.4729968711739899,69000.0,0.0032310934207445564,138123000.0,69028000.0,97048000.0,66716000.0,69095000.0,15625000.0,20193000.0,54544420.0,53412420.0,9.390287035777446,1.4546435637628155,0.1122115795341833,0.22453207394100944,0.029678307103300054,9.390287035777446,-0.05037086399721852,2.364403311803719,-3.921801840667242,0.7901781885611635,0.0,-1.371136,0.0,0.16701780297271274,0.8777504646561545,-0.02517321517777633,8.517242348532168,0.0029910269192422734,-1.5698757484023975,-1.2315165532675163,-0.552048005041147,-0.17916862026428654,-0.9959342407636557,-1.568694798822375,-0.6205163043478261,0.7888314348568237,-0.553340814563744,0.1997690486039858,Building Products & Equipment,Industrials,PPIH
2016Q3,2016,Q3,2015-12-08,2015-10-31,6114000.0,66316000.0,7360000.0,0.83,16971000.0,0.2559110923457386,172774000.0,72643000.0,114565000.0,86219000.0,100131000.0,35378000.0,24392000.0,41115600.0,74212600.0,9.96474622770919,1.3287674410512764,0.25454640165765685,0.6054127720496125,0.05105912187642818,9.96474622770919,0.08416502622413721,0.6199951746184933,1.6812070657507359,0.5659953471084619,0.0,1.3947933744134773,0.0,0.3838309004827115,0.8427724747445459,0.03538726891777698,-3.795052612146945,0.2559110923457386,3.5151515151515147,0.6096128916823945,0.05784818129871859,-0.14327799738648317,1.998409893992933,3.5570890840652445,3.973737373737374,11.76272961606295,0.07992378452653735,-0.004704092774899236,Building Products & Equipment,Industrials,PPIH
2016Q2,2016,Q2,2015-09-18,2015-07-31,-2391000.0,40061000.0,-2475000.0,-0.33,5660000.0,0.14128454107486083,156146000.0,66507000.0,94582000.0,72559000.0,89639000.0,34952000.0,18280000.0,40823970.0,62531970.0,9.139343135907655,1.303518515966317,0.20311759507127944,0.47688213270783525,-0.02170311756923411,9.139343135907655,-0.03595110289142496,1.0190452060607573,-4.268503764115433,0.6138296720645947,0.0,0.9842355230029755,0.0,0.2565611671128303,0.7727228875811408,-0.015312592061275986,-19.9335791015625,0.14128454107486083,0.484375,-1.77969693759115,-0.39163729234648675,-0.16793397533949525,0.4006434050977481,0.48635875402792694,0.484375,-0.6762611711382275,-0.2707338979498776,-0.07492144964780546,Building Products & Equipment,Industrials,PPIH
2016Q1,2016,Q1,2015-06-12,2015-04-30,-4655000.0,37674000.0,-4800000.0,-0.64,4041000.0,0.10726230291447683,145101000.0,69064000.0,85392000.0,59344000.0,76037000.0,29765000.0,20671000.0,43004360.0,61699360.0,9.523441809156095,1.438932326772715,0.2027070798960724,0.4258803428703811,-0.049016120176523056,9.523441809156095,-0.06740125101355264,1.141486436269045,-2.309578947368421,0.6226740414687826,0.0,1.1299512850663531,0.0,0.2596398370790001,0.8652938797519547,-0.03208110212886196,-14.952837273991655,0.10726230291447683,0.08546206896551721,-8.067386084431538,-0.28750084229522543,-0.10472209260257093,-0.23393364928909952,0.08275862068965517,-0.18168389955686853,-1.1588922336733622,-0.3187055927440542,-0.06128517104777488,Building Products & Equipment,Industrials,PPIH
2015Q4,2015,Q4,2015-04-16,2015-01-31,-5075000.0,38144000.0,-4062000.0,-0.6998069498069498,5275000.0,0.13829173657718122,148538000.0,73523000.0,87602000.0,51750000.0,75015000.0,29770000.0,25324000.0,40466160.0,59593160.0,10.13830667402096,1.692792270531401,0.1995112361819871,0.40307114780408854,-0.05972784249873977,10.13830667402096,-0.0690260190688628,1.0608787751677853,-1.9934068965517242,0.5503877698135278,0.0,1.1040980853207927,0.0,0.25679624069261736,1.0252173913043479,-0.03416634127294026,-15.380524515393386,0.13829173657718122,-12.996138996138994,0.17369274530665293,-0.268920193678026,-0.04627654479111561,-0.21514655557208748,-12.64247311827957,-2.2864077669902914,-1.0644902124210995,-0.18768396126615805,-0.02790678391471124,Building Products & Equipment,Industrials,PPIH
2015Q3,2015,Q3,2014-12-09,2014-10-31,-372000.0,43819000.0,-1236000.0,-0.05,6721000.0,0.15338095346767383,156003000.0,81103000.0,94145000.0,39865000.0,74900000.0,30957000.0,30401000.0,66484799.99999999,82709800.0,11.125240054869684,2.361595384422426,0.19641288949571484,0.3778035337780353,-0.011255359122997707,11.125240054869684,-0.0045867600458676,1.5172596362308586,-44.68064516129032,0.8197575921975759,0.0,1.198371935265045,0.0,0.28088562399441036,1.453054057443873,-0.0023845695275090863,11.123439852768946,0.15338095346767383,-1.2777777777777777,-1.501183645676052,-0.21975484459528233,-0.02083772432481326,-0.3626363205310574,-1.2727272727272727,-1.6885793871866295,-1.5118501721676323,-0.42015186087115713,0.005394878221721206,Building Products & Equipment,Industrials,PPIH
2015Q2,2015,Q2,2014-09-09,2014-07-31,1364000.0,53370000.0,1795000.0,0.18,10545000.0,0.19758291174817313,160293000.0,81756000.0,100070000.0,38708000.0,78537000.0,32248000.0,30773000.0,79800480.0,101716480.0,11.27980132450331,2.585253694326754,0.23012857704328948,0.4511962424776163,0.012744551216679181,11.27980132450331,0.01668379079211312,1.4952310286677908,14.626187683284458,0.9760810215763981,0.0,1.3279893326717935,0.0,0.3329527802212199,1.612844889945231,0.008509417129880906,-26.3716060806345,0.19758291174817313,-0.6538461538461539,-0.6578868151715833,-0.17829514525079962,0.0044657555571411,-0.34048408280692977,-0.6435850535667624,-0.6855841653529515,1.7030739844813683,-0.21026587090905138,0.017618294139395273,Building Products & Equipment,Industrials,PPIH
2015Q1,2015,Q1,2014-06-10,2014-04-30,3827000.0,59524000.0,5709000.0,0.52,15989000.0,0.2686143404341106,164945000.0,80333000.0,104719000.0,49523000.0,84612000.0,34668000.0,29409000.0,78157530.0,97930530.0,11.193116901212205,2.11455283403671,0.19770832701809693,0.4059477425217532,0.03883547505474149,11.193116901212205,0.0476392018224142,1.3130423022646327,5.10566566501176,0.9729193482130633,0.0,1.2557690088842737,0.0,0.360871805753433,1.2743371766653877,0.023201673285034405,-37.36019598470363,0.2686143404341106,3.0271808799565454,-0.39485455327729263,-0.163498002182339,0.08593388084353275,0.7421006755284376,3.0787615426398696,6.652475247524753,3.4499326863704094,0.06465091357794864,-0.018725252160555764,Building Products & Equipment,Industrials,PPIH
2014Q4,2014,Q4,2014-04-15,2014-01-31,-1841000.0,53375000.0,-1010000.0,-0.2565138637313641,9178000.0,0.17195316159250584,163269000.0,76636000.0,101092000.0,53484000.0,86633000.0,33547000.0,25580000.0,104210040.0,122558040.0,10.677999163996098,1.890135367586568,0.19442147621410066,0.4142048123597265,-0.005490426409904508,10.677999163996098,-0.02402265253927658,1.9524129274004685,-14.151281912004345,1.3598053134297197,0.0,1.3174650490356812,0.0,0.32691447855992256,1.1317403335576994,-0.011275869883443887,6.654111487133644,0.17195316159250584,-1.2490425861469554,-1.1141457015634557,-0.3864872910140124,0.13405282654176517,-0.4565050038491147,-1.2490867271005277,-1.158307210031348,-0.21018756770715824,0.061558838457321415,-0.06660608422242449,Building Products & Equipment,Industrials,PPIH
2014Q3,2014,Q3,2013-12-09,2013-10-31,7391000.0,57967000.0,6380000.0,1.03,16887000.0,0.2913209239739852,175852000.0,77522000.0,112750000.0,58528000.0,98330000.0,39140000.0,27436000.0,83685120.0,114043120.0,10.968024900962083,1.926428376161837,0.23246821190546596,0.5273341761048477,0.053166288839793824,10.968024900962083,0.095340677485101,1.4436682940293615,2.830642673521851,1.0795015608472434,0.0,1.0495656617271334,0.0,0.3296351477378705,1.098824494259158,0.04202966130609831,66.10199052132701,0.2913209239739852,0.6612903225806452,0.5165757229623106,-0.2741080457874442,0.14654983551108858,0.2332578689841525,0.6813011828935396,0.33752620545073375,1.0069206291755266,-0.04628890946055973,-0.057020816873593214,Building Products & Equipment,Industrials,PPIH
2014Q2,2014,Q2,2013-09-12,2013-07-31,4396000.0,61665000.0,4770000.0,0.62,13693000.0,0.22205465012567907,166685000.0,69581000.0,102043000.0,55716000.0,97104000.0,38455000.0,19899000.0,75717400.0,111536400.0,9.961488904795992,1.8314846722664944,0.25110837807841135,0.601543524812808,0.04526354238774528,9.961488904795992,0.06317816645348587,1.22788291575448,4.306039581437671,1.088190741725471,0.0,1.2474840722922897,0.0,0.3699493055763866,1.0368296360111997,0.026373098959114497,841.3044444444445,0.22205465012567907,-0.6125,0.7778770963022931,-0.22752510565933548,0.060606409853849214,0.04272007310386841,-0.6032849020846494,0.7005347593582888,0.49344729486254124,-0.024414136745107194,-0.09308400511322314,Building Products & Equipment,Industrials,PPIH
2014Q1,2014,Q1,2013-05-02,2013-04-30,11081000.0,57744000.0,2805000.0,1.6,13132000.0,0.22741756719312828,166234000.0,64421000.0,101679000.0,61532000.0,101813000.0,39402000.0,15503000.0,50534280.0,83179280.0,9.293277553375649,1.6524572580120913,0.26244931843064595,0.6772325794383819,0.02521504498921419,9.293277553375649,0.17200912745843747,0.875143391521197,1.140111000812201,0.7844379938218904,0.0,1.1322267905182477,0.0,0.34736576151689785,0.9102093219788078,0.06665904688571532,-3.777416654208402,0.22741756719312828,1.7143169962001674,24.64825853035022,-0.14314513577686025,0.035247263151372554,0.7217778943228006,1.713660075996651,1.5048596112311015,23.58086732747397,0.14248032036096756,-0.12635933021079485,Building Products & Equipment,Industrials,PPIH
2013Q4,2013,Q4,2013-05-02,2013-01-31,-15527000.0,48704000.0,-5556000.0,-2.2399019042123487,7627000.0,0.15659904730617608,149479000.0,54255000.0,84346000.0,49201000.0,95224000.0,42333000.0,4553000.0,41106760.0,76093760.0,7.8267455279861515,1.7143147497002094,0.2811231009038059,0.7745276933001567,-0.1808354545270365,7.8267455279861515,-0.2861856050133628,0.8440119908015769,-0.6618593417917176,0.7576584646576352,0.0,0.9703304750431105,0.0,0.3258250322787816,0.7481961748744944,-0.10387412278647837,5.935137164308403,0.15659904730617608,-32.99859863160498,-2.8062629503978993,-0.18490957980178252,-0.11140645870789538,-0.33365367814083524,-35.12527472527473,-9.158590308370044,-1.6447968168402511,-0.02343214116055169,-0.263728053608866,Building Products & Equipment,Industrials,PPIH
2013Q3,2013,Q3,2012-12-07,2012-10-31,455000.0,58325000.0,681000.0,0.07,11446000.0,0.19624517788255466,163227000.0,69322000.0,88608000.0,43663000.0,93905000.0,38753000.0,20080000.0,38082000.0,79934000.0,10.011842865395725,2.0293612440739297,0.2906565702978061,0.6843859092351634,0.004293953626049167,10.011842865395725,0.006563572891722685,0.6529275610801543,20.924175824175826,0.5493494128847985,0.0,1.2096869919748148,0.0,0.35732446225195585,0.9175274259670659,0.0027875290239972555,14.026519337016575,0.19624517788255466,1.35,-0.6402255648035223,-0.13908089218241468,0.060068105700156915,0.15546133656369876,1.3352984524686808,2.014903129657228,-0.35458981168617965,0.09343717511473532,-0.118830803161659,Building Products & Equipment,Industrials,PPIH
2013Q2,2013,Q2,2012-09-20,2012-07-31,-1357000.0,52261000.0,-671000.0,-0.2,9906000.0,0.18954861177551138,166542000.0,68396000.0,91482000.0,43247000.0,98146000.0,40710000.0,19625000.0,48391770.0,92236770.0,9.879531994799942,2.11533748005642,0.30005644221877964,0.7306275220773145,-0.007526917612471557,9.879531994799942,-0.01984034154044096,0.9259633378618856,-8.91521186440678,0.7075233931808879,0.0,1.0404077622205847,0.0,0.31380072294075967,0.8937036094989248,-0.00814809477489162,-29.25741837968561,0.18954861177551138,0.33333333333333326,-1.898020688718363,-0.15333630625965805,0.07344212371801163,0.08523225241016652,0.3399805447470817,0.6096567771960442,-1.3563355419728602,-0.1575963911681847,-0.12022815967951929,Building Products & Equipment,Industrials,PPIH
2013Q1,2013,Q1,2012-06-11,2012-04-30,-2056000.0,52728000.0,-1719000.0,-0.3,9128000.0,0.17311485358822637,167413000.0,70154000.0,91617000.0,42403000.0,97259000.0,41423000.0,20746000.0,48405000.0,88672000.0,10.145191612436731,2.1606254274461714,0.2828215252101091,0.6749151865895031,-0.0128759976804825,10.145191612436731,-0.029306953274225275,0.9180131998179335,-5.885821984435798,0.6899820395130712,0.0,1.0525553436496633,0.0,0.3149576197786313,0.9365846756125746,-0.012281005656669433,-6.051381422677835,0.17311485358822637,0.11497440273037553,-2.8724578803723158,-0.12480794143951618,0.1393471270357839,0.8879007238883144,0.12286689419795221,0.7019247442344373,-1.3374233864472476,-0.23092811533598717,-0.015733740938456166,Building Products & Equipment,Industrials,PPIH
2012Q4,2012,Q4,2012-05-01,2012-01-31,-2344000.0,44775000.0,-5767000.0,-0.3389732465654375,4835000.0,0.10798436627582356,157047000.0,72119000.0,82434000.0,39486000.0,84928000.0,39968000.0,22802000.0,51862500.0,85071500.0,10.4293564714389,2.087676644886795,0.23825988398377557,0.5188369223089616,-0.02365969456156535,10.4293564714389,-0.03250183724122631,1.1582914572864322,-5.531409982935153,0.719123947919411,0.0,0.9992994395516414,0.0,0.2851057326787522,0.818467304867548,-0.014925468171948526,8.37843295638126,0.10798436627582356,-4.389732465654374,-2.74302046080788,-0.13290116765165216,0.7564072355161814,-0.6110842985842986,-4.4169096209912535,-3.5837813620071683,-1.793762573869434,-0.46583917757481036,0.10764582425952111,Building Products & Equipment,Industrials,PPIH
2012Q3,2012,Q3,2011-12-12,2011-10-31,686000.0,71330000.0,2232000.0,0.1,12432000.0,0.17428851815505397,167838000.0,76142000.0,100369000.0,40743000.0,91696000.0,39109000.0,25461000.0,49061530.0,88651530.0,11.065542799011771,2.463466116878973,0.2696409633098583,0.5943631635628168,0.00500502479447767,11.065542799011771,0.009009482283102624,0.687810598626104,17.87956632653061,0.6443425441937433,0.0,1.505996062287453,0.0,0.4249931481547683,1.264953488942886,0.00408727463387314,-8.553265341701534,0.17428851815505397,1.3703703703703702,-0.8027728741547484,-0.13089867500079963,0.5710735039968955,0.15281899109792285,1.3734349482852477,24.363636363636363,-0.8554127505477069,-0.08249515756694399,0.15674393435548936,Building Products & Equipment,Industrials,PPIH
2012Q2,2012,Q2,2011-09-14,2011-07-31,-1837000.0,63990000.0,88000.0,-0.27,10784000.0,0.1685263322394124,168048000.0,76073000.0,101627000.0,42552000.0,91975000.0,41061000.0,24775000.0,61355220.0,95488220.0,11.084511146728836,2.3883013724384283,0.2611753784632962,0.5769458283490857,0.008422180172219768,11.084511146728836,-0.02414785797852063,0.9588251289263947,-8.349921066956995,0.8065308322269399,0.0,1.2957794500864568,0.0,0.38078406169665807,1.1821065989847717,-0.010931400552223174,-21.37067920585162,0.1685263322394124,-0.22727272727272735,-1.6137606603924115,-0.07600256165898965,0.6863865163591926,0.3084202863382674,-0.2312332439678284,1.0535279805352797,-1.7561459306177358,-0.18415029746932418,0.18017534172596755,Building Products & Equipment,Industrials,PPIH
2012Q1,2012,Q1,2011-06-13,2011-04-30,-1492000.0,53401000.0,-1644000.0,-0.22,8242000.0,0.15434167899477538,171891000.0,78193000.0,105671000.0,41814000.0,93698000.0,39564000.0,26612000.0,70469400.0,102014400.0,11.406710430342816,2.527167934184723,0.2697872488961028,0.5930709910094254,-0.009314566509856556,11.406710430342816,-0.019080991904646197,1.319626973277654,-11.807875335120642,0.9012238947220338,0.0,1.1414164391871398,0.0,0.3106678069241554,1.3150141101066628,-0.008679919251153348,-8.966713322305637,0.15434167899477538,-0.03792154163799042,-8.612031629641438,-0.12342508922231046,0.8678130223137395,0.2862047440699126,-0.026841018582243633,0.4092705713259073,-4.492197891825436,-0.19868940234115323,0.2706782603607111,Building Products & Equipment,Industrials,PPIH
2011Q4,2011,Q4,2011-04-14,2011-01-31,-1453000.0,48024000.0,-2783000.0,-0.21196207148067103,6408000.0,0.13343328335832083,163275000.0,78421000.0,99068000.0,40253000.0,84854000.0,35509000.0,28104000.0,74719500.0,97275500.0,11.439970824215902,2.461133331677142,0.24053896799877508,0.5008097320870685,-0.013342695472953995,11.439970824215902,-0.01852820035449688,1.5558783108445777,-12.856073640743292,0.9527996327514313,0.0,1.171984567292799,0.0,0.2941295360587965,1.3304846843713511,-0.008899096616138417,27.35975833028195,0.13343328335832083,-1.4076193682320597,0.1589994744632429,-0.03427185913373959,0.8992293594053498,-0.5272593139063076,-1.4075736325385695,-1.922133863485752,0.6398130748274126,-0.18726196726487795,0.2988136832377606,Building Products & Equipment,Industrials,PPIH
2011Q3,2011,Q3,2010-12-10,2010-10-31,3565000.0,58837000.0,3018000.0,0.52,13555000.0,0.23038224246647518,164948000.0,79581000.0,104130000.0,41740000.0,85367000.0,37539000.0,29557000.0,59388560.0,84159560.0,11.631248173048816,2.494729276473407,0.2501940005335015,0.5185785551827697,0.026639475468869887,11.631248173048816,0.044797124941883114,1.0093743732685214,4.164695652173913,0.7462655659014087,0.0,1.2062654838967475,0.0,0.35670029342580695,1.3718255869669382,0.021612871935397824,14.043168597777253,0.23038224246647518,0.2380952380952382,2.199237532475816,0.14894296901900483,0.8666471845365032,-0.013679691479298551,0.2369882026370576,0.06831858407079645,1.852675859463998,-0.12111488442117248,0.23153303377828444,Building Products & Equipment,Industrials,PPIH
2011Q2,2011,Q2,2010-09-09,2010-07-31,2882000.0,61887000.0,2825000.0,0.42,13743000.0,0.22206602355906732,161129000.0,75119000.0,102066000.0,41040000.0,86010000.0,35405000.0,25992000.0,43085700.0,73500700.0,10.983915777160403,2.4869883040935674,0.2700755295446506,0.5793074987686204,0.028630431880393555,10.983915777160403,0.038365792941865574,0.6961995249406175,3.7374826509368493,0.5735659420386321,0.0,1.3598079367320999,0.0,0.3840835603770892,1.3343810916179337,0.017886289867125097,83.17702702702702,0.22206602355906732,6.999999999999999,2.1128377846178403,0.16797401652069513,0.8064610027446119,0.27818080357142855,6.954545454545454,18.438271604938272,0.9306439961506492,0.014926003704086605,0.19343688393142291,Building Products & Equipment,Industrials,PPIH
2011Q1,2011,Q1,2010-06-11,2010-04-30,-484000.0,49850000.0,-162000.0,-0.07,10752000.0,0.21568706118355066,156802000.0,72728000.0,96380000.0,42750000.0,84074000.0,37808000.0,23118000.0,46423230.0,75295230.0,10.637414070498757,2.254502923976608,0.24891901889006518,0.5366708832911671,-0.0012896711042616386,10.637414070498757,-0.006654933450665494,0.9312583751253761,-23.978941115702476,0.6383130293697064,0.0,1.034119763013119,0.0,0.317916863305315,1.1017543859649124,-0.00308669532276374,-16.456302729528534,0.21568706118355066,0.9173464798477773,-2.2602774618696393,0.05414593170136951,0.7653135877799071,0.7626229508196721,0.9162774606469469,0.9620431115276477,-1.445821401909535,-0.1631380215341409,0.19462575211054098,Building Products & Equipment,Industrials,PPIH
2010Q4,2010,Q4,2010-01-31,2010-01-31,-5781000.0,49110000.0,-4268000.0,-0.8469088778200996,6100000.0,0.12421095499898188,150547000.0,72562000.0,95308000.0,38282000.0,77985000.0,35349000.0,23594000.0,46962880.0,76881880.0,10.63023732786405,2.4896295909304635,0.2523198735278684,0.5234971472671647,-0.04955393061699214,10.63023732786405,-0.07966979961963562,0.9562793728364896,-2.0309150665974744,0.6472103856012789,0.0,1.2167246598206456,0.0,0.3262104193374826,1.3032495689880361,-0.03839996811626934,-358.4952671755725,0.12421095499898188,-9.469088778200994,-27.25946839290946,0.014212428549838953,0.6864920813410155,-0.5116092874299439,-9.31798561151079,-3.356709000552181,-8.351762389037146,-0.03655075329252899,0.7902375672982095,Building Products & Equipment,Industrials,PPIH
2010Q3,2010,Q3,2009-10-31,2009-10-31,695000.0,52586000.0,1811000.0,0.1,12490000.0,0.23751568858631575,163233000.0,77557000.0,106175000.0,45989000.0,85676000.0,42041000.0,29375000.0,45870720.0,75239720.0,11.361998242015822,2.3087042553654133,0.23075603585059393,0.4856686050259809,0.007380717652666206,11.361998242015822,0.008961151153345281,0.8722990910128171,16.500258992805755,0.5914452596155085,0.0,0.9537356390190528,0.0,0.32215299602408826,1.1779990867381331,0.004257717495849491,2.757316662659293,0.23751568858631575,-0.8181818181818182,-0.6870433262135337,-0.03751256867780554,0.8831013690121435,-0.1462164194408367,-0.8147160757131432,-0.3490294751976995,-0.7985753541821065,-0.3541173789745636,0.6131639192687899,Building Products & Equipment,Industrials,PPIH
2010Q2,2010,Q2,2009-07-31,2009-07-31,3751000.0,61106000.0,2782000.0,0.55,14629000.0,0.23940365921513435,173891000.0,76575000.0,119207000.0,49258000.0,97316000.0,44072000.0,28680000.0,40914000.0,85221000.0,11.229652441706994,2.420053595355069,0.28815752396616273,0.6543650016323865,0.03838452164861255,11.229652441706994,0.048984655566438134,0.6695578175629234,2.726872833910957,0.5342997061704212,0.0,1.0545697948811037,0.0,0.3514040404621286,1.1414186528076657,0.021570984122237492,16.274463007159905,0.23940365921513435,-0.37499999999999994,0.9777187682206651,0.15862985237260296,0.9932329361010395,-0.218828429540236,-0.37545787545787546,-0.5951688009313155,0.2613344710360485,-0.11195326639121893,0.7084681688180212,Building Products & Equipment,Industrials,PPIH
2010Q1,2010,Q1,2009-04-30,2009-04-30,6006000.0,67579000.0,6872000.0,0.88,18727000.0,0.2771127125290401,180288000.0,70255000.0,124377000.0,62156000.0,110033000.0,46304000.0,24929000.0,35034240.0,84882240.0,10.307365023474178,2.001045755840144,0.31256101348952786,0.8020923777667069,0.05271627439837955,10.307365023474178,0.08548857732545727,0.5184190354991935,1.4583016983016983,0.4986725499964415,0.0,1.0550276434001382,0.0,0.3748391462548811,0.9968144668254071,0.033313365282215124,3.3994022899281973,0.2771127125290401,8.252817412333737,14.182611627210068,0.5189381759201457,0.9260032134520292,0.22358706305129042,8.262394195888755,31.56872037914692,29.817326975095604,0.11565337801189939,0.6877986632652362,Building Products & Equipment,Industrials,PPIH
2009Q4,2009,Q4,2009-04-15,2009-01-31,-827000.0,82623000.0,211000.0,-0.12133215962441314,15305000.0,0.18523897704029144,181148000.0,64178000.0,128255000.0,70271000.0,116970000.0,52291000.0,18923000.0,33739200.0,85887200.0,9.415786384976526,1.825148354228629,0.3029732594342747,0.8551684377824177,0.0024549582335488206,9.415786384976526,-0.012886035713172738,0.40835118550524674,-10.199274486094318,0.5257128611050516,0.0,1.2873725880170583,0.0,0.4561077130302294,0.924606167551337,-0.004565327798264403,-14.449336188436831,0.18523897704029144,-1.1784296465064898,0.15769126985703605,1.2019517783925284,0.7245748739200857,-0.1049184162816539,-1.1764078498293515,-0.9597942073170732,0.518591183338448,0.6709959361362644,0.5631803803540093,Building Products & Equipment,Industrials,PPIH
2009Q3,2009,Q3,2008-12-10,2008-10-31,4688000.0,76817000.0,5248000.0,0.68,17099000.0,0.2225939570667951,182758000.0,65040000.0,128351000.0,60785000.0,117718000.0,59283000.0,19749000.0,48068930.0,101244930.0,9.566112663627004,2.111557127580818,0.30568292496087723,0.8589483394833949,0.04517885229983136,9.566112663627004,0.07207872078720787,0.6257590116771027,2.563402837030717,0.7390671894218942,0.0,1.0073376853398108,0.0,0.4203208614670767,0.977922184749527,0.02565140787270598,-9.103964015151515,0.2225939570667951,0.9428571428571432,27.934791997889512,0.7040027583612826,0.7753631661842358,0.11025258100123368,0.9492723492723493,0.2501191043353978,3.2336269164437144,0.5095354695581553,0.5352227899233042,Building Products & Equipment,Industrials,PPIH
2009Q2,2009,Q2,2008-09-09,2008-07-31,2405000.0,77645000.0,4198000.0,0.35,15401000.0,0.1983514714405306,171975000.0,63811000.0,116368000.0,57367000.0,108164000.0,47529000.0,15061000.0,90971660.0,137702660.0,9.39225787459523,2.0284832743563372,0.28685564762320104,0.773095547789566,0.025178862826241443,9.39225787459523,0.03768942658789237,1.1716357782213922,9.456513513513514,1.4256422873799188,0.0,1.3096004544593827,0.0,0.4514900421572903,1.0338522146878868,0.01398459078354412,-31.95351598173516,0.1983514714405306,4.833333333333333,1.889441029569062,0.6969624441301938,0.743097668216045,0.3821233061114601,4.685579196217494,2.6986784140969164,1.6148372001936022,0.47507569179862674,0.5446902473030046,Building Products & Equipment,Industrials,PPIH
2009Q1,2009,Q1,2008-05-01,2008-04-30,423000.0,65981000.0,1135000.0,0.06,11143000.0,0.16888195086464286,162525000.0,60926000.0,110872000.0,73466000.0,101599000.0,48154000.0,12657000.0,106963120.0,150786120.0,8.97686754088699,1.509160700187842,0.2817166589755422,0.7515018218822834,0.007363457069207126,8.97686754088699,0.006942848701703706,1.621120019399524,63.21697399527187,1.7556235433148408,0.0,1.138804668355692,0.0,0.40597446546685123,0.7393760378950807,0.002602676511305953,-10.520617684666076,0.16888195086464286,1.101957936905358,1.354640246441897,0.7083212561638015,0.7060172993646769,0.5964183381088826,1.1059088632949423,1.4103398409255241,0.10955518202566124,0.40553672744718194,0.4897404708139924,Building Products & Equipment,Industrials,PPIH
2008Q4,2008,Q4,2008-05-01,2008-01-31,-3994000.0,58503000.0,-2766000.0,-0.5884779725946663,6980000.0,0.1193101208485035,140412000.0,59780000.0,95947000.0,56403000.0,80632000.0,43013000.0,12234000.0,108456260.0,140031260.0,8.808015323412405,1.7010974593549988,0.24385380166937298,0.5727668116426898,-0.03455899245467173,8.808015323412405,-0.06681164268986282,1.8538580927473804,-6.788699298948423,1.8142566075610573,0.0,1.19784716248576,0.0,0.41665242286984017,0.8446536531744765,-0.028444862262484688,-19.59462691960253,0.1193101208485035,-4.269322069970368,0.75996614062228,0.4849138423154625,0.6290790403515654,-0.3767857142857143,-4.287242798353909,-3.1114503816793895,-19.24649513776337,0.21513789784992393,0.39739571536453294,Building Products & Equipment,Industrials,PPIH
2008Q3,2008,Q3,2007-12-18,2007-10-31,1215000.0,65086000.0,1310000.0,0.18,11200000.0,0.17208001720800173,145308000.0,62825000.0,102505000.0,51998000.0,82483000.0,42505000.0,16228000.0,108826726.65200001,137628726.652,9.444527961515334,1.9713258202238548,0.21655380295647866,0.5008674890569041,0.027224919229695645,9.444527961515334,0.019339434938320733,1.672045088836309,22.392330586831278,1.732220082005571,0.0,1.2677567345018232,0.0,0.4479175269083602,1.0476556790645795,0.008361549260880338,17.37335993805875,0.17208001720800173,-0.14285714285714285,2.5817224188034387,0.44926101341096675,0.192498246025819,-0.08772501425429666,-0.158004158004158,-0.47006472491909385,-0.43857760306875865,0.22243719349689312,0.5653059572070147,Building Products & Equipment,Industrials,PPIH
2008Q2,2008,Q2,2007-09-11,2007-07-31,1443000.0,58944000.0,2472000.0,0.21,12277000.0,0.20828243756786102,137679000.0,60845000.0,93922000.0,46440000.0,76834000.0,41580000.0,15012000.0,183190803.389,217847803.389,9.203600060505218,2.0224375538329027,0.2577662533865005,0.5832689621168543,0.019822495689848518,9.203600060505218,0.023715999671295916,3.107878721990364,31.737838424982673,3.010778262618128,0.0,1.1223424723424724,0.0,0.42812629377029177,1.025947459086994,0.01048090122676661,-25.074021816178483,0.20828243756786102,0.4,1.2858247215311682,0.27847093233745607,0.17127209374823366,0.13760192735359525,0.3901734104046243,0.3148936170212766,-0.21523913870003714,0.15280007416768715,0.6336141182043521,Building Products & Equipment,Industrials,PPIH
2008Q1,2008,Q1,2007-06-11,2007-04-30,1038000.0,56954000.0,1880000.0,0.15,10792000.0,0.18948625206306843,126410000.0,58208000.0,84943000.0,41434000.0,68202000.0,35370000.0,13569000.0,122111160.0,151844160.0,8.904390393146704,2.050079644736207,0.24411043430108378,0.5301333150082463,0.01538626702026549,8.904390393146704,0.017832600329851567,2.144031323524248,29.410202312138725,2.0978415338097856,0.0,1.3051173310715296,0.0,0.4505497982754529,1.0750832649514892,0.008211375682303615,-18.682858017135864,0.18948625206306843,2.6563344594594596,5.2942674581040805,0.6020329036947346,0.1573732310940128,0.3993775933609959,2.7533783783783785,2.710646041856233,3.375552210866087,0.33476147802853135,0.663847595576025,Building Products & Equipment,Industrials,PPIH
2007Q4,2007,Q4,2007-04-23,2007-01-31,-592000.0,48815000.0,-1099000.0,-0.09056141961144255,7712000.0,0.1579842261599918,121440000.0,38816000.0,80674000.0,49940000.0,82624000.0,35155000.0,13037000.0,124856700.00000001,163326700.0,5.937891999388098,1.6154185022026433,0.3214344532279315,1.0056420032976092,-0.004617178118478342,5.937891999388098,-0.015251442704039572,2.5577527399364954,-52.726646959459465,3.2166297403132735,0.0,1.1691935713269805,0.0,0.40196805006587616,0.8264116940328394,-0.004874835309617918,-34.90542353927873,0.1579842261599918,-1.1886696241905055,0.6969793967861861,0.30064755423486844,-0.23062351801963255,-0.4632143105728405,-1.2176470588235293,-1.2075542965061379,0.37130704185117036,0.35647325196055313,0.08757133260105758,Building Products & Equipment,Industrials,PPIH
2007Q3,2007,Q3,2006-12-06,2006-10-31,2720000.0,64182000.0,5295000.0,0.48,14367000.0,0.22384780779657848,116609000.0,37900000.0,77265000.0,39356000.0,78709000.0,32729000.0,13628000.0,,,,,,,,,,,,,,,,,,,,,,,,,,,,,,,Building Products & Equipment,Industrials,PPIH
2007Q2,2007,Q2,2006-09-11,2006-07-31,2314000.0,53542000.0,3614000.0,0.41,12521000.0,0.23385379701916253,109387000.0,34876000.0,70916000.0,36009000.0,74511000.0,30214000.0,10908000.0,,,,,,,,,,,,,,,,,,,,,,,,,,,,,,,Building Products & Equipment,Industrials,PPIH
2007Q1,2007,Q1,2006-06-14,2006-04-30,151000.0,46932000.0,1132000.0,0.03,9805000.0,0.20891928747975794,100271000.0,32251000.0,63172000.0,32098000.0,68020000.0,25300000.0,8594000.0,,,,,,,,,,,,,,,,,,,,,,,,,,,,,,,Building Products & Equipment,Industrials,PPIH
