Year,Date,FillingDate,NetIncome,Revenue,OperatingIncome,EPSDiluted,GrossProfit,GrossProfitRatio,TotalAssets,CommonStockEquity,CurrentAssets,CurrentLiability,TotalLiability,Inventory,RetainedEarnings,EnterpriseValue,bookValuePerShare,currentRatio,debtToAssets,debtToEquity,roic,shareholdersEquityPerShare,roe,priceToSalesRatio,peRatio,pbRatio,payoutRatio,inventoryTurnover,dividendYield,assetTurnover,quickRatio,returnOnAssets,priceToFreeCashFlowsRatio,grossProfitMargin,epsdilutedGrowth,fiveYNetIncomeGrowthPerShare,fiveYRevenueGrowthPerShare,fiveYShareholdersEquityGrowthPerShare,grossProfitGrowth,netIncomeGrowth,operatingIncomeGrowth,threeYNetIncomeGrowthPerShare,threeYRevenueGrowthPerShare,threeYShareholdersEquityGrowthPerShare,Industry,Sector,Price,MarketCap,AvgVolume,Symbol
2022,2022-12-31,2023-03-23,-65510000.0,8094000.0,-106452000.0,-7.7,8094000.0,1.0,260252000.0,211666000.0,219638000.0,22508000.0,48586000.0,0.0,-562738000.0,-81041961.18,24.8665163157951,9.758219299804514,0.10968983907904646,0.13486814131698052,-0.3017826726668478,24.8665163157951,-0.3094970377859458,5.657899532987398,-0.6990541721874522,0.216355195543923,0.0,0.0,0.0,0.031100625547546223,9.495379420650435,-0.2517175660513656,-0.4534521429420152,1.0,0.2398815399802567,0.6827272263605293,0.0,1.9016217700456528,-0.405726872246696,0.09167799007237735,-0.4733025161236748,0.8204486269191053,0.0,-0.16562226125021887,Biotechnology,Healthcare,5.26,103103890,28052,SLDB
2021,2021-12-31,2022-03-14,-72122000.0,13620000.0,-72254000.0,-10.13,13620000.0,1.0,232380000.0,208211000.0,222612000.0,23601000.0,24169000.0,6015000.0,-476757000.0,69775130.0,29.25123601718679,9.432312190161435,0.008877700318443928,0.00990821810567165,-0.33996872734172945,29.25123601718679,-0.3463889996205772,13.71865859030837,-2.5907230803360974,0.897397976091561,0.0,0.0,0.0,0.058610895946294865,8.808482691411381,-0.31036233755056375,-2.3638197229426274,1.0,0.6190297104174503,0.5592848930299837,0.0,1.324849955266686,0.0,0.2165846558260284,0.18270253150238672,0.6996116180223199,0.0,-0.4818402548626585,Biotechnology,Healthcare,5.26,103103890,28052,SLDB
2020,2020-12-31,2021-03-15,-92061000.0,0.0,-88406000.0,-26.59,0.0,0.0,171169000.0,132086000.0,158901000.0,24480000.0,39083000.0,0.0,-404569000.0,244090407.5,38.14785666322501,6.491053921568628,0.030093065917309793,0.038997319927925746,-0.6473997425077083,38.14785666322501,-0.6969777266326485,0.0,-4.276332078730407,2.980508210559787,0.0,0.0,0.0,0.0,6.321241830065359,-0.537836874667726,-6.8469061097777315,0.0,0.3796080261315912,-4.346034835324992,0.0,1.7245058476464346,0.0,0.20035959974984366,0.2590723947769825,-0.0961005694090011,0.0,2.383182815451205,Biotechnology,Healthcare,5.26,103103890,28052,SLDB
2019,2019-12-31,2020-03-12,-115128000.0,0.0,-119318000.0,-42.86,0.0,0.0,103471000.0,80048000.0,86302000.0,18276000.0,23423000.0,0.0,-316279000.0,110313296.0,29.802468547464734,4.722149266797986,0.06831865933449952,0.08830951429142514,-1.2441929621068617,29.802468547464734,-1.4382370577653407,0.0,-1.5572866374817593,2.2397473515890467,0.0,0.0,0.0,0.0,4.570146640402714,-1.1126595857776576,-1.846400098866129,0.0,-0.2706533217643965,-7.618376360370986,0.0,1.5660098528615933,0.0,-0.5391855397203134,-0.5764662359454067,-0.8643709918800796,0.0,1.3309716747966616,Biotechnology,Healthcare,5.26,103103890,28052,SLDB
2018,2018-12-31,2019-03-13,-74798000.0,0.0,-75687000.0,-33.730679537740244,0.0,0.0,139597000.0,125183000.0,128639000.0,12481000.0,14414000.0,0.0,-199056000.0,806103412.0,56.45215841580586,10.306786315199103,0.0,0.0,-0.5996672344808461,56.45215841580586,-0.5975092464631779,0.0,-11.917931121152971,7.12107404360017,0.0,0.0,0.0,0.0,9.812034292124029,-0.5358138068869674,-11.432642222307722,0.0,-0.39054958307048276,-5.782158336500499,0.0,2.0721419880960767,0.0,-0.43516635327526,-0.3797145305065899,-5.782158336500499,0.0,2.0721419880960767,Biotechnology,Healthcare,5.26,103103890,28052,SLDB
2017,2017-12-31,2018-03-29,-52118000.0,0.0,-54857000.0,-24.257085075139344,0.0,0.0,76193000.0,-59257000.0,70658000.0,11271000.0,135450000.0,0.0,-124258000.0,676929122.4,-27.579764754943756,6.269008961050483,0.0,0.0,0.9257471691108223,-27.579764754943756,0.8795247818823093,0.0,-13.987664960282437,-12.30249797323523,0.0,0.0,0.0,0.0,6.130245763463757,-0.6840260916357146,-16.022178514285713,0.0,-0.0550870613704504,-3.877321465317259,0.0,0.4762038397577291,0.0,-1.4197037931194578,-1.144862370972787,-3.877321465317259,0.0,0.4762038397577291,Biotechnology,Healthcare,5.26,103103890,28052,SLDB
2016,2016-12-31,2016-12-31,-21539000.0,0.0,-25576000.0,-22.99060045683042,0.0,0.0,40636000.0,-84360000.0,39972000.0,6873000.0,78522000.0,0.0,-84941000.0,310198937.3,-90.04537492755063,5.815800960279354,0.0,0.0,0.3031768610715979,-90.04537492755063,0.25532242769084873,0.0,-14.758203133850227,-3.7681002524893312,0.0,0.0,0.0,0.0,5.479121198894224,-0.5300472487449552,-15.497120578198128,0.0,-3.6226710386753087,-3.6226724176179084,0.0,-0.7101459005799577,0.0,-2.377607025246981,-2.8964046313223646,-3.6226724176179084,0.0,-0.7101459005799577,Biotechnology,Healthcare,5.26,103103890,28052,SLDB
2015,2015-12-31,2015-12-31,-6377000.0,0.0,-6564000.0,-4.973445063358586,0.0,0.0,55696000.0,-67513000.0,55696000.0,13924000.0,75621000.0,0.0,-67711000.0,406458853.0,-52.65362148166057,4.0,0.0,0.0,0.09722571949106099,-52.65362148166057,0.09445588257076415,0.0,-68.22233856045162,-6.444001199768933,0.0,0.0,0.0,0.0,3.9778081011203676,-0.11449655271473715,-103.48569291151284,0.0,0.0,0.0,0.0,0.0,0.0,0.0,0.0,0.0,0.0,0.0,Biotechnology,Healthcare,5.26,103103890,28052,SLDB
TTM,,,,,,,,,,,,,,,,-33778110.0,9.39239719056493,9.392598432957177,0.12094273219854697,0.15108250311501903,-0.3542619236280432,9.39239719056493,-0.3880490125727036,7.228766038000421,-1.5135696023646361,0.5600274235936166,0.0,0.0,0.0,0.062124327055421015,9.141526634800178,-0.2961914385769291,-1.0096445323593064,1.0,,,,,,,,,,,Biotechnology,Healthcare,5.26,103103890,28052,SLDB
