Quarters,Year,Quarter,FillingDate,Date,NetIncome,Revenue,OperatingIncome,EPSDiluted,GrossProfit,GrossProfitRatio,TotalAssets,CommonStockEquity,CurrentAssets,CurrentLiability,TotalLiability,Inventory,RetainedEarnings,MarketCap,EnterpriseValue,bookValuePerShare,currentRatio,debtToAssets,debtToEquity,roic,shareholdersEquityPerShare,roe,priceToSalesRatio,peRatio,pbRatio,payoutRatio,inventoryTurnover,dividendYield,assetTurnover,quickRatio,returnOnAssets,priceToFreeCashFlowsRatio,grossProfitMargin,epsdilutedGrowth,fiveYNetIncomeGrowthPerShare,fiveYRevenueGrowthPerShare,fiveYShareholdersEquityGrowthPerShare,grossProfitGrowth,netIncomeGrowth,operatingIncomeGrowth,threeYNetIncomeGrowthPerShare,threeYRevenueGrowthPerShare,threeYShareholdersEquityGrowthPerShare,Industry,Sector,Symbol
2023Q1,2023,Q1,2023-05-05,2023-03-31,-3500000.0,189000000.0,6900000.0,-0.34,52100000.0,0.2756613757,850000000.0,416900000.0,536800000.0,203600000.0,433100000.0,287600000.0,-684081000.0,259386000.0,365586000.0,40.872549019607845,2.6365422396856584,0.18,0.3669944830894699,0.054399328917264136,40.872549019607845,-0.008395298632765651,1.3724126984126983,-18.527571428571427,0.6221779803310146,0.0,0.47600834492350486,0.0,0.2223529411764706,1.0353634577603144,-0.00411764705882353,-10.718429752066116,0.27566137566137566,0.8461538461538461,-1.0662653716799197,-0.598653197386791,-0.846889244205177,0.042,0.7265625,1.9949531362653208,0.9486365728716644,-0.4358955198882742,-0.48592873273654,Oil & Gas Equipment & Services,Energy,FET
2022Q4,2022,Q4,2023-02-28,2022-12-31,-12800000.0,190700000.0,-6935000.0,-2.21,50000000.0,0.2621919245,831300000.0,307100000.0,512900000.0,210500000.0,524200000.0,269800000.0,-680595000.0,171100000.0,360000000.0,52.94827586206897,2.436579572446556,0.28858414531456755,0.7811787691305764,-0.013075175216745392,52.94827586206897,-0.04168023445131879,0.8972207656004195,-3.341796875,0.5571475089547379,0.0,0.5214974054855448,0.0,0.22939973535426442,0.9748218527315915,-0.015397570070973175,13.898139874908619,0.26219192448872575,-2.2142857142857144,-1.2381445972279712,-0.2971499867748806,-0.8010234655322188,-0.02653661195802426,-1.7768404442556291,-1.9004154764996104,0.02047690807552527,-0.0906951768463216,-0.39811573939965506,Oil & Gas Equipment & Services,Energy,FET
2022Q3,2022,Q3,2022-11-09,2022-09-30,16477000.0,181835000.0,7702000.0,1.82,51363000.0,0.2824703715,790250000.0,302605000.0,478361000.0,197077000.0,487645000.0,270626000.0,-667765000.0,122724719.99999999,378984720.0,52.371928002769124,2.4272796927089413,0.34930465042708003,0.9122056806728243,0.01172101831563234,52.371928002769124,0.05445052130665389,0.6749235295735143,1.8620610548036656,0.40556078055550965,0.0,0.4821118443904133,0.0,0.2300980702309396,0.9391506872948137,0.02085036380892123,7.12769891973516,0.28247037149063714,0.5826086956521741,1.926007103677727,-0.23743178886378238,-0.7860496797727101,0.05743931813970724,0.7786053540587219,0.28709893048128343,1.0295073022052001,-0.274621847623245,-0.40503853456033273,Oil & Gas Equipment & Services,Energy,FET
2022Q2,2022,Q2,2022-08-05,2022-06-30,9264000.0,172246000.0,5984000.0,1.15,48573000.0,0.2819978403,807492000.0,308454000.0,485186000.0,184311000.0,499038000.0,271182000.0,-684242000.0,112756140.0,385662140.0,53.672176787889335,2.6324310540336713,0.371285412115538,0.9719763724899012,0.00790679289505465,53.672176787889335,0.030033651695228463,0.6546226908026892,3.0428578367875647,0.36555252971269625,0.0,0.4560516553458563,0.0,0.21330985322455207,1.0317398310464378,0.011472559480465442,-3.971125589913362,0.2819978402981782,1.7098765432098764,1.0995670224444962,-0.283182563109395,-0.780439141541068,0.25774877650897227,2.0070659854331994,2.052409426661977,1.645539758886491,-0.32894609951203335,-0.710651059110918,Oil & Gas Equipment & Services,Energy,FET
2022Q1,2022,Q1,2022-05-06,2022-03-31,-9199000.0,155174000.0,-5686000.0,-1.62,38619000.0,0.2488754559,790929000.0,314756000.0,456269000.0,192109000.0,476173000.0,263779000.0,-693506000.0,130140699.99999999,376794700.0,55.38553580855182,2.375052704454242,0.33790137926413116,0.8490894534178856,-0.011581914424365966,55.38553580855182,-0.02922581301071306,0.8386759379793005,-3.536816501793673,0.4134653509385047,0.0,0.44186610761281225,0.0,0.19619207286621176,0.8800889078596006,-0.011630626769280176,-5.056953565183601,0.24887545593978372,0.5178571428571428,0.5077621977409014,-0.23477340662270219,-0.7846395767277325,0.2873,0.5158421052631579,0.6209333333333333,-0.12454443147224967,-0.4495659381111837,-0.7056300985386249,Oil & Gas Equipment & Services,Energy,FET
2021Q4,2021,Q4,2022-03-04,2021-12-31,-19000000.0,148000000.0,-15000000.0,-3.36,30000000.0,0.2027027027,791000000.0,329000000.0,446000000.0,175000000.0,462000000.0,241000000.0,-683656000.0,90859050.0,277759050.0,58.11694046988165,2.5485714285714285,0.29443742098609355,0.70790273556231,-0.023054894918215794,58.11694046988165,-0.057750759878419454,0.6139125,-1.1955138157894738,0.27616732522796356,0.0,0.4896265560165975,0.0,0.18710493046776233,1.0310457142857143,-0.02402022756005057,-10.01201652892562,0.20270270270270271,-0.6390243902439026,-0.2328872725857484,-0.18391120456615442,-0.7838026966770567,-0.13953821884411302,-0.6397687063087943,-1.0336225596529285,0.952070760490182,-0.47510890771792014,-0.6908331274281482,Oil & Gas Equipment & Services,Energy,FET
2021Q3,2021,Q3,2021-11-05,2021-09-30,-11587000.0,140984000.0,-7376000.0,-2.05,34865000.0,0.24729756568121206,799965000.0,346018000.0,449321000.0,165691000.0,453947000.0,233875000.0,-664712000.0,127598940.0,346118940.0,61.12312312312312,2.7118008823653668,0.3357196877363385,0.7761561537261067,-0.012225731446558688,61.12312312312312,-0.03348669722384385,0.9050597230891448,-2.7530624838180717,0.3687638793357571,0.0,0.45374238375200426,0.0,0.17623771039983,1.0899686766330097,-0.014484383691786515,-11.868564784671193,0.24729756568121206,0.47028423772609823,0.48286406434032597,-0.1813676929709051,-0.7640799443290576,0.08262948702024593,0.4686324864716133,0.23326403326403328,-2.653489527259838,-0.4916014767057167,-0.765476366738098,Oil & Gas Equipment & Services,Energy,FET
2021Q2,2021,Q2,2021-08-06,2021-06-30,-21806000.0,137420000.0,-9620000.0,-3.87,32204000.0,0.23434725658564984,804161000.0,361710000.0,426934000.0,151154000.0,442451000.0,227987000.0,-653125000.0,131488000.0,343280000.0,64.59107142857142,2.8244968707410987,0.3384309858349261,0.7524066240911227,-0.015111917517582278,64.59107142857142,-0.06028586436648144,0.9568330665114249,-1.5074750068788407,0.36351773520223385,0.0,0.4614999978068925,0.0,0.17088617826529762,1.1733331569128174,-0.02711646050977354,38.91328795501628,0.23434725658564984,0.2670454545454546,0.38119052207910537,-0.2202682068462286,-0.7548950541230046,0.22986442619820507,0.26487543404240976,0.33101529902642557,-0.3788195834070157,-0.513249789757255,-0.7524268952454835,Oil & Gas Equipment & Services,Energy,FET
2021Q1,2021,Q1,2021-05-07,2021-03-31,-29663000.0,114517000.0,-14380000.0,-5.28,26185000.0,0.2286560074050141,843959000.0,381559000.0,455591000.0,133671000.0,462400000.0,236427000.0,-631319000.0,104065020.0,313242020.0,67.97773026901835,3.408300977773788,0.36730101817742333,0.8124221942084973,-0.020819850051602327,67.97773026901835,-0.07774158124955774,0.9087298828994822,-0.8770608165054108,0.27273637890863534,0.0,0.3736121508964712,0.0,0.13569024087663026,1.495754501724383,-0.03514744199658988,-60.257683844817606,0.2286560074050141,0.09743589743589734,-0.04228960859234106,-0.42098009459118974,-0.7522306311148618,1.4428902457588417,0.09287461773700306,0.861925931615889,-2.0205605937971995,-0.5580907470964137,-0.7453517847953911,Oil & Gas Equipment & Services,Energy,FET
2020Q4,2020,Q4,2021-03-02,2020-12-31,-32700000.0,112963000.0,-104147000.0,-5.85,-59123000.0,-0.5233837628249958,889926000.0,406236000.0,490191000.0,124934000.0,483690000.0,251747000.0,-601656000.0,66640000.0,232718000.0,72.54214285714286,3.9235996606208077,0.33114551097506983,0.7254280762906291,-0.14355268774892746,72.54214285714286,-0.08049508167666086,0.5899276754335491,-0.5094801223241591,0.16404257623647336,0.0,0.6835672321815156,0.0,0.12693527326991233,1.7563353450621928,-0.03674462820504177,31.673003802281368,-0.5233837628249958,-0.5394736842105263,0.8390457185814082,-0.5361892095327435,-0.7397296269862736,-5.50976353928299,-0.5173309823210059,-1.8112127837611682,-1.6301130623640763,-0.5687906705980736,-0.727390855441974,Oil & Gas Equipment & Services,Energy,FET
2020Q3,2020,Q3,2020-11-06,2020-09-30,-21551000.0,103606000.0,-37047000.0,-3.8,13110000.0,0.1265370731424821,924021000.0,427282000.0,505474000.0,137159000.0,496739000.0,364655000.0,-568956000.0,61324200.0,332618200.0,76.57383512544803,3.685314124483264,0.31526772659928726,0.6817839272424301,-0.05083292408653877,76.57383512544803,-0.050437416039056174,0.5918981526166438,-0.7113846225233168,0.14352160867998184,0.0,0.24816881710109556,0.0,0.11212515732867544,0.7858616641999431,-0.023323063003979346,19.480368487928843,0.1265370731424821,-2.8,-3.5891591728537295,-0.6585777441640606,-0.7588492891695304,0.016121531545496823,-2.9226428831452496,-0.057820798355319517,-0.2541426638356379,-0.5500860473712653,-0.6871798085177414,Oil & Gas Equipment & Services,Energy,FET
2020Q2,2020,Q2,2020-08-07,2020-06-30,-5494000.0,113275000.0,-35022000.0,-1.0,12902000.0,0.11389980136835136,1066858000.0,440981000.0,629787000.0,148237000.0,625877000.0,377562000.0,-547405000.0,58930679.0,363014679.0,79.03593511963437,4.248514203606387,0.3878323075798279,0.9382762522648368,-0.03617241975011736,79.03593511963437,-0.012458586651125559,0.5202443522401236,-2.6815926010192936,0.13363541513126415,0.0,0.26584507974849164,0.0,0.10617626713208318,1.3844586709121205,-0.005149701272334275,-13.95139180871212,0.11389980136835136,0.8484848484848485,-1.498219004690191,-0.6794966061655836,-0.7526684216008097,-0.4159348121321865,0.852089166487185,0.36791380150522496,0.9391792818766739,-0.5144439139733971,-0.6766816849528827,Oil & Gas Equipment & Services,Energy,FET
2020Q1,2020,Q1,2020-05-08,2020-03-31,-37144000.0,182632000.0,-55407000.0,-6.6,22090000.0,0.12095361163432476,1145492000.0,442062000.0,696259000.0,185209000.0,703430000.0,392944000.0,-541911000.0,19715760.0,356723760.0,79.50755395683453,3.7593151520714434,0.3893148097062223,1.0088109812650714,-0.04277237674001254,79.50755395683453,-0.08402441286516371,0.10795348022252398,-0.1326981477493,0.044599535811718716,0.0,0.4085620342847836,0.0,0.15943542163541954,1.394673045046407,-0.03242624130068128,32.37399014778325,0.12095361163432476,-1.9999999999999996,-2.042674928137847,-0.5777243001517153,-0.744420872399585,-0.5485571813945884,-1.9839331619537275,-6.0852941176470585,-1.0315423460318502,-0.07944267394332534,-0.6908438236893851,Oil & Gas Equipment & Services,Energy,FET
2019Q4,2019,Q4,2020-02-25,2019-12-31,-12448000.0,199777000.0,-7820000.0,-2.2,48932000.0,0.24493310040695376,1159997000.0,486039000.0,665917000.0,196850000.0,673958000.0,414640000.0,-503369000.0,185640000.0,527308000.0,87.97085972850678,3.3828651257302513,0.3444655460315846,0.82211304031158,-0.004952104738516164,87.97085972850678,-0.025611113511467186,0.9292360982495482,-3.728309768637532,0.3819446587619513,0.0,0.363797511093961,0.0,0.17222199712585465,1.1046837693675386,-0.010731062235505781,7.140549273021001,0.24493310040695376,0.9772256728778468,-1.2258555847601629,-0.619189139627848,-0.7087299786250237,-0.21876297218762972,0.9766448337389092,0.9853382055988555,0.17238144192290147,0.12870918582191263,-0.6727449433756676,Oil & Gas Equipment & Services,Energy,FET
2019Q3,2019,Q3,2019-10-30,2019-09-30,-532987000.0,239266000.0,-533359000.0,-96.6,62634000.0,0.2617755970342631,1199152000.0,485462000.0,692505000.0,224089000.0,713690000.0,443432000.0,-490921000.0,170965000.0,543093000.0,88.02574796010879,3.09031233126124,0.3344238261704938,0.8260687757229196,-0.5649158218714654,88.02574796010879,-1.097896436796289,0.7145394665351533,-0.08019191837699606,0.35216968578385127,0.0,0.39832939436035286,0.0,0.19952933406273768,0.969570126155233,-0.4444699254139592,5.4221242586660745,0.2617755970342631,-39.25,-9.632487998755947,-0.5683028939882667,-0.720174615356792,-0.008767487497626132,-37.807849133537204,-725.6725543478261,-23.41731834005338,0.42609244464368295,-0.6602425023768302,Oil & Gas Equipment & Services,Energy,FET
2019Q2,2019,Q2,2019-07-31,2019-06-30,-13734000.0,245648000.0,736000.0,-2.4,63188000.0,0.2572298573568684,1821711000.0,1020211000.0,727882000.0,224296000.0,801500000.0,469073000.0,42066000.0,365200000.00000006,806986000.0,185.49290909090908,3.245184934194101,0.2630225101566604,0.4696587274593197,0.0012189942267078985,185.49290909090908,-0.013461921112397338,1.4866801276623465,-6.647735546818116,0.3579651660293802,0.0,0.3889799668708282,0.0,0.13484465977314733,1.0133439740343118,-0.007539066295367377,21.093975625252703,0.2572298573568684,-0.7142857142857143,-1.2925340546807071,-0.5171583179953425,-0.40342015480006566,-0.09857627892379241,-0.7411257606490872,-0.8287177100302536,0.6031710665897861,0.4191681916592407,-0.2961065912403729,Oil & Gas Equipment & Services,Energy,FET
2019Q1,2019,Q1,2019-05-01,2019-03-31,-7888000.0,271842000.0,4297000.0,-1.4,70098000.0,0.25786302337387157,1850170000.0,1031059000.0,742820000.0,233700000.0,819111000.0,471641000.0,55800000.0,585264000.0,1043594000.0,188.14945255474453,3.1785194694052206,0.26377251820103015,0.4733230591071898,0.0034929376853770097,188.14945255474453,-0.007650386641307626,2.1529564967885757,-18.54918864097363,0.5676338599439993,0.0,0.4277490718576205,0.0,0.1469281201186918,1.0373684210526315,-0.004263392012625867,41.21577464788732,0.25786302337387157,0.9800074529046783,-1.1814538995046568,-0.4344761543408068,-0.3707229920372626,0.6739820895522388,0.979444576187709,1.0112774456336313,0.7161069753635716,0.40784412301427014,-0.31422142323542906,Oil & Gas Equipment & Services,Energy,FET
2018Q4,2018,Q4,2019-02-28,2018-12-31,-383743000.0,272948000.0,-381026000.0,-70.02609489051095,41875000.0,0.15341750076937732,1829652000.0,1030126000.0,766017000.0,236930000.0,799526000.0,479023000.0,63688000.0,452647999.99999994,924118000.0,187.97919708029198,3.2330941628329044,0.28350254583931805,0.5035413143634856,-0.24390526164522175,187.97919708029198,-0.37252044895478803,1.6583671615106172,-0.29489006965599374,0.43941032456223794,0.0,0.4823839356356584,0.0,0.14918028127753255,1.1113704469674588,-0.20973551254555511,20.058849596738455,0.15341750076937732,-115.7101581508516,-10.336407162071946,-0.41745808846971233,-0.34931337683945674,-0.43822862585691097,-124.65258677144728,-157.41461412151068,-0.9302017978120166,0.14522815261349659,-0.325558719167462,Oil & Gas Equipment & Services,Energy,FET
2018Q3,2018,Q3,2018-10-31,2018-09-30,-3054000.0,267037000.0,2436000.0,-0.6,74541000.0,0.27914109280736377,2169508000.0,1420751000.0,785280000.0,226220000.0,748757000.0,503452000.0,447431000.0,1154582586.6000001,1594559586.6000001,260.6267107198722,3.471311113075767,0.21521792037641715,0.32864097931305347,0.000946931638221264,260.6267107198722,-0.0021495673766902153,4.323680188887683,-94.51396419449902,0.8126565362966487,0.0,0.38235224013411406,0.0,0.1230864324999032,1.1224162319865618,-0.0014076924353355691,-266.9555113526012,0.27914109280736377,0.7857142857142857,-1.0772539290938368,-0.426266469352791,-0.07198610937678683,0.02576064071337159,0.8010293830216952,1.208169543667749,-1.375573989618022,-0.09923083210738781,-0.17921942333776236,Oil & Gas Equipment & Services,Energy,FET
2018Q2,2018,Q2,2018-08-01,2018-06-30,-15349000.0,274003000.0,-11702000.0,-2.8,72669000.0,0.2652124246814816,2157330000.0,1417975000.0,765455000.0,229390000.0,739355000.0,486200000.0,450485000.0,1342445000.0,1770272000.0,260.89696412143513,3.3369152970922884,0.21643976582164065,0.32929494525643965,-0.006953998535033919,260.89696412143513,-0.01082459140675964,4.899380663715361,-21.865349534171607,0.9467338986935595,0.0,0.41409707939119705,0.0,0.12701023950902274,1.1391691006582676,-0.0071148132181910045,-86.74927302100161,0.2652124246814816,-1.56,-1.4294818948911217,-0.3764766459414064,-0.024062821759748467,0.07998573275669892,-1.546889474809378,-0.7450044736057262,-2.42891848445963,-0.20411629474732765,-0.18356051790824937,Oil & Gas Equipment & Services,Energy,FET
2018Q1,2018,Q1,2018-05-02,2018-03-31,28066000.0,250231000.0,-6706000.0,5.0,67287000.0,0.26889953682797096,2182505000.0,1446856000.0,753964000.0,217216000.0,735649000.0,468896000.0,465834000.0,1192400000.0,1607770000.0,266.94760147601477,3.4710334413671187,0.2097177326054236,0.31634799869510166,-0.006517657737220157,266.94760147601477,0.019397922115262336,4.765196958010798,10.621392432124278,0.8241317726159341,0.0,0.390159011806456,0.0,0.11465311648770564,1.1610792943429582,0.012859535258796658,-48.86484714367675,0.26889953682797096,-0.46808510638297873,-0.2826029316961924,-0.45229408329488213,0.0032121119352278614,0.2696858194169261,-0.4280299170555748,0.7525917727356576,-0.19180476420417103,-0.40647935258051554,-0.1418898997030668,Oil & Gas Equipment & Services,Energy,FET
2017Q4,2017,Q4,2018-02-27,2017-12-31,49069000.0,247700000.0,-27105000.0,9.4,52995000.0,0.21394832458619298,2195228000.0,1409016000.0,790381000.0,216305000.0,786212000.0,443177000.0,438774000.0,1646745000.0,2039435000.0,266.10311614730875,3.6540116964471463,0.23136822234410276,0.3604685823297961,-0.008157890268777758,266.10311614730875,0.03482501263292965,6.64814291481631,8.389945790621368,1.1687198725919365,0.0,0.43933913537931796,0.0,0.11283565989500863,1.523709576755045,0.022352575677788367,-54.88601139886011,0.21394832458619298,4.133333333333334,0.6671385734359778,-0.3900388633050631,-0.013687876234498906,0.11430013246704093,4.309212301052064,-0.9473381708456067,-0.07102338962195585,-0.5073299487371709,-0.11893710522578722,Oil & Gas Equipment & Services,Energy,FET
2017Q3,2017,Q3,2017-11-01,2017-09-30,-14828000.0,198709000.0,-13919000.0,-3.0,47559000.0,0.23933993930823466,1814855000.0,1178642000.0,743843000.0,199035000.0,636213000.0,394103000.0,389705000.0,1531170000.0,1774056000.0,244.78546209761163,3.7372472178260105,0.22000545498125196,0.3387610487323547,-0.005776081418384929,244.78546209761163,-0.012580580023450716,7.705589580743701,-25.815517939034258,1.2990967571153922,0.0,0.38352917892023153,0.0,0.10949028985786743,1.617981762001658,-0.008170349697358742,-53.76676732916638,0.23933993930823466,0.8148148148148148,-1.3198215710385248,-0.4956618657982894,-0.07817689535671878,-0.03443305248198152,0.8095874051340002,0.8259167542148181,-1.2750750303646756,-0.5893565394253678,-0.2218505644783509,Oil & Gas Equipment & Services,Energy,FET
2017Q2,2017,Q2,2017-08-01,2017-06-30,-77873000.0,201115000.0,-79956000.0,-16.2,49255000.0,0.24490962881933223,1795844000.0,1175816000.0,767134000.0,181750000.0,620028000.0,364783000.0,404533000.0,1500720000.0,1679483000.0,244.45239085239086,4.220819807427786,0.22230939881192352,0.3395369683692006,-0.04444594269939179,244.45239085239086,-0.06622889975982636,7.46199935360366,-4.817844439022512,1.276322145641835,0.0,0.4163022947889567,0.0,0.11198912600426318,2.0639449793672626,-0.043362897890908116,146.94213257612847,0.24490962881933223,-4.0625,-2.513540733828692,-0.5382653580773722,-0.05084447484802171,0.26362913363606044,-3.938673262303399,-2.8785350472956583,-2.896635637868369,-0.5479842183626399,-0.21379544798663944,Oil & Gas Equipment & Services,Energy,FET
2017Q1,2017,Q1,2017-05-02,2017-03-31,-15768000.0,171096000.0,-20615000.0,-3.2,38979000.0,0.22781946977135642,1842971000.0,1233159000.0,749492000.0,162792000.0,609812000.0,352041000.0,482406000.0,1985130000.0,2179396000.0,257.17601668404586,4.6039854538306555,0.21659592039158512,0.32370521562912813,-0.006928635565304176,257.17601668404586,-0.012786672278270685,11.602433721419555,-31.474029680365295,1.609792411197583,0.0,0.3752886737624311,0.0,0.09283705495094606,2.28874883286648,-0.0085557504703004,-107.4553426437155,0.22781946977135642,-0.142857142857143,-1.2630306872532262,-0.6664327943612393,0.22594824338214095,0.27328259236272173,-0.2605324166600048,0.1700551551994847,-1.4145414499260254,-0.5932138399851791,-0.1398595525988925,Oil & Gas Equipment & Services,Energy,FET
2016Q4,2016,Q4,2017-02-28,2016-12-31,-12509000.0,147203000.0,-24839000.0,-2.8,30613000.0,0.20796451159283438,1835192000.0,1235202000.0,749716000.0,141845000.0,599431000.0,338583000.0,498174000.0,2021800000.0,2184249000.0,268.8143634385201,5.285459480418767,0.2162558467996809,0.32130048364558994,-0.007557062825609965,268.8143634385201,-0.010127088524791897,13.73477442715162,-40.4069070269406,1.636817297899453,0.0,0.3443468809715786,0.0,0.08021122585538734,2.6908949910113154,-0.0068161805413275555,118.01307494746673,0.20796451159283438,0.30000000000000004,-1.2902355420810576,-0.6781648869149866,0.38936824064070036,0.04538314437918317,0.3046306075935294,0.05274197238959652,-1.362958483701114,-0.6253213351855043,-0.06950389660324877,Oil & Gas Equipment & Services,Energy,FET
2016Q3,2016,Q3,2016-11-02,2016-09-30,-17989000.0,138268000.0,-26222000.0,-4.0,29284000.0,0.21179159313796395,1770385000.0,1177537000.0,660749000.0,126363000.0,592295000.0,355232000.0,510683000.0,1805274000.0,2069276000.0,259.0840484048405,5.228975253832213,0.22398291896960265,0.3367503526428469,-0.010054104960165575,259.0840484048405,-0.015276802342516625,13.056339861717824,-25.088581911167935,1.5330932276438023,0.0,0.30679668498333484,0.0,0.07810052615673992,2.1833210670845107,-0.010161066660641612,-440.84835164835164,0.21179159313796395,0.3548387096774194,-1.3770442869406625,-0.6890052524197376,0.4143735410981589,4.545161901155084,0.3696253986053194,0.5041037860736034,-1.545787676742992,-0.6436919515135997,-0.07747906922321315,Oil & Gas Equipment & Services,Energy,FET
2016Q2,2016,Q2,2016-08-02,2016-06-30,-28537000.0,142723000.0,-52878000.0,-6.2,5281000.0,0.03700174463821528,1773186000.0,1195082000.0,640514000.0,131701000.0,577578000.0,375035000.0,528672000.0,1570017000.0,1829166000.0,263.5241455347299,4.863395114691612,0.22354000087977235,0.3316743118882219,-0.019074102985307657,263.5241455347299,-0.023878696189884877,11.000448421067382,-13.754222588218802,1.3137316100485155,0.0,0.36647779540576214,0.0,0.08048958202918363,1.8338888846705796,-0.01609363033545268,127.83072789447972,0.03700174463821528,-0.24000000000000005,-2.36241440335343,-0.6365101600149694,0.37072236120915014,-0.8471800214138959,-0.24382164494617095,-1.1140207092311998,-1.956963441129344,-0.610763436422518,-0.014235325208187556,Oil & Gas Equipment & Services,Energy,FET
2016Q1,2016,Q1,2016-05-03,2016-03-31,-22943000.0,159441000.0,-25013000.0,-5.0,34557000.0,0.21673848006472612,1854569000.0,1241474000.0,698255000.0,144705000.0,612605000.0,416105000.0,557209000.0,1194600000.0,1458875000.0,274.3588950276243,4.825368853875125,0.21366258144075523,0.31917865376157695,-0.010508033679883462,274.3588950276243,-0.01848045146334116,7.492426665663161,-13.01704223510439,0.9622432688884341,0.0,0.30012617007726416,0.0,0.08597199672808076,1.7643066929269895,-0.01237106842614106,52.87010400531091,0.21673848006472612,0.861878453038674,-2.195361997937278,-0.4939696473798781,0.0,10.891603578802478,0.8597778986548017,0.867365552055826,-1.7024412140166125,-0.5819896514764107,0.03106439236394041,Oil & Gas Equipment & Services,Energy,FET
2015Q4,2015,Q4,2016-02-29,2015-12-31,-163619000.0,196148000.0,-188586000.0,-36.2,2906000.0,0.01481534351612048,1886042000.0,1257020000.0,717812000.0,151553000.0,628625000.0,424121000.0,580152000.0,1123892000.0,1410912000.0,278.7184035476718,4.736376053261895,0.21010613761517505,0.31524478528583477,-0.09720333738887087,278.7184035476718,-0.13016419786479133,5.729816261190529,-1.7172394404072875,0.894092377209591,0.0,0.45562940764545967,0.0,0.10399980488239392,1.714614689250625,-0.08675257496916823,33.09263294270067,0.01481534351612048,-26.85714285714286,-10.735313423724097,-0.37085073050706696,0.757254745353995,-0.9558103464006569,-25.348065476190477,-16.466743213319116,-7.526609808912358,-0.4329132954184065,0.03307073030837338,Oil & Gas Equipment & Services,Energy,FET
2015Q3,2015,Q3,2015-10-30,2015-09-30,6720000.0,244993000.0,12193000.0,1.4,65762000.0,0.26842399578763476,2141386000.0,1430496000.0,816791000.0,190273000.0,710443000.0,504756000.0,743771000.0,1100121000.0,1426827000.0,317.53518312985574,4.292732021884345,0.18814496779188805,0.2816442688410174,0.005840297772958952,317.53518312985574,0.004697671297228374,4.4904180935781834,40.92712053571429,0.7690486376753237,0.0,0.3550844368368083,0.0,0.11440861199241986,1.3255953288170155,0.0031381544476334487,20.57993489973062,0.26842399578763476,-0.30000000000000004,1.6025593763159525,-0.19279295604082725,0.0,-0.22526300908309085,-0.2427315753887762,-0.4565914965683216,-0.8450841179407806,-0.33540137017568306,0.19578697949600354,Oil & Gas Equipment & Services,Energy,FET
2015Q2,2015,Q2,2015-07-31,2015-06-30,8874000.0,284415000.0,22438000.0,2.0,84883000.0,0.29844769087425066,2209373000.0,1434800000.0,861621000.0,216162000.0,774062000.0,522817000.0,737051000.0,1821144000.0,2201599000.0,319.554565701559,3.985996613650873,0.19838026444606682,0.305475327571787,0.009854742128732753,319.554565701559,0.006184834123222749,6.403122198196297,51.30561189993239,1.2692667967661,0.0,0.38164788061597077,0.0,0.12873109248642037,1.2688631674392354,0.004016524145085507,-2112.6960556844547,0.29844769087425066,-0.6774193548387097,-0.572091133055253,-0.26838642011910946,0.6621649145082937,-0.22215603980719537,-0.6904994419642857,-0.44228474845893817,-0.8152325915435327,-0.3004814618884348,0.24076095376102596,Oil & Gas Equipment & Services,Energy,FET
2015Q1,2015,Q1,2015-05-01,2015-03-31,28672000.0,348096000.0,40232000.0,6.2,109126000.0,0.3134939786725501,2268997000.0,1392118000.0,930689000.0,292860000.0,876357000.0,521212000.0,728177000.0,1754200000.0,2138902000.0,311.0878212290503,3.17793143481527,0.20651988521800602,0.33660436830785895,0.01578145018995005,311.0878212290503,0.020595955227933265,5.039414414414415,15.29541015625,1.260094331084003,0.0,0.4584890601137349,0.0,0.15341404153465166,1.2150618042750803,0.012636420409546597,47.326390762423785,0.3134939786725501,-0.3673469387755102,0.5105418836332134,0.11712336295614935,0.0,-0.22869885427931272,-0.3778722850261462,-0.379183704961037,-0.4875123923665074,-0.27282641413337794,0.4829437553730911,Oil & Gas Equipment & Services,Energy,FET
2014Q4,2014,Q4,2015-02-27,2014-12-31,46087000.0,438678000.0,64805000.0,9.8,141483000.0,0.32252130264111717,2221628000.0,1395356000.0,895159000.0,282191000.0,825707000.0,461515000.0,699505000.0,1915452000.0,2267723000.0,302.0251082251082,3.172174165724633,0.19303411732297215,0.30734092231659876,0.026478212254737288,302.0251082251082,0.03302884711858479,4.366419104673588,10.390413782628507,1.3727335533010931,0.0,0.6439552343910816,0.0,0.19745790024252485,1.3404750683048006,0.0207446971320131,25.08679423205375,0.32252130264111717,-0.09259259259259259,1.6768818879350764,0.37356821828263015,0.9041981006247001,-0.06942343361528039,-0.117546815762264,-0.1477511835875855,0.06353057904201975,-0.04609272933001325,0.5610181237209334,Oil & Gas Equipment & Services,Energy,FET
2014Q3,2014,Q3,2014-10-31,2014-09-30,52226000.0,468822000.0,76040000.0,10.8,152038000.0,0.3242979211726412,2294127000.0,1467487000.0,937782000.0,292237000.0,826071000.0,454470000.0,653418000.0,2855913000.0,3203144000.0,314.5738478027867,3.208977644856743,0.18364937948073493,0.2870996472200435,0.0285841039787176,314.5738478027867,0.03558873093935415,6.091678718148892,13.670934974916708,1.9461249060468682,0.0,0.6970405087244482,0.0,0.20435747454260378,1.42408045524694,0.022765086675672272,51.49871970571264,0.3242979211726412,0.31707317073170754,5.522311644260182,0.49170311884225454,0.0,0.10178052509909923,0.3214412226101918,0.1555528539298523,0.06648400598475798,0.027357500599105567,0.7172995782375159,Oil & Gas Equipment & Services,Energy,FET
2014Q2,2014,Q2,2014-08-01,2014-06-30,39522000.0,428279000.0,65804000.0,8.2,137993000.0,0.3222035168663418,2235344000.0,1439593000.0,849952000.0,240489000.0,795152000.0,458004000.0,601192000.0,3373418000.0,3778340000.0,310.92721382289415,3.5342656005056363,0.19574794751948693,0.3039497969217689,0.025226303380336483,310.92721382289415,0.02745359278629446,7.876683190163422,21.33886189970143,2.343313700469508,0.0,0.6338066916446145,0.0,0.1915942244236234,1.4300113518705637,0.017680500182522242,103.59984030464959,0.3222035168663418,0.07894736842105259,0.8481453557109928,0.06836927739201827,0.6172896940076844,0.07859275586612266,0.08190528332877087,0.07191842186710974,0.8481453557109928,0.06836927739201827,0.6172896940076844,Oil & Gas Equipment & Services,Energy,FET
2014Q1,2014,Q1,2014-04-29,2014-03-31,36530000.0,403938000.0,61389000.0,7.6,127938000.0,0.31672682441364763,2210717000.0,1376863000.0,857541000.0,249169000.0,833270000.0,439838000.0,561670000.0,2853258000.0,3263909000.0,298.99305103148754,3.441603891334797,0.21604076867369273,0.3468791012613455,0.02316760979695855,298.99305103148754,0.02653132519357409,7.063603820388278,19.526813577881196,2.0722889641162556,0.0,0.6275037627490121,0.0,0.1827180955319021,1.486681730070755,0.016524050794380286,55.07901086809644,0.31672682441364763,0.01328932511074437,0.8701991748661697,0.25973796413954325,0.0,0.05939634827971681,0.057644981035930395,0.07201606565965249,0.8701991748661697,0.25973796413954325,0.0,Oil & Gas Equipment & Services,Energy,FET
2013Q4,2013,Q4,2014-02-28,2013-12-31,34539000.0,393733000.0,57265000.0,7.5003257328990225,120765000.0,0.3067180043328855,2168869000.0,1330355000.0,809468000.0,219983000.0,837903000.0,441049000.0,525140000.0,2602746000.0,3076239000.0,288.8935939196526,3.679684339244396,0.2365633885679587,0.3856677353037347,0.022057034022573772,288.8935939196526,0.025962243160660124,6.610433974292223,18.839181794493182,1.9564296747860535,0.0,0.6189062893238619,0.0,0.18153839627935112,1.426773887073092,0.01592488988500458,82.05378310214375,0.3067180043328855,0.07147510469986036,1.0126713784583454,0.23685427839308557,0.8214069553927025,-0.03519984660983774,0.042183398207658186,0.023722692981515248,1.0126713784583454,0.23685427839308557,0.8214069553927025,Oil & Gas Equipment & Services,Energy,FET
2013Q3,2013,Q3,2013-11-04,2013-09-30,33141000.0,390192000.0,55938000.0,7.0,125171000.0,0.32079335301595113,2168284000.0,1283455000.0,814195000.0,270614000.0,884196000.0,454738000.0,490601000.0,2468714000.0,2971613000.0,280.84354485776805,3.0086950416460345,0.24494023845584803,0.41380492498763105,0.02171497134509849,280.84354485776805,0.025821707812116512,6.326921105507032,18.62280860565463,1.9234908898247312,0.0,0.5827993262054194,0.0,0.17995428643111328,1.0973674680541288,0.015284436909556129,41.13152282572476,0.32079335301595113,0.09374999999999994,3.9293737108160056,0.2673256459038305,0.0,0.09335883930365207,0.10769076506567733,0.18668590097161525,3.9293737108160056,0.2673256459038305,0.0,Oil & Gas Equipment & Services,Energy,FET
2013Q2,2013,Q2,2013-08-02,2013-06-30,29919000.0,367887000.0,47138000.0,6.4,114483000.0,0.3111906645247046,2037220000.0,1216350000.0,934612000.0,261624000.0,820269000.0,425085000.0,457460000.0,2758210000.0,3089275000.0,267.3296703296703,3.5723481026205546,0.2604259726490021,0.4361779093188638,0.01878481400212949,267.3296703296703,0.0245973609569614,7.497438072016679,23.047311073231057,2.2676121182225515,0.0,0.5961254807861956,0.0,0.18058285310373942,1.7672231905329787,0.014686190004025093,67.26685201443762,0.3111906645247046,-0.05882352941176463,0.4236849024719274,-0.06614672413046885,0.39051682035434926,-0.0028134418061773773,-0.06327489041953663,-0.042163655944567495,0.4236849024719274,-0.06614672413046885,0.39051682035434926,Oil & Gas Equipment & Services,Energy,FET
2013Q1,2013,Q1,2013-05-03,2013-03-31,31940000.0,372999000.0,49213000.0,6.8,114806000.0,0.30779170989734556,1871535000.0,1177461000.0,772395000.0,274528000.0,693453000.0,428313000.0,427541000.0,2424015000.0,2785664000.0,266.0928813559322,2.8135381454715,0.20763384067089313,0.33002706671388693,0.021211107484468344,266.0928813559322,0.02712616383897216,6.4987171547376805,18.973191922354413,2.0586796505361957,0.0,0.6028138300728673,0.0,0.19930110844841267,1.0893897890196993,0.017066205013531673,131.8402588926357,0.30779170989734556,0.3076923076923076,0.7017253174854395,0.21056895937485492,0.0,0.17969954170862534,0.3347262849979106,0.2976400791034937,0.7017253174854395,0.21056895937485492,0.0,Oil & Gas Equipment & Services,Energy,FET
2012Q4,2012,Q4,2013-03-05,2012-12-31,23930000.0,330165000.0,37925000.0,5.2,97318000.0,0.2947556524767919,1892980000.0,1161472000.0,774877000.0,280875000.0,730825000.0,455129000.0,395601000.0,2130975000.0,2510617000.0,269.7960511033682,2.7587966177125054,0.2222448203361895,0.3622170831496584,0.0168907935549108,269.7960511033682,0.02060316563808684,6.454272863568216,22.262588800668617,1.8347192183711702,0.0,0.5116065994476291,0.0,0.1744154719014464,0.9846408544726302,0.012641443649695189,41.6189797273544,0.2947556524767919,-0.4090909090909091,0.4916340502583929,0.10944105091853706,0.7010013872229749,-0.16460933610314693,-0.4152432617354544,-0.39709716393234135,0.4916340502583929,0.10944105091853706,0.7010013872229749,Oil & Gas Equipment & Services,Energy,FET
2012Q3,2012,Q3,2012-11-06,2012-09-30,40923000.0,347767000.0,62904000.0,8.8,116494000.0,0.3349771542440772,1722984000.0,1128566000.0,736218000.0,257011000.0,593732000.0,423567000.0,371671000.0,2016200000.0,2315897000.0,265.5449411764706,2.864538871877079,0.18434820056367326,0.2814447715064958,0.030417183948242586,265.5449411764706,0.03626106049624036,5.797559860481299,12.317034430515847,1.786514922476842,0.0,0.5460127913647663,0.0,0.20183994744002265,1.0376248487418827,0.02375123622738226,54.5449626663781,0.3349771542440772,-0.1020408163265306,4.889590714047082,0.21457825480704584,0.0,-0.0513672415758701,-0.07248249133065887,-0.09928692116039978,4.889590714047082,0.21457825480704584,0.0,Oil & Gas Equipment & Services,Energy,FET
2012Q2,2012,Q2,2012-08-06,2012-06-30,44121000.0,373512000.0,69838000.0,9.8,122802000.0,0.3287765854912292,1706495000.0,1062318000.0,721135000.0,255909000.0,643502000.0,402625000.0,330748000.0,1624326550.0,1976093550.0,257.54724528759317,2.8179352816821606,0.2148081301146502,0.3450652252903556,0.03274560120828993,257.54724528759317,0.04153276137653697,4.348793479192101,9.20381762652705,1.5290398449428515,0.0,0.6226886060229743,0.0,0.21887670341841026,1.044668221907006,0.025854749061673194,-186.70420114942527,0.3287765854912292,-0.14035087719298242,1.3159326123555262,0.04588161717053248,0.3396334801396655,-0.028795583780834053,0.038581046090108755,-0.005340891287938131,1.3159326123555262,0.04588161717053248,0.3396334801396655,Oil & Gas Equipment & Services,Energy,FET
2012Q1,2012,Q1,2012-03-31,2012-03-31,42482000.0,363489000.0,70213000.0,11.4,126443000.0,0.3478592199488843,1667242000.0,712823000.0,667302000.0,269939000.0,953716000.0,361111000.0,286627000.0,1478130000.0,2117614000.0,209.7772218952325,2.472047388484065,0.39305031902987086,0.9193165764853266,0.03387908251432065,209.7772218952325,0.05959684241389517,4.066505451334153,8.698566451673651,2.0736283761887595,0.0,0.6564352789031628,0.0,0.21801814013802434,0.9763835533213059,0.025480404164482422,171.57632037144515,0.3478592199488843,0.21539758580478435,1.9474700678293924,0.5362540453457171,0.0,0.11030812866061941,0.3389013205584796,0.3883495145631068,1.9474700678293924,0.5362540453457171,0.0,Oil & Gas Equipment & Services,Energy,FET
2011Q4,2011,Q4,2011-12-31,2011-12-31,31729000.0,336719000.0,50573000.0,9.379646737122163,113881000.0,0.33820782314036335,1607315000.0,654493000.0,618586000.0,254652000.0,952183000.0,324638000.0,244145000.0,1471496250.0,2116503250.0,193.47956544231764,2.4291425160611344,0.4140787586751819,1.016901632255807,0.026616692097941957,193.47956544231764,0.04847874614396182,4.370101627766773,11.594253285637745,2.2482994470529096,0.0,0.6864199508375483,0.0,0.20949160556580385,0.978723905565242,0.019740374475445074,153.07357224591698,0.33820782314036335,-0.022953464883107937,1.5169768887569652,0.43993893381050564,0.21984368514937092,0.011457398903997655,-0.1064770487186708,-0.1699410770266056,1.5169768887569652,0.43993893381050564,0.21984368514937092,Oil & Gas Equipment & Services,Energy,FET
2011Q3,2011,Q3,2011-09-30,2011-09-30,35510000.0,330906000.0,60927000.0,9.6,112591000.0,0.34025070563845927,1564106000.0,619650000.0,584951000.0,235351000.0,943801000.0,285764000.0,212416000.0,1471496250.0,2119697250.0,183.17936590052472,2.485440894663715,0.43803233284700654,1.1056709432744292,0.03055889615131893,183.17936590052472,0.057306544016783666,4.446870863628946,10.359731413686285,2.3747216170418786,0.0,0.7639695692949426,0.0,0.21156238771541058,1.0815505351581256,0.0227030648817919,210.90672925326072,0.34025070563845927,1.1818181818181817,5.240393310056649,0.45198055980743307,0.0,0.45858379106643177,1.5855540993155672,1.30078169253427,5.240393310056649,0.45198055980743307,0.0,Oil & Gas Equipment & Services,Energy,FET
2011Q2,2011,Q2,2011-06-30,2011-06-30,13734000.0,257454000.0,26481000.0,4.4,77192000.0,0.2998283188453083,1068511000.0,571671000.0,481590000.0,196688000.0,496140000.0,217024000.0,176906000.0,1293494250.0,1508965250.0,192.252021993913,2.448497112177662,0.2635518024615563,0.4926050123235217,0.020198166106056233,192.252021993913,0.024024307687463595,5.024176163508821,23.545475644386194,2.2626550061136563,0.0,0.830608596284282,0.0,0.24094651341914122,1.1466484991458554,0.012853400666909372,-172.76535995725925,0.2998283188453083,0.10000000000000009,0.0,0.0,0.0,0.31285609810024323,0.11035653650254669,0.17006892895015907,0.0,0.0,0.0,Oil & Gas Equipment & Services,Energy,FET
2011Q1,2011,Q1,2011-03-31,2011-03-31,12369000.0,203052000.0,22632000.0,4.0,58797000.0,0.2895662194905738,,,,,,,,1268503500.0,,,0.0,0.0,0.0,0.0,,0.0,6.247185450032504,25.63876424933301,0.0,0.0,0.0,0.0,0.0,0.0,0.0,-113.79774827307796,0.2895662194905738,0.0733781172356676,0.0,0.0,0.0,-0.00943443907205553,0.1382166191221128,0.24563817491331388,0.0,0.0,0.0,Oil & Gas Equipment & Services,Energy,FET
2010Q4,2010,Q4,2010-12-31,2010-12-31,10867000.0,201584000.0,18169000.0,3.72655258735983,59357000.0,0.2944529327724423,818332000.0,462523000.0,342107000.0,126945000.0,355255000.0,173777000.0,150803000.0,1268503500.0,1456079500.0,158.61012996810808,2.6949229981488045,0.25408269504308767,0.4495430497510394,0.01901911547930877,158.61012996810808,0.023495047813838446,6.292679478530042,29.182467562344712,2.7425738828123145,0.0,0.8184454789759289,0.0,0.24633522824477108,1.087116467761629,0.013279451371814863,45.706896551724135,0.2944529327724423,2.5053331486355455,0.0,0.0,0.0,0.15106560397153218,2.505333148635545,0.11816111760723737,0.0,0.0,0.0,Oil & Gas Equipment & Services,Energy,FET
2010Q3,2010,Q3,2010-09-30,2010-09-30,-7219000.0,196461000.0,16249000.0,-2.4755666815266966,51567000.0,0.2624795760990731,,,,,,,,1268503500.0,,,0.0,0.0,0.0,0.0,,0.0,6.456770045963321,-43.92933578057903,0.0,0.0,0.0,0.0,0.0,0.0,0.0,-603.761780104712,0.2624795760990731,0.0,0.0,0.0,0.0,0.0,0.0,0.0,0.0,0.0,0.0,Oil & Gas Equipment & Services,Energy,FET
