Quarters,Year,Quarter,FillingDate,Date,NetIncome,Revenue,OperatingIncome,EPSDiluted,GrossProfit,GrossProfitRatio,TotalAssets,CommonStockEquity,CurrentAssets,CurrentLiability,TotalLiability,Inventory,RetainedEarnings,MarketCap,EnterpriseValue,bookValuePerShare,currentRatio,debtToAssets,debtToEquity,roic,shareholdersEquityPerShare,roe,priceToSalesRatio,peRatio,pbRatio,payoutRatio,inventoryTurnover,dividendYield,assetTurnover,quickRatio,returnOnAssets,priceToFreeCashFlowsRatio,grossProfitMargin,epsdilutedGrowth,fiveYNetIncomeGrowthPerShare,fiveYRevenueGrowthPerShare,fiveYShareholdersEquityGrowthPerShare,grossProfitGrowth,netIncomeGrowth,operatingIncomeGrowth,threeYNetIncomeGrowthPerShare,threeYRevenueGrowthPerShare,threeYShareholdersEquityGrowthPerShare,Industry,Sector,Symbol
2023Q1,2023,Q1,2023-02-16,2023-03-31,262065000.0,30551753000.0,751145000.0,0.24,1712719000.0,0.0560595983,33808035000.0,11891864000.0,15479845000.0,8270957000.0,21438488000.0,3782549000.0,261970000.0,15226295782.425,24251991782.425,10.85841440865615,1.8715905547568437,0.3959860429628637,1.1257705268072355,0.0209063489259692,10.85841440865615,0.022037335778478464,0.49837715637544594,14.525304583237936,1.2803960575419462,0.4148360139660008,7.624232759443434,0.007139884943354607,0.9036831924718488,1.3933382799596226,0.007751559651426059,-15.690547708009587,0.056059598282298236,-0.68,2.5113936395050533,0.45695100841392716,0.28882097507736815,-0.30116805279515396,-0.6814260307627225,-0.5305000428156309,0.6164810601893829,0.4173934607764162,0.294256277779584,Oil & Gas Refining & Marketing,Energy,UGP
2022Q4,2022,Q4,2022-12-31,2022-12-31,822619000.0,35957308000.0,1599883000.0,0.75,2450831000.0,0.0681594684,36441003000.0,11708741000.0,18564600000.0,12766252000.0,24266035000.0,4906083000.0,0.0,14160683721.095999,21816536721.096,10.729620235069012,1.4541934469098683,0.3643594003161768,1.1339922883254485,0.04288516968785625,10.729620235069012,0.0702568277836191,0.39381935157926723,4.303536546413345,1.2094113040074932,0.004382344682046002,6.829578097231539,0.00025457810307770803,0.9867266276946329,1.0602029475839894,0.022573994464422396,12.307719610566396,0.06815946844519061,3.6874999999999996,1.0177611512382543,0.6552608317460575,0.23953002535574505,0.5452156484206,3.562273652452179,1.356130067890962,4.073317970439487,0.5131636877376553,0.23271822209046084,Oil & Gas Refining & Marketing,Energy,UGP
2022Q3,2022,Q3,2022-09-30,2022-09-30,180309000.0,39294732000.0,679030000.0,0.16,1586077000.0,0.040363604,34067166000.0,10911405000.0,17137824000.0,11195212000.0,22695807000.0,4333688000.0,529303000.0,12896088388.212002,22037669388.212,9.998959912174435,1.5308172815307115,0.40414964367743417,1.2618203613558474,0.020576610560986877,9.998959912174435,0.016524819672626943,0.32818873502463386,17.880538947323764,1.1818907270156318,2.1828915916565452,8.70128514097,0.030520494909121093,1.1534488075703158,1.1326613555866563,0.005292750209982245,14.000944957655468,0.04036360395586869,-0.6097560975609756,-0.2811087046939187,3.2358804514732205,1.6456299925588205,-0.14352403848230755,-0.6018499912777924,-0.30540481653370377,0.30787558226235584,2.6581245114932357,1.4329811019286867,Oil & Gas Refining & Marketing,Energy,UGP
2022Q2,2022,Q2,2022-06-30,2022-06-30,452867000.0,36879377000.0,977591000.0,0.41,1851864000.0,0.0502140804,36294199000.0,10841210000.0,20356067000.0,12989653000.0,25001838000.0,6010547000.0,456160000.0,13666882122.0,23491780122.0,9.937676456568768,1.5670985976299752,0.40040010250673946,1.3404593214226088,0.04459167918120009,9.937676456568768,0.04177273570016631,0.37058332417057915,7.544644521459944,1.2606417661866156,0.12289921765109844,5.827674752397743,0.004072399213161224,1.016123182660678,0.9705377041249678,0.01247766895199974,126.94248780442496,0.05021408035173696,2.727272727272727,3.0742253013386978,3.2587150021697022,1.671255310553213,0.26004658160047195,2.876190802256212,0.5896460663377638,8.010388484469075,2.673480442285072,1.4169434596717363,Oil & Gas Refining & Marketing,Energy,UGP
2022Q1,2022,Q1,2022-03-31,2022-03-31,116833000.0,31503291000.0,614974000.0,0.11,1469679000.0,0.0466516022,37660391000.0,10542239000.0,23076959000.0,13496305000.0,26673072000.0,4242281000.0,452177000.0,15387975867.836248,30272696867.83625,9.663400996383869,1.7098723687705635,0.4550469749504194,1.6255794428489052,0.017604165779738924,9.663400996383869,0.01108237064251721,0.48845613837094826,32.927289096052164,1.459649688063062,1.5870772812475926,7.079590437314265,0.012049862931457333,0.8365099289595799,0.7101614849397668,0.0031022779343953173,-11.042173784509536,0.046651602208797806,-0.6333333333333334,-0.6848172578346783,0.6707536557897336,0.19157577409881227,14.899119530163894,-0.640701786757696,-0.21291689970857497,-0.030166837106512058,1.9463243038116622,1.1361573810215326,Oil & Gas Refining & Marketing,Energy,UGP
2021Q4,2021,Q4,2021-12-31,2021-12-31,325170000.0,25345378000.0,781333000.0,0.3,-105739000.0,-0.0041719244,39010357000.0,10066921000.0,25024181000.0,12640230000.0,28541117000.0,3918772000.0,0.0,16034409970.566769,31483823970.56677,9.232480367336855,1.9797251315838398,0.4544815624219999,1.7611629216122784,0.01873419479439404,9.232480367336855,0.03230083955163649,0.6326364503447836,12.327713173545197,1.5927819410291157,0.00035673647630470214,6.494666441426038,7.234441442680648e-06,0.6497089478058352,0.7916365445881919,0.008335478703770898,33.912579038287134,-0.0041719243642765955,-0.10873440285204997,-0.2578291321445512,0.31968639162466855,0.17310950977395634,-1.058778470222203,-0.11926501138939824,0.362724356906033,0.24306657985200922,1.095958631002728,1.0677321046721646,Oil & Gas Refining & Marketing,Energy,UGP
2021Q3,2021,Q3,2021-09-30,2021-09-30,369203000.0,31911126000.0,573361000.0,0.3366,1798941000.0,0.05637347300123474,37372335000.0,9795901000.0,18342912000.0,10345230000.0,27187365000.0,5574224000.0,259701000.0,15793536088.816023,31195654088.816025,8.983925041517208,1.7730791872196172,0.4877516483784061,1.8608209699138445,0.02700738370529694,8.983925041517208,0.03768953973707983,0.49492255738064594,10.694344363951554,1.612259667468671,0.5878527530924722,5.4020407145460965,0.013742141011327527,0.8538702759675038,1.2130578053847039,0.009879045556024263,70.87897214310857,0.05637347300123474,12.76923076923077,1.1703663363597856,2.6352204666941885,1.585027227959345,0.20268718143455403,12.879118404118405,0.4309412809966857,1.4387002258426775,1.8948447739419045,1.301915994821618,Oil & Gas Refining & Marketing,Energy,UGP
2021Q2,2021,Q2,2021-06-30,2021-06-30,-31080000.0,28526054000.0,400688000.0,-0.0286,1495768000.0,0.05243515279049812,35973179000.0,9664741000.0,17681461000.0,10053056000.0,25924362000.0,4888796000.0,108529000.0,20614498460.04023,35659142460.04023,8.893551883110453,1.7588145336104763,0.4977300171330424,1.852603292731797,-0.006799159507499339,8.893551883110453,-0.0032158130259258887,0.7226551018952789,-165.81803780598642,2.1329592236398502,-0.3590733590733591,5.529027187880206,0.0005413665543031707,0.792981181896657,1.256623856467128,-0.0008639770202127535,27.096174318853073,0.05243515279049812,-1.2367549668874172,-1.1896935990267314,2.285404507852546,1.5637750818864966,-0.1282925754674207,-1.235164153356083,-0.28531653381515415,-1.2857965391867319,1.79840950502047,1.3250943176207919,Oil & Gas Refining & Marketing,Energy,UGP
2021Q1,2021,Q1,2021-03-31,2021-03-31,132163000.0,23950284000.0,560651000.0,0.1208,1715906000.0,0.07164449490452807,37471194000.0,9583461000.0,18419414000.0,9218602000.0,27508553000.0,4491697000.0,132288000.0,23723309438.016,40193804438.016,8.807421478671314,1.9980702063067697,0.5445168894271156,2.129053167743887,0.010167345729736802,8.807421478671314,0.013790738022516083,0.9905230951756563,44.8750963545319,2.4754427902420635,3.6125087959565083,4.950106385181369,0.020125353979277217,0.6391652211562834,1.4932540747501628,0.003527056010011317,-156.8151494428683,0.07164449490452807,-0.6902564102564103,-0.6586163900654634,0.22060187903044273,0.1810541543002319,0.1341428754608534,-0.689776421571504,0.0723164403709732,0.7823389795699934,0.14955406973137472,0.04538186800179,Oil & Gas Refining & Marketing,Energy,UGP
2020Q4,2020,Q4,2020-12-31,2020-12-31,426025000.0,23215652000.0,522841000.0,0.39,1512954000.0,0.06516956749696283,36250162000.0,9533746000.0,17489071000.0,9240841000.0,26339897000.0,3846196000.0,0.0,25591640178.384007,42143361178.384,8.761732248150926,1.8925843437842942,0.5300173555086457,2.0152849677346136,0.011416961257593667,8.761732248150926,0.04468600275274798,1.102344236482525,15.017686860151402,2.6843215854905305,0.047602840208907926,5.642639636669582,0.0007924462777157016,0.6404289172555974,1.462069631973973,0.011752361272206177,453.6961756233093,0.06516956749696283,0.6102394715111479,-0.1421415454281948,0.12246448071272853,0.19400675790848476,-0.0767667669866655,0.605018969005361,-0.1334309003457386,0.04799293254361741,0.07179666723511872,0.0121914809448904,Oil & Gas Refining & Marketing,Energy,UGP
2020Q3,2020,Q3,2020-09-30,2020-09-30,265433000.0,20762078000.0,603346000.0,0.2422,1638756000.0,0.07893024965998105,36612053000.0,9424335000.0,17751629000.0,9003088000.0,26784753000.0,3539607000.0,467022000.0,45576769450.20519,63171988450.20519,3.990010716328892,1.9717267008830748,0.562425494139867,2.1849342155175937,0.011921632493067576,3.990010716328892,0.028164639733201335,2.195193055830211,42.926811521368094,4.836072725577475,0.00537988871014531,5.402668149317142,3.1331751179954924e-05,0.567083140625848,1.5634263488260918,0.007249880251183947,81.20712750886908,0.07893024965998105,5.458666666666667,-0.0826487332165209,0.10804735965820626,0.2123509991336493,0.5588923842618796,5.463570837188915,2.2462565708413367,-0.5110663461126209,0.03402104348625052,0.05571900622364119,Oil & Gas Refining & Marketing,Energy,UGP
2020Q2,2020,Q2,2020-06-30,2020-06-30,41066000.0,15876234000.0,185859000.0,0.0375,1051231000.0,0.06621412861513631,34088217000.0,9116419000.0,15650392000.0,6484961000.0,24580224000.0,2970181000.0,201543000.0,42566052086.041435,58304186086.041435,3.859955851781329,2.41333633309437,0.5733161402956335,2.1437501940180677,0.002875833244178552,3.859955851781329,0.00450461963189713,2.681117706254609,259.13195883481126,4.669163636076999,0.05902693225539376,4.991279319341144,5.694678931229555e-05,0.46573964252809114,1.9309366702436608,0.0012046977992424773,64.66705166558008,0.06621412861513631,-0.7450713800135962,-0.8721786692130015,-0.12287379661968438,0.15395302950850612,-0.2544180738708618,-0.7447080983967326,-0.6176031865886753,-0.8293494341133401,-0.15317541749969033,0.0375591933018044,Oil & Gas Refining & Marketing,Energy,UGP
2020Q1,2020,Q1,2020-03-31,2020-03-31,160859000.0,21387138000.0,486037000.0,0.1471,1409947000.0,0.06592499660309856,33015881000.0,9116678000.0,15129348000.0,5444471000.0,23514188000.0,3394838000.0,160389000.0,13858737987.024,30034926987.024002,8.38969421673176,2.778846282770172,0.5654911949797735,2.0479159184957503,0.009095546386457251,8.38969421673176,0.017644475323138537,0.6479940414198477,21.538642517708055,1.520152185590409,1.6202699258356696,5.884578586665991,0.01880654647227141,0.6477833500793149,2.1264532403607257,0.004872170456393395,19.480306353637708,0.06592499660309856,1.6033386653541692,-0.5800204663847006,0.23483955111203217,0.16600932710369284,-0.13892895835801627,1.6035169733169252,13.062566698930336,-0.564333027025546,0.13873203760289868,0.03451739035722785,Oil & Gas Refining & Marketing,Energy,UGP
2019Q4,2019,Q4,2019-12-31,2019-12-31,-266536000.0,23662787000.0,-40293000.0,-0.24381,1637434000.0,0.06919869582564386,31195472000.0,9458255000.0,15058055000.0,5195069000.0,21360297000.0,3715560000.0,0.0,27332142002.9448,41202083002.9448,8.704033121919437,2.8985283929818833,0.5124243672286799,1.6900918826992928,-0.0013937875026259093,8.704033121919437,-0.028180251008246237,1.1550685894668622,-25.636444985803795,2.889765818636186,-0.0001613290512351052,5.927869015706919,1.5732393017483635e-06,0.7585327447521871,2.161884664092046,-0.008544060496984947,537.2411204510034,0.06919869582564386,-1.8937316715542523,-1.7250433765366973,0.33413814661443136,0.23461377720204174,0.008831248844803154,-1.8950167897918067,-1.0650641631181967,-1.6104317187757864,0.23630505268992164,0.1059632539090392,Oil & Gas Refining & Marketing,Energy,UGP
2019Q3,2019,Q3,2019-09-30,2019-09-30,297800000.0,23203290000.0,619281000.0,0.2728,1623100000.0,0.06995128708040972,31796817000.0,9687588000.0,15374232000.0,5168749000.0,21723650000.0,3285623000.0,423005000.0,43763379388.042755,57851197388.042755,4.109756505814206,2.974459003522903,0.523357793957804,1.7177766023906054,0.015240840547724155,4.109756505814206,0.030740365919772805,1.8860850934519524,36.73890143388411,4.517469094272253,0.7250033579583613,6.568066391061908,0.004933485553882772,0.7297362500152138,2.3129941113410615,0.009365717329505025,75.6404648488133,0.06995128708040972,1.895966029723991,-0.06449664703745443,0.3743094631362617,0.32818051999643383,0.154613331512244,1.7421478623585418,1.0324286183130948,-0.19021222610145438,0.22269149927660256,0.18253796850676113,Oil & Gas Refining & Marketing,Energy,UGP
2019Q2,2019,Q2,2019-06-30,2019-06-30,108601000.0,21692645000.0,304700000.0,0.0942,1405752000.0,0.0648031625465682,31304780000.0,9692101000.0,15337941000.0,5098938000.0,21236650000.0,3263630000.0,342542000.0,46520354489.92589,59750371489.92589,4.11167105163415,3.0080657972307177,0.5155544616509045,1.6652033444554488,0.006411167064730995,4.11167105163415,0.011205104032655046,2.1445220022697042,107.09006935922756,4.799821472137556,0.00012891225679321553,6.216051758318192,3.009435365122108e-07,0.6929499264968481,2.3366300982675217,0.0034691507175581495,57.641611784380736,0.0648031625465682,-0.14129443938012762,-0.6279103848861323,0.3336083843630004,0.3120228930955464,-0.02687840064240125,-0.5352198270143499,-0.26906617026176405,-0.6944228340728557,0.15179467393440993,0.18528569076126017,Oil & Gas Refining & Marketing,Energy,UGP
2019Q1,2019,Q1,2019-03-31,2019-03-31,233661000.0,20739253000.0,416864000.0,0.1097,1444580000.0,0.06965438919135612,31186865000.0,9572323000.0,15347815000.0,5561490000.0,21256936000.0,3243383000.0,233713000.0,49067247952.02,62359179952.02,4.523730827249596,2.7596588324351927,0.5367083225582309,1.7486089844648995,0.008813311122335583,4.523730827249596,0.02441006221791722,2.3659120196865335,52.498328724113136,5.125949881969089,1.6287998425068797,5.948934492164509,0.007756436643280948,0.6649996080080508,2.147135569784356,0.007492288820950743,197.61435030495613,0.06965438919135612,-0.5429166666666666,-0.514633379116692,-0.33294285682655866,-0.3239701156919189,-0.07110880767712258,-0.5397139328228696,-0.40363401224880435,-0.6896355144139896,-0.45648756230807586,-0.3933785161301069,Oil & Gas Refining & Marketing,Energy,UGP
2018Q4,2018,Q4,2018-12-31,2018-12-31,507643000.0,23467044000.0,699007000.0,0.24,1555166000.0,0.06627021281419168,30499395000.0,9448105000.0,16211707000.0,6336798000.0,20699366000.0,3354532000.0,0.0,55582872022.399994,66854141022.399994,4.465027334283543,2.5583436618935935,0.49870563006249796,1.6098699157132568,0.017310237569446454,4.465027334283543,0.05372961032926708,2.368550211198308,27.373012147513112,5.882965104896695,0.035229482136068066,6.5320223506587505,0.00032175379481637285,0.7694265410838478,1.9993701866463156,0.016644362945560067,51.768564211310625,0.06627021281419168,-0.2001333111148142,-0.3015865825555555,-0.2582139761508849,-0.2567328597531027,-0.04303542606222498,0.5508410369836314,0.25610886886642253,-0.4743556952021039,-0.4165507038641376,-0.3915275358356485,Oil & Gas Refining & Marketing,Energy,UGP
2018Q3,2018,Q3,2018-09-30,2018-09-30,327334000.0,23834232000.0,556486000.0,0.30005,1625103000.0,0.06818356891046458,29805344000.0,9201089000.0,15906292000.0,6768837000.0,20241634000.0,3163913000.0,338703000.0,43972090737.5997,55844657737.5997,3.902803169936442,2.349929832850163,0.524208779472567,1.6980841072181783,0.0146131535046385,3.902803169936442,0.035575571543759656,1.8449132633096674,33.58350395742553,4.779009390910109,0.9246335547178112,7.019513178775775,0.006883093228523649,0.7996630402923718,1.8602615190763199,0.01098239295610881,93.44788830479884,0.06818356891046458,0.35554551615089225,0.008252763322434662,0.5016562994169492,0.4564397622077626,0.11380974867876267,0.3549209608053347,0.2895590593513343,0.1334071229203654,0.2743911240095319,0.1858532868422505,Oil & Gas Refining & Marketing,Energy,UGP
2018Q2,2018,Q2,2018-06-30,2018-06-30,241589000.0,22645585000.0,431532000.0,0.22135,1459049000.0,0.06442973321289779,28672918000.0,9234274000.0,15161191000.0,6692038000.0,19105209000.0,3076539000.0,315559000.0,55159566017.50392,66268076017.50392,3.825028436786595,2.265556621166825,0.5248462329505493,1.629675814254591,0.011735955495304859,3.825028436786595,0.026162208312207325,2.4357757159951454,57.079964337680856,5.973351669823088,0.0002483556784456246,6.886483805341002,1.087753300686957e-06,0.7897900381119215,1.7826348266402552,0.008425685868456082,138.84584369777866,0.06442973321289779,2.271988174427199,-0.161602601626668,0.45796721408820845,0.42205763396677304,-0.040917716921810794,2.2711258547153204,1.0323742870733625,-0.26434881364542334,0.22397342864641695,0.14351130481171356,Oil & Gas Refining & Marketing,Energy,UGP
2018Q1,2018,Q1,2018-03-31,2018-03-31,73855000.0,20751122000.0,212329000.0,0.06765,1521297000.0,0.07331155394874551,28548706000.0,9130777000.0,15437415000.0,5635175000.0,19083247000.0,3338115000.0,73916000.0,38702045961.270004,48818903961.270004,8.425075800775447,2.739473929381075,0.5178689009582431,1.6191926492126574,0.006304823711285459,8.425075800775447,0.008088577784782171,1.865057993551867,131.00685790153005,4.238636641905722,6.609098910026403,5.760683799090205,0.012612123929790883,0.7268673403270888,2.121091891556163,0.002586982401233877,-82.61723975081654,0.07331155394874551,-0.8171621621621622,-0.7027140783445636,0.5037484313099291,0.48634537684105633,-0.2094903949230196,-0.8175924325125342,-0.7191768230182715,-0.806661106257516,0.20131253195647855,0.1709267002447027,Oil & Gas Refining & Marketing,Energy,UGP
2017Q4,2017,Q4,2017-12-31,2017-12-31,404890000.0,21573907000.0,756095000.0,0.37,1924451000.0,0.08920271140503201,28340322000.0,9381261000.0,15201291000.0,7013988000.0,18619490000.0,3491879000.0,0.0,40780206739.91701,49372981739.91701,8.656200346570557,2.1672821510387528,0.47969740781350334,1.4491419650300743,0.020522982922839595,8.656200346570557,0.04315944306421066,1.8902559809828146,25.179806083082447,4.346985628042648,0.00024451085480006914,5.6271869672460015,2.4276483106471247e-06,0.7612442441550241,1.648044735748051,0.014286711350703777,-248.24655749829253,0.08920271140503201,-0.2725127801808888,0.3311252575763895,0.481981547844876,0.5434352459219032,-0.07374648163906526,-0.2706603307958627,-0.20812242816132584,0.10433726860629912,0.21960802742675173,0.22782899104367815,Oil & Gas Refining & Marketing,Energy,UGP
2017Q3,2017,Q3,2017-09-30,2017-09-30,555146000.0,20532587000.0,954813000.0,0.5086,2077672000.0,0.1011890026327418,26035618000.0,9128609000.0,14000490000.0,5580248000.0,16879840000.0,2841521000.0,707810000.0,91504122663.63297,99677565663.63297,3.7794249159171214,2.50893687879105,0.5041809262987343,1.4379695745540202,0.028382964890000317,3.7794249159171214,0.060813865507877485,4.456531593589886,41.20723317092844,10.023884544034361,0.8280236190119356,6.494731166864507,0.005023533220352825,0.7886345159926682,1.9549215375373998,0.02132255896518377,6224.3468242727,0.1011890026327418,1.2559325792858727,0.8815675429358264,0.4224360363116114,0.5198382870586625,0.312920660658801,1.255774075579033,0.969051989028892,0.7019568889665554,0.18685954220624018,0.2214248077735665,Oil & Gas Refining & Marketing,Energy,UGP
2017Q2,2017,Q2,2017-06-30,2017-06-30,246100000.0,19173040000.0,484910000.0,0.22545,1582481000.0,0.08253678081305833,24538684000.0,8985626000.0,12906780000.0,5140345000.0,15526358000.0,2488160000.0,614480000.0,93851224152.07886,101624532152.07886,3.720227122173017,2.5108781609016515,0.5038031379351884,1.375826903990885,0.01482923208503489,3.720227122173017,0.02738818642129107,4.894957928011356,95.33850482738609,10.444594973358434,0.039516456724908576,7.06970572631985,0.00010362145073612859,0.7813393741897487,1.977539250770133,0.010029062683231097,243.89484501660297,0.08253678081305833,-0.33170297910182295,0.035447766678143436,0.437651400732429,0.5003811016496985,-0.06197611552088069,-0.3315587907760002,-0.2774421771951209,-0.1771019677996422,0.15034331133428097,0.18711421475850756,Oil & Gas Refining & Marketing,Energy,UGP
2017Q1,2017,Q1,2017-03-31,2017-03-31,368170000.0,18727888000.0,671102000.0,0.33735,1687037000.0,0.09008154042783682,23027099000.0,8787321000.0,11685974000.0,5022792000.0,14206769000.0,2514875000.0,368222000.0,38762424110.05399,46232933110.05399,8.109766249395504,2.3265892754468034,0.47957343649758055,1.256718060032176,0.022472393219438138,8.109766249395504,0.041897866255255725,2.0697701796408645,26.321009391078846,4.411176524683007,1.2786267213515496,6.77602306277648,0.01214454489903532,0.813297758436701,1.7765549519072261,0.01598855331277292,-1905.817597229657,0.09008154042783682,-0.1566250000000001,0.9096111930392619,0.4884467084159129,0.5411711299143618,-0.07090282363346681,-0.15438643233162144,-0.19745376792599043,0.4934975241990742,0.1763354017825531,0.21192983152751355,Oil & Gas Refining & Marketing,Energy,UGP
2016Q4,2016,Q4,2016-12-31,2016-12-31,435388000.0,19085253000.0,836216000.0,0.4,1815781000.0,0.09514052551464736,24159670000.0,8527623000.0,13011796000.0,5486946000.0,15601112000.0,2532336000.0,0.0,36544120173.34799,43691364173.34799,7.8700925108993784,2.371409523622066,0.47274660622434,1.3393418072070025,0.02859685766538411,7.8700925108993784,0.05105619701996676,1.9147831141325709,20.98365146337749,4.28538177325006,0.000842926309406782,6.819581603705037,1.0042655241366487e-05,0.7899633148962714,1.8455997197712535,0.01802127264155512,74.28240427786697,0.09514052551464736,0.1584129742253114,0.9496592978224369,0.47439662232800034,0.5141387519922379,0.018444138949137275,0.15543006058611694,0.11118257222814286,0.16977695534461745,0.17812294565657288,0.3100885428271014,Oil & Gas Refining & Marketing,Energy,UGP
2016Q3,2016,Q3,2016-09-30,2016-09-30,376819000.0,19445181000.0,752546000.0,0.3453,1782897000.0,0.09168837255873319,20710955000.0,8394211000.0,9843975000.0,3679852000.0,12285201000.0,2404828000.0,691733000.0,86162637849.20964,92877472849.20964,3.4753695993404445,2.6751007920970733,0.4351705172455833,1.0736919765300157,0.029649627579961153,3.4753695993404445,0.044890341689052135,4.431053526794615,57.16447276358785,10.264530859327891,1.1479039008117955,7.344510293459657,0.005020180565467307,0.9388838419087869,1.9666780077024837,0.018194187568849433,288.7352397984332,0.09168837255873319,0.03445176752546438,-0.2501403475712852,-0.33138449623459415,-0.31964005397865897,0.052905815883792166,0.03476219244288225,0.03624216153098347,0.13290839450862224,0.19581795119492287,0.29693101405621614,Oil & Gas Refining & Marketing,Energy,UGP
2016Q2,2016,Q2,2016-06-30,2016-06-30,364160000.0,19298198000.0,726226000.0,0.3338,1693311000.0,0.08774451376237305,20512870000.0,8378653000.0,9729605000.0,3043250000.0,12105865000.0,2301748000.0,749483000.0,85814958225.32501,92239264225.32501,3.468928279217977,3.1971099975355295,0.4352127225493069,1.0655008627281737,0.030115621782616734,3.468928279217977,0.0434628334649973,4.446786079473586,58.912949133159195,10.24209478842542,0.02296792618629174,7.648485846408903,9.746552550941736e-05,0.9407848828564701,2.3600029573646597,0.017752757171473323,163.71276703675267,0.08774451376237305,-0.055060155697098434,0.6760073390180966,0.5492328603847412,0.4925307639587428,-0.014510171145757615,-0.05466515064197416,-0.08156596123542788,0.26314791931641435,0.24185295909862822,0.2896677822582075,Oil & Gas Refining & Marketing,Energy,UGP
2016Q1,2016,Q1,2016-03-31,2016-03-31,385218000.0,19524323000.0,790722000.0,0.35325,1718243000.0,0.08800525375450918,20168437000.0,8074059000.0,9386988000.0,4417186000.0,12062695000.0,2546214000.0,385270000.0,37059354337.392006,43681025337.392006,7.457254560769623,2.1251058932089344,0.4379996823749902,1.0940926986042585,0.0316814141570956,7.457254560769623,0.04771057531286308,1.898112131078348,24.05089737330032,4.589928601883143,1.1233145906992923,6.993159255270767,0.01167643116662167,0.9680632663800373,1.4838834045023235,0.019100042308682622,-79.31274148944478,0.08800525375450918,-0.215,0.9686334820329553,0.7822039536115607,0.5081444951064301,-0.11717690701097722,-0.2204431852676313,-0.13232855818240674,0.5521081587527941,0.4162194559602067,0.3156030998921849,Oil & Gas Refining & Marketing,Energy,UGP
2015Q4,2015,Q4,2015-12-31,2015-12-31,494150000.0,20580107000.0,911315000.0,0.45,1946305000.0,0.09457215164138845,20966049000.0,7945041000.0,9911349000.0,3833391000.0,12991920000.0,2323511000.0,0.0,32640478062.3,38843565062.3,7.3380926783853875,2.5855304089773257,0.42478103528232714,1.1209482745274695,0.03601639017021417,7.3380926783853875,0.06219602894434403,1.5860208142892551,16.513446353485783,4.108283149489097,0.000390569665081453,8.019674535648852,5.912903592638138e-06,0.9815920491266619,1.9133545208406866,0.02356905681180083,28.997622711540068,0.09457215164138845,0.6648168701442843,0.9723840125055424,0.8036246426620385,0.520749019076339,0.17922144804604664,0.6700801665517567,0.3094114283169031,0.6261538891828828,0.41508520864331416,0.3084113611289726,Oil & Gas Refining & Marketing,Energy,UGP
2015Q3,2015,Q3,2015-09-30,2015-09-30,295884000.0,19160848000.0,695973000.0,0.2703,1650500000.0,0.08613919383943759,20860063000.0,7949221000.0,10168283000.0,3946798000.0,12881877000.0,2382701000.0,572559000.0,80769083061.92,88296582061.92,3.2911349264199634,2.5763373245856513,0.46718075587787056,1.2259591222838062,0.025622756849603637,3.2911349264199634,0.03722176047187517,4.215318813756051,68.24387518581605,10.160628703355963,1.4705560287139554,7.3489489449158745,0.005387135566048566,0.918542192322238,1.9250716656895033,0.014184233288269552,187.65353300509275,0.08613919383943759,-0.09704359445465181,0.4287618670124493,0.7182268486239101,0.5345200461416263,0.06989551907920921,-0.09945489574234313,0.15874411240253936,0.002845613359411899,0.32740607316015596,0.32347988922416854,Oil & Gas Refining & Marketing,Energy,UGP
2015Q2,2015,Q2,2015-06-30,2015-06-30,328561000.0,18510679000.0,600627000.0,0.29935,1542674000.0,0.08333967651861933,19541664000.0,8079288000.0,9318236000.0,3739754000.0,11435984000.0,2238786000.0,713552000.0,79851870900.4886,86269482900.4886,3.3449852403657787,2.4916708425206577,0.43356712099849837,1.048684364265762,0.02511968869678036,3.3449852403657787,0.04066707363322115,4.313827218358041,60.75878672490694,9.88352821442788,0.026469970568631093,7.579109838993097,0.00010891416696846342,0.9472416985575026,1.8305495495158237,0.016813358371119264,395.4550766649264,0.08333967651861933,-0.14410293066476054,0.6401145842043878,0.7452183012571573,0.5339654105386334,-0.024915728721383635,-0.14630876319597996,-0.2030055134252901,0.38239639848654006,0.3879856085867634,0.3490446887045142,Oil & Gas Refining & Marketing,Energy,UGP
2015Q1,2015,Q1,2015-03-31,2015-03-31,384871000.0,17403640000.0,753615000.0,0.34975,1582093000.0,0.0909058679678504,19933679000.0,7856562000.0,9782585000.0,4571307000.0,12046836000.0,2179022000.0,384935000.0,34887023550.76,41375451550.76,7.195220502713584,2.139997379305306,0.45061541324107807,1.1433019939255873,0.030300960716056282,7.195220502713584,0.04898720330852095,2.0045820041531544,22.66150447212183,4.440494907411155,1.0072206011884501,7.260847756470564,0.01111158134301644,0.8730771675414257,1.6026541205830191,0.01930757488369307,1139.7263492571055,0.0909058679678504,0.028676470588235237,4.92717501671169,2.7889907224905253,2.4289190587980394,0.06196489546436082,0.04189835243669361,0.10030120437950876,0.980940644578219,0.3726009598667322,0.3673718540255888,Oil & Gas Refining & Marketing,Energy,UGP
2014Q4,2014,Q4,2014-12-31,2014-12-31,369394000.0,17822271000.0,684917000.0,0.34,1489779000.0,0.08359086224196681,19480382000.0,7697999000.0,9502357000.0,5692082000.0,11753787000.0,1821878000.0,0.0,27632896713.459003,33185111713.459003,7.050004853862117,1.6693991759078664,0.4301550144139884,1.0885405415095533,0.028472913578479375,7.050004853862117,0.047985716807705484,1.55047001100247,18.70150619220873,3.589620720067514,0.0003898276636870117,8.964646370393627,5.211180047217514e-06,0.9148830346345365,1.3193919202147826,0.01896235915702269,41.27306779762485,0.08359086224196681,0.14826072272880803,4.373373920856347,2.7008214339061722,2.4498353256896417,0.08739182860746485,0.13248165895622369,0.19352005618065635,0.6414657587547874,0.3662782962009518,0.356360873291199,Oil & Gas Refining & Marketing,Energy,UGP
2014Q3,2014,Q3,2014-09-30,2014-09-30,326181000.0,17299930000.0,573863000.0,0.2961,1370048000.0,0.07919384644908968,18470470000.0,7473738000.0,8850445000.0,4241883000.0,10967914000.0,1846941000.0,482778000.0,63300855897.812546,69011674897.81255,3.0942755475929133,2.0864425067829546,0.4437682419559437,1.0967213461322836,0.026022416971202347,3.0942755475929133,0.04364362250857603,3.6590238167329314,48.516663982430416,8.46977187289848,1.1897014234428125,8.625008595293515,0.006130375245264416,0.9366264096149151,1.615125405391898,0.01765959393561723,127.05427913791435,0.07919384644908968,0.08940397350993373,0.10070661904650557,-0.19360397668404555,-0.30414537922754437,0.05400712545399574,0.09066925250363633,0.06761634028999959,-0.35090860256820755,-0.4051481746528224,-0.3942453933719744,Oil & Gas Refining & Marketing,Energy,UGP
2014Q2,2014,Q2,2014-06-30,2014-06-30,299065000.0,16667233000.0,537518000.0,0.2718,1299847000.0,0.0779881699619847,17699370000.0,7569302000.0,8359323000.0,3899874000.0,10103684000.0,1892398000.0,546097000.0,62705164587.48375,67961636587.48375,3.1338409362150683,2.143485404913082,0.42477494961685075,0.9932552565613051,0.024556980074139697,3.1338409362150683,0.03951024810477902,3.7621820363034315,52.41767223470127,8.284140940272135,0.023025094879039674,8.120588797916717,0.00010981551591963255,0.9416850995261413,1.6153493676975206,0.016896929099736318,177.71608180355275,0.0779881699619847,0.20372010628875103,0.4430254629848984,-0.21999244148314592,-0.29430394528524983,0.021897919249555618,0.21116704397727226,0.096306539478971,0.37641458381878024,0.3380225995861867,0.34835708039161406,Oil & Gas Refining & Marketing,Energy,UGP
2014Q1,2014,Q1,2014-03-31,2014-03-31,246923000.0,15946864000.0,490299000.0,0.2258,1271993000.0,0.07976446027256519,17636818000.0,7262676000.0,8275729000.0,3416225000.0,10344906000.0,1892982000.0,246977000.0,29522575913.49,34979623913.490005,6.69161368787661,2.42247773492671,0.4316702139807759,1.0482760073559663,0.021960702044342036,6.69161368787661,0.03399890068068574,1.8513091924211558,29.8904677910624,4.0649721829102665,1.5710687137285713,7.752250681728617,0.013140215174202956,0.9041803345705558,1.8063906797707996,0.014000427968355744,-159.84675062666156,0.07976446027256519,-0.3358823529411765,1.7143603912199583,1.4924639341910713,0.534913040321111,-0.011450758397080344,-0.33767599305818197,-0.2263587664002651,0.25882970041619313,0.45212449218873874,0.35330238018700744,Oil & Gas Refining & Marketing,Energy,UGP
2013Q4,2013,Q4,2013-12-31,2013-12-31,372813000.0,16226504000.0,633755000.0,0.34,1286727000.0,0.0792978573819721,16378545000.0,6519961000.0,7903941000.0,3764492000.0,9831659000.0,1463895000.0,0.0,30273182405.399998,34970611405.399994,6.007298173844141,2.0996036118551986,0.4257702988879659,1.0695613056581166,0.03221351133577241,6.007298173844141,0.05718025000456291,1.865662647074194,20.300514202428563,4.64315390926418,0.0005418265993943344,10.205497662059095,6.672572354466709e-06,0.9907170630846635,1.659254688281978,0.02276227833424764,83.48735385154215,0.0792978573819721,0.12100230794592816,3.943381551307056,1.2148950791244317,0.4050384926668804,0.017830445836293077,0.14561528580998445,0.11079854173239387,0.4844680774341379,0.4186348817870331,0.24495467767554543,Oil & Gas Refining & Marketing,Energy,UGP
2013Q3,2013,Q3,2013-09-30,2013-09-30,325426000.0,15909670000.0,570540000.0,0.3033,1264186000.0,0.07946022764771363,15721047000.0,6332530000.0,7510828000.0,3325079000.0,9361800000.0,1423814000.0,501684000.0,64293020542.0023,68997179542.00229,2.679687324671999,2.2588419703712304,0.4379472944772699,1.0872415922230136,0.029387312163637117,2.679687324671999,0.051389570992952265,4.041128479849192,49.39142888245123,10.152817363992321,1.0834506155009127,10.286093548736,0.005484001171941508,1.0119981194636718,1.7710731083381779,0.020700020806502264,142.1792283938246,0.07946022764771363,0.1534512264689104,0.26621855560270236,-0.06646476077758934,-0.3866860900880124,0.08947270901828304,0.1537187973070228,0.1115916955017301,0.6061139983318281,0.45818523571031305,0.24942732796853231,Oil & Gas Refining & Marketing,Energy,UGP
2013Q2,2013,Q2,2013-06-30,2013-06-30,282067000.0,15204104000.0,513264000.0,0.26295,1160365000.0,0.07631919644853784,15586311000.0,6356391000.0,7495654000.0,3222234000.0,9205515000.0,1301539000.0,530007000.0,62517138857.68583,67239917857.68583,2.689784397919816,2.3262289455079923,0.4351857216245717,1.0671055320542742,0.026359190966819674,2.689784397919816,0.044375338143924754,4.111859459635755,55.409830694201936,9.835319894211326,0.020956013996674547,10.79010233269998,9.45500723162622e-05,0.9754780332562336,1.8618871255160239,0.018097098152346634,185.3699826176134,0.07631919644853784,0.15227870289219997,0.23036788825204435,-0.014440599439792938,-0.38574673745616644,0.0909931119815417,0.15206035035554266,0.20350595815923128,0.43911734693877547,0.4651226771667048,0.23349908347108103,Oil & Gas Refining & Marketing,Energy,UGP
2013Q1,2013,Q1,2013-03-31,2013-03-31,244837000.0,13599968000.0,426474000.0,0.2282,1063586000.0,0.07820503695302812,14696149000.0,6054238000.0,6628783000.0,3243564000.0,8614754000.0,1499957000.0,247885000.0,27226545265.260002,31829892265.260002,5.668316349650402,2.0436726391093254,0.4056185059092692,0.984604503489952,0.023961653961503,5.668316349650402,0.04044059714864199,2.001956568225749,27.80068501213052,4.497105212127439,1.4406074245314229,8.35782759105761,0.012954783523345106,0.9254103234799811,1.5322438527496298,0.016659942682943674,-115.59889466666101,0.07820503695302812,-0.18500000000000014,1.751852866013828,1.322968546640127,0.31705299088577266,-0.05171586765217236,-0.1832532166220215,-0.13214396910122078,2.854718226708773,2.0269438315753505,1.701265090525396,Oil & Gas Refining & Marketing,Energy,UGP
2012Q4,2012,Q4,2012-12-31,2012-12-31,299771000.0,14346881000.0,491411000.0,0.28,1121590000.0,0.07817657370964462,15299925000.0,5990241000.0,7176570000.0,3749452000.0,9284189000.0,1225429000.0,0.0,24339481102.656,28532008102.656,5.608398777624232,1.9140317038329868,0.4080136340537617,1.0421246824626922,0.027759037364460032,5.608398777624232,0.05004322864472398,1.6964998247811491,20.298395360671975,4.063188960620448,0.00025019097911405705,10.792376384107117,3.0814132677551525e-06,0.9377092371367833,1.552954138364753,0.019592971860973175,37.75430189916563,0.07817657370964462,0.03703703703703707,2.651998539071766,1.2499238547204845,0.31595502773455225,0.032820141645694224,0.038455676031454604,0.043834103340236845,3.4578953371848864,2.045619249057882,1.7444026812270172,Oil & Gas Refining & Marketing,Energy,UGP
2012Q3,2012,Q3,2012-09-30,2012-09-30,288670000.0,14122942000.0,470775000.0,0.27,1085949000.0,0.07689254830898548,14032207000.0,5876537000.0,6255174000.0,3478001000.0,8127340000.0,1211796000.0,438074000.0,53787885624.91801,58076237624.91801,2.486728323729381,1.7984968951992826,0.4039956081035578,0.9646752841001427,0.02863794684381944,2.486728323729381,0.049122467875212905,3.8085468045480897,46.58250391876365,9.152990209185784,0.9426369210517199,10.758405705250718,0.00505896442737174,1.0064661959448005,1.4181013748989721,0.02057195992048863,228.3249805791677,0.07689254830898548,0.2558139534883722,2.208156915377327,-0.3716441554762977,-0.19772908943068027,0.07491499755014773,0.2413778274705427,0.15173466616758777,-0.004364621376135392,-0.32715511233009836,-0.4407733351288189,Oil & Gas Refining & Marketing,Energy,UGP
2012Q2,2012,Q2,2012-06-30,2012-06-30,232540000.0,13048231000.0,408753000.0,0.215,1010265000.0,0.07742543797699473,13856440000.0,5859506000.0,6330059000.0,3406224000.0,7970538000.0,1256944000.0,422733000.0,55654574096.85466,59778206096.85466,2.4795214483057366,1.858380130020809,0.4064500694262018,0.9611648149178446,0.0255890779775078,2.4795214483057366,0.03968593939489097,4.26529650623557,59.833334154182786,9.498168292148632,0.01783779134772512,9.577169706844538,7.453116059753345e-05,0.9416726807174137,1.4553470353094806,0.016782088328603884,246.448921279457,0.07742543797699473,0.22857142857142862,0.7148183782889401,-0.4188122201610646,-0.18831006453182847,0.11703080427235134,0.22371439998316037,0.2093749167867403,0.14681092771567272,-0.37587340208278763,-0.4416473141858666,Oil & Gas Refining & Marketing,Energy,UGP
2012Q1,2012,Q1,2012-03-31,2012-03-31,190028000.0,12401370000.0,337987000.0,0.175,904420000.0,0.07292903929162665,13402658000.0,5619786000.0,6143642000.0,3056354000.0,7755270000.0,1318969000.0,190114000.0,21088908743.328003,25186334743.328003,5.26208030502501,2.0101212097813277,0.41003911313711056,0.97790449671927,0.02107679221648863,5.26208030502501,0.03381409897102843,1.7005305658429677,27.744475476414006,3.7526177586349374,1.4328204264634685,8.716618813633982,0.012910862449729233,0.9252918339033944,1.5572476224939913,0.014178381631464445,-1209.0877619153769,0.07292903929162665,-0.16666666666666669,2.114282299713416,5.445372758143394,0.7420799273110106,-0.01395306241264345,-0.13665234023606807,-0.0515520908749067,1.1228879150100843,0.9698209864534182,0.207008661308828,Oil & Gas Refining & Marketing,Energy,UGP
2011Q4,2011,Q4,2011-12-31,2011-12-31,220106000.0,12758445000.0,356358000.0,0.21,917218000.0,0.07189104941863997,13742739000.0,5551067000.0,6575494000.0,4097776000.0,8165503000.0,1310132000.0,0.0,17131136064.16,20992441064.16,5.197735346608264,1.6046494488717782,0.4112905731528482,1.018229288171085,0.02558768728473748,5.197735346608264,0.039651115722436785,1.3427291542315698,19.45782493907481,3.086097873464687,0.0010949269897231335,9.038193861381906,1.4067952008401556e-05,0.9283771597495958,1.2751163069918903,0.016016166791787283,49.17991842405034,0.07189104941863997,0.0,1.905055541923558,5.653012630370253,0.7532228254182869,-0.010081387153975083,-0.013238649863937343,-0.10408338738630021,1.965981711088359,0.7698214140087889,0.21569098542124668,Oil & Gas Refining & Marketing,Energy,UGP
2011Q3,2011,Q3,2011-09-30,2011-09-30,223059000.0,12909294000.0,397758000.0,0.21,926559000.0,0.0717745679972894,13263963000.0,5476563000.0,6285660000.0,2845256000.0,7760487000.0,1214025000.0,377004000.0,15509637922.933,19347297922.933,5.108133745473946,2.2091720393525223,0.4201245133147612,1.017520660311951,0.025237755199477373,5.108133745473946,0.04072974235848287,1.2014319236151103,17.382887400791944,2.832002101123095,1.12445137833488,9.8702539074566,0.01617181530905578,0.9732607064721155,1.7687410201401912,0.01681691964912749,55.06530209555881,0.0717745679972894,0.049999999999999906,0.5141931595964905,5.008189438715269,0.6866649603017541,0.0872349263566983,0.049274639671847364,0.09302101910652996,0.9130374947880736,0.6696265504589466,0.169125013558612,Oil & Gas Refining & Marketing,Energy,UGP
2011Q2,2011,Q2,2011-06-30,2011-06-30,212584000.0,12187491000.0,363907000.0,0.2,852216000.0,0.06992546702188333,13073784000.0,5492438000.0,6294319000.0,2726529000.0,7555914000.0,1330942000.0,405805000.0,33326276564.671978,36480864564.67198,2.3241921459743304,2.3085465072992073,0.4211108275920728,1.0023803636927717,0.02409808429730156,2.3241921459743304,0.03870485201653619,2.7344657374247068,39.191891869416295,6.067665500215383,0.0006679712490121552,8.516731007061164,4.26090204600082e-06,0.9322083797621254,1.8025617919339938,0.01626032677302914,3326.3076718906054,0.06992546702188333,0.11111111111111122,-0.3395411106976384,1.7862292764643608,-0.22565919588478675,0.032100858654975716,0.10138590265005311,0.08962021223081898,-0.07271489697067503,-0.2099832831784814,-0.4692353002167852,Oil & Gas Refining & Marketing,Energy,UGP
2011Q1,2011,Q1,2011-03-31,2011-03-31,193015000.0,10806074000.0,333976000.0,0.18,825710000.0,0.0764116551487617,12797852000.0,5280783000.0,6190417000.0,2727945000.0,7493462000.0,1258473000.0,193120000.0,14628409719.51,13466734719.51,4.944655226980331,2.2692601940288384,0.09794073255418174,0.23735703587895962,0.037050050272060195,4.944655226980331,0.036550450946384275,1.353721038696385,18.947244669468695,2.7701213474422257,1.2995570292464316,7.930534862488111,0.017147045017850516,0.8443662264573774,1.7869286220946536,0.015081827794226718,-11665.398500406698,0.0764116551487617,-0.21739130434782614,1.053502853788931,4.947485114122511,0.7214782714874987,-0.028847250825358106,-0.2189580171977744,-0.16594618218143223,1.1696132489916788,0.8459353345438637,0.14890781563295608,Oil & Gas Refining & Marketing,Energy,UGP
2010Q4,2010,Q4,2010-12-31,2010-12-31,247125000.0,11255138000.0,400425000.0,0.23,850237000.0,0.07554212129606941,12989843000.0,5153330000.0,6457487000.0,2517929000.0,7814260000.0,1133537000.0,0.0,14337396394.29,17153226394.29,4.825314753674701,2.5646024967344196,0.42019353120742103,1.05916911977304,0.027755950384878054,4.825314753674701,0.047954429465995776,1.2738534520225342,14.504194632564491,2.782161513873554,0.00023065250379362672,9.17914545356702,3.975617220341398e-06,0.8664568155288713,2.100457161421152,0.019024479356678906,50.21608885830467,0.07554212129606941,1.6825285747609051,2.685829205672807,5.158755805221244,0.7548325873117878,0.05646669392005149,0.21966567464724085,0.1658596804858804,2.010930726444971,0.7652419977415946,0.13221214508391443,Oil & Gas Refining & Marketing,Energy,UGP
2010Q3,2010,Q3,2010-09-30,2010-09-30,202617000.0,10910596000.0,343459000.0,0.08574,804793000.0,0.07376251489836119,12480635000.0,5068346000.0,6135422000.0,2144953000.0,7389056000.0,1092381000.0,1534658000.0,30374948443.23414,33287635443.23414,2.1447324423653784,2.860399272151884,0.4343615529177802,1.0696010098758055,0.023621253105250845,2.1447324423653784,0.03997694711450244,2.7839861766702882,37.47828223104939,5.993069226772232,0.8686289896701659,9.251170608057079,0.0057942155960828585,0.8742019937286845,2.338124891314635,0.01623451050367229,158.27374992566536,0.07376251489836119,0.033759344104171654,-0.2905048825740283,1.088513861571336,-0.3548012079534707,-0.021977741536412444,0.033760204081632654,0.018616058982982485,1.2518000821803716,-0.514567378111662,-0.30806416083139276,Oil & Gas Refining & Marketing,Energy,UGP
2010Q2,2010,Q2,2010-06-30,2010-06-30,196000000.0,10377359000.0,337182000.0,0.08294,822878000.0,0.07929551247094757,11979979000.0,5153138000.0,6217340000.0,1912259000.0,6805118000.0,1024700000.0,1615039000.0,24997936681.69591,27850538681.69591,2.180613211605096,3.251306439138213,0.4423466852487805,1.028364464526275,0.023801322722913177,2.180613211605096,0.038035076879369425,2.408891961981455,31.885123318489683,4.8510124669077195,0.0008928571428571428,9.324173904557432,7.000577776810643e-06,0.8662251411292123,2.5884804307366314,0.016360629680569557,94.96722099821034,0.07929551247094757,0.39472312374930635,-0.48085742276688564,1.0466072453615205,-0.335444525236707,0.13592698067809572,0.39471006397165037,0.29138038008134753,0.44536166743197847,-0.5377768650936978,-0.2861599167782091,Oil & Gas Refining & Marketing,Energy,UGP
2010Q1,2010,Q1,2010-03-31,2010-03-31,140531000.0,9940798000.0,261102000.0,0.059467,724411000.0,0.07287251989226619,10799031000.0,4958839000.0,5067655000.0,1711036000.0,5819657000.0,1011973000.0,1418917000.0,25235748861.19497,28080027861.19497,2.0983932193592723,2.961746567576603,0.4023208193401797,0.8761476224575954,0.02062039186000237,2.0983932193592723,0.028339496402282872,2.538603929100558,44.89356238337977,5.089043798597811,1.1604485842981265,9.107344761174458,0.006462221545197206,0.9205268509739438,2.2234184435628475,0.01301329721157389,-179.09125584553948,0.07287251989226619,-0.056079365079365104,-0.6220986741626855,1.3698934481720628,-0.20997430828441802,-0.04179199635981725,-0.05545062877652388,-0.029602292365841967,0.04083452383280872,1.3349027438925416,-0.30529971130230704,Oil & Gas Refining & Marketing,Energy,UGP
2009Q4,2009,Q4,2009-12-31,2009-12-31,148781000.0,10422445000.0,269067000.0,0.063,756006000.0,0.07253633864222839,11129300000.0,4829300000.0,5416800000.0,2527000000.0,6265000000.0,942200000.0,0.0,24147566834.796825,26641866834.796825,2.0435772111681247,2.143569449940641,0.39371748447790966,0.9073364669827926,0.021592304103198658,2.0435772111681247,0.030807984594040543,2.316881195803559,40.57568983068541,5.000220908785296,0.007830300912078828,10.259434302695817,4.824502642316849e-05,0.936487020747037,1.6948951325682629,0.013368405919509763,2110.985823480796,0.07253633864222839,0.11571565189671656,-0.6309833946937898,1.3270750744669257,-0.18155955651645983,0.039357802958021826,0.11498223894243019,0.06383811545897732,-0.11255958182258857,1.456175452818711,-0.31069091186750064,Oil & Gas Refining & Marketing,Energy,UGP
2009Q3,2009,Q3,2009-09-30,2009-09-30,133438000.0,9660251000.0,252921000.0,0.056466,727378000.0,0.07529597315846141,10480335000.0,4836284000.0,4851897000.0,2101305000.0,5604524000.0,920451000.0,1278876000.0,9714818829.720755,13616794829.720755,4.446727024903584,2.3089922690899227,0.39010880854476504,0.8453744651885621,0.019056606213390625,4.446727024903584,0.027591018228044505,1.005648696883834,18.20099752267112,2.0087362176664474,0.8937484075001124,9.704887060799543,0.012276090999777093,0.921750211228935,1.782619848141988,0.012732226593901818,25.97163205870996,0.07529597315846141,0.42988098252722223,-0.3959059486257419,3.2921522113688613,0.8147448935919522,0.04759243763439157,0.429866483787317,0.1758079812555787,-0.1070738224545726,3.432043749366418,0.4682737443155686,Oil & Gas Refining & Marketing,Energy,UGP
2009Q2,2009,Q2,2009-06-30,2009-06-30,93322000.0,9621818000.0,215104000.0,0.03949,694333000.0,0.07216235019203232,10200417000.0,4829816000.0,4824639000.0,1885076000.0,5332513000.0,979626000.0,185399000.0,8440274675.560004,10235116675.560005,4.440780014678983,2.5593869955375803,0.20446017059890786,0.4318133444421071,0.02171053246737615,4.440780014678983,0.019322061130279084,0.8772016551923976,22.610624171042208,1.7475354497065736,1.310934184865305,9.113156449502156,0.014494670458326395,0.9432769268158351,1.7500488043983373,0.009148841660100758,36.917872110680044,0.07216235019203232,-0.5288489071299036,-0.508891245849466,3.7526175943443825,0.8671876810849248,0.3195656264075426,0.023727772353799404,0.2100197447248958,-0.37002827007077044,3.7794892483178804,0.47951501059038104,Oil & Gas Refining & Marketing,Energy,UGP
2009Q1,2009,Q1,2009-03-31,2009-03-31,91159000.0,6411386000.0,177769000.0,0.083816,526183000.0,0.08207008593773639,10080489000.0,4741529000.0,4367484000.0,3024237000.0,5299703000.0,871127000.0,1181256000.0,7389315666.250605,11361758666.250605,4.359604428454587,1.4441606263001214,0.41054347661110485,0.872815288064251,0.015164295667037357,4.359604428454587,0.019225654846780436,1.152530149682238,20.26490984502519,1.5584246487263085,0.0014918987702804989,6.7558496063145785,1.8404951979674654e-05,0.6360193439028603,1.1040857578291647,0.009043112888670381,30.373333386428992,0.08207008593773639,0.21472463768115935,-0.1464363842503219,2.605678427964308,0.9740044654827728,-0.13524843175967063,0.20622165262012582,-0.4202670534279306,-0.04765395538464398,2.4650406301458503,0.5177932436855622,Oil & Gas Refining & Marketing,Energy,UGP
2008Q4,2008,Q4,2008-12-31,2008-12-31,75574004.0,7341373500.0,306639464.0,0.069,608478804.0,0.08288351001348726,9667200000.0,4650100000.0,5135800000.0,2747700000.0,4978900000.0,1033700000.0,0.0,7105700825.128814,5856100825.128814,4.275539926626343,1.8691269061396805,0.002637785501489573,0.005483753037569084,0.039912354073636594,4.275539926626343,0.016252124470441495,0.9678980132435455,23.50577066529654,1.5280748425042072,0.4950526109480715,6.51339334042759,0.005265224208102199,0.7594105325223436,1.4076136404993267,0.007817569099635883,-36.42550625808351,0.08288351001348726,-0.365546411659234,-0.2518952553148802,3.0142529776512346,1.0277398234938921,0.12474189185714106,-0.3607143554411754,0.9696234510673998,0.10683258775544355,2.944668032378792,0.5548947943515568,Oil & Gas Refining & Marketing,Energy,UGP
2008Q3,2008,Q3,2008-09-30,2008-09-30,118216332.0,7839066716.0,155684308.0,0.108755,540994168.0,0.06901257351156341,9385012260.0,4749286256.0,5428077304.0,2620697716.0,4597246004.0,867067916.0,195174408.0,6533979101.696205,9536196397.696205,4.369193787006302,2.0712336531070568,0.3635102652492433,0.7183286313159221,0.013952855927632813,4.369193787006302,0.024891389069389463,0.8335149244692568,13.817843505955262,1.375781275226676,1.0399759765850287,8.416956057684413,0.018815815509431996,0.8352750639880357,1.674836595309186,0.012596289565209369,-99.49009539413115,0.06901257351156341,0.1210006596850004,-0.07304685634059856,3.3818807003674696,1.1010835972650048,0.11016033014217226,0.13852521051003425,0.06186013498631207,-0.10005264509527194,2.2622657930474674,0.31438239004052887,Oil & Gas Refining & Marketing,Energy,UGP
2008Q2,2008,Q2,2008-06-30,2008-06-30,103832862.82,6987077549.54,146614702.7,0.097016,487311745.2600002,0.06974471684403771,8991760895.88,4686845838.86,5157203488.58,2520604629.08,4268434146.18,664056954.38,1119206510.68,8095006253.95705,10941503615.11705,4.378950120314373,2.0460184152174383,0.36110983907365385,0.6927928593635553,0.01348101624811801,4.378950120314373,0.022154102436886567,1.1585682564078585,19.49047255874614,1.727175702439155,0.0031019050351943286,9.787964362708223,3.9787452893264785e-05,0.7770533080724444,1.745917613999719,0.011547556037391512,-32.728331860161234,0.06974471684403771,0.16451806505821642,0.22375665884854845,3.5557359322016504,1.1906590677580866,0.04722518063667145,0.15472699110875826,0.4522937566080291,-0.39277748097597387,2.0424657151344046,0.33451235674587015,Oil & Gas Refining & Marketing,Energy,UGP
2008Q1,2008,Q1,2008-03-31,2008-03-31,89919837.0,5916954481.0,100953889.0,0.08331,465336161.0,0.07864453960128412,8976489557.0,4645793606.0,5328274879.0,2661236546.0,4295424021.0,712866844.0,1013997234.0,8090676005.906025,11172815514.906025,4.303787614375504,2.002180109471561,0.3639499664378655,0.7032152846352684,0.010906167678339995,4.303787614375504,0.019355108002187045,1.36737168282874,22.49413554293372,1.7415056913972655,2.649278234345554,7.647456696695519,0.02944409921075846,0.659161295006005,1.4151943323718357,0.010017260804350758,-168.51694207559004,0.07864453960128412,0.0819480519480519,-0.11639541285203951,2.7343254095388447,1.1893835758840703,-0.1085898704587283,0.08390898965778981,-0.5035637444602945,-0.47064643368357056,2.0880893177872992,0.6203363390976628,Oil & Gas Refining & Marketing,Energy,UGP
2007Q4,2007,Q4,2007-12-31,2007-12-31,82958844.2,6444561121.06,203357204.22,0.077,522022518.6800003,0.08100202773686133,9308532829.44,4600519955.2,5780023857.92,3093544829.44,4673215173.12,631048404.48,925424065.28,8260517476.26852,10660519053.22852,4.261846840829525,1.8684144489887067,0.35046669891545745,0.7091221871111688,0.023458587646979567,4.261846840829525,0.0180324930677088,1.28178122933371,24.893420213141425,1.7955617097001395,0.034847919927987615,9.385236632141275,0.0003499711934882208,0.6923283442346417,1.0520069894410173,0.008912128873588642,-81.04688179536166,0.08100202773686133,1.0217933569646842,-0.567294131199937,2.7612935802010785,1.2929632404371647,0.09429773123179426,2.373197753724768,0.9101442995686675,-0.5495514616069722,2.150055334508093,0.7068441551438296,Oil & Gas Refining & Marketing,Energy,UGP
2007Q3,2007,Q3,2007-09-30,2007-09-30,24593531.2,6143195787.4,106461697.3,0.038085,477038838.5,0.07765320445726806,7066416405.3,2002051613.8,3713553758.6,2358846069.3,3900737654.1,564583840.8,1079918477.4,5923456403.2,8758083853.4,3.0996117283683025,1.5743094926503687,0.4127022061723787,1.4566685594407125,0.01594178263150301,3.0996117283683025,0.012284164419377868,0.9642304442500927,60.21356139373756,2.9586931537479026,0.04561964651908141,10.035988527179965,0.00018940769098830463,0.8693509460880963,1.2835328128038779,0.003480339933202096,-144.3274950070506,0.07765320445726806,-0.3406564869637478,-0.5886836482411983,4.870253438207429,0.7841726612066838,0.000334890516017905,-0.3412536189554662,-0.2643031231282952,-0.8125224465544282,3.596046488132354,0.2649763578181563,Oil & Gas Refining & Marketing,Energy,UGP
2007Q2,2007,Q2,2007-06-30,2007-06-30,37333838.8,6180993283.2,144708643.8,0.057762,476879136.1999998,0.07715250839960658,6855233771.8,1987439657.4,3643027041.4,2050761381.2,3752131800.6,540432292.0,75165256.4,5204526898.494881,7974523006.294881,3.054764313266473,1.7764265871187257,0.41093618169352597,1.4174335207164614,0.022689184610128137,3.054764313266473,0.01878489173796638,0.8420211218544494,34.85127076253729,2.6187093928192637,0.05204113915014815,10.554724859039327,0.00037330876329256255,0.901645879477723,1.4513355063563744,0.0054460343793931824,123.30672304120169,0.07715250839960658,0.008238785128294644,-0.31988217787931195,6.113520896061456,0.779936002730674,1.139873690343257,0.004359267323019036,1.441041889288788,-0.6715635351898686,4.103746419413151,0.28441811472197615,Oil & Gas Refining & Marketing,Energy,UGP
2007Q1,2007,Q1,2007-03-31,2007-03-31,37171797.0,1172129408.7,59281507.8,0.05729,222853871.4000001,0.19012736114791767,3765085444.8,1965194943.3,1645128697.2,662855218.8,1766152004.4,227628400.5,37480362.0,4913437235.553,6348791103.153001,3.0205734091358827,2.4818823938329384,0.38943051585324273,0.7461036738359696,0.011196798132714228,3.0205734091358827,0.018915068516093512,4.19188973425934,33.045464788486015,2.5002289224814738,1.6674598782512453,4.17028602412905,0.01261489200503117,0.31131548696161476,2.0534807651724867,0.009872763193552053,-51.16698860161028,0.19012736114791767,-0.1930985915492957,0.18961223436083607,0.579156179392127,0.0,-0.015059451090300434,-0.19465460666981155,-0.11334074151605489,-0.41815811471745845,0.10195970106349102,0.36769872033238893,Oil & Gas Refining & Marketing,Energy,UGP
