Quarters,Year,Quarter,FillingDate,Date,NetIncome,Revenue,OperatingIncome,EPSDiluted,GrossProfit,GrossProfitRatio,TotalAssets,CommonStockEquity,CurrentAssets,CurrentLiability,TotalLiability,Inventory,RetainedEarnings,MarketCap,EnterpriseValue,bookValuePerShare,currentRatio,debtToAssets,debtToEquity,roic,shareholdersEquityPerShare,roe,priceToSalesRatio,peRatio,pbRatio,payoutRatio,inventoryTurnover,dividendYield,assetTurnover,quickRatio,returnOnAssets,priceToFreeCashFlowsRatio,grossProfitMargin,epsdilutedGrowth,fiveYNetIncomeGrowthPerShare,fiveYRevenueGrowthPerShare,fiveYShareholdersEquityGrowthPerShare,grossProfitGrowth,netIncomeGrowth,operatingIncomeGrowth,threeYNetIncomeGrowthPerShare,threeYRevenueGrowthPerShare,threeYShareholdersEquityGrowthPerShare,Industry,Sector,Symbol
2023Q1,2023,Q1,2023-04-28,2023-03-31,14617000.0,321679000.0,23473000.0,1.22,109124000.0,0.339232589,2920207000.0,800425000.0,1947394000.0,816963000.0,2093792000.0,0.0,777121000.0,434275407.45,1409600407.45,72.15844648907024,2.3836991393735087,0.34437455974867537,1.2563887934534779,0.008914167658886182,72.15844648907024,0.018261548552331575,1.3500272241893316,7.4275741850242865,0.5425560264234625,0.11452418416911815,0.0,0.0038546967460798133,0.1101562320753289,1.8540594861701203,0.005005467078190005,-4.84390442646173,0.33923258900954056,-0.3475935828877006,1.6019669593359265,0.637067622099185,0.8020594188997633,-0.0011898877844289453,-0.3478338464284121,-0.27348416849794177,1.1735768945390825,0.59291476561944,0.5859693061272668,Capital Markets,Financial Services,OPY
2022Q4,2022,Q4,2023-02-28,2022-12-31,22413000.0,313580000.0,32309000.0,1.87,109254000.0,0.3484086995,2714392000.0,794233000.0,1857718000.0,791970000.0,1893971000.0,0.0,764178000.0,464244793.08,1146048793.08,72.41843827035993,2.345692387337904,0.4016520089950162,1.3726966771715605,0.011559221332568906,72.41843827035993,0.028219678608166623,1.4804668444416098,5.178298231829741,0.5845196473578912,0.07187792798822112,0.0,0.003470152006039598,0.11552494997038011,1.9934707122744548,0.008257097722068146,3.248466140562024,0.34840869953440906,4.054054054054054,0.26476601703468383,0.4153028069451573,0.8142302289256819,0.00906975025860795,3.9586283185840707,1.2663439955106621,0.028310025008369745,0.2367647499038099,0.5636973538511306,Capital Markets,Financial Services,OPY
2022Q3,2022,Q3,2022-10-28,2022-09-30,4520000.0,294111000.0,14256000.0,0.37,108272000.0,0.3681331198,2856025000.0,770742000.0,1673627000.0,669726000.0,1955685000.0,0.0,743650000.0,349162847.22,1291534847.22,68.38524588200315,2.49897271421447,0.342766607435159,1.2701396835776433,0.004738656046152941,68.38524588200315,0.005864478645253535,1.1871805108275448,19.312104381637166,0.45302169496407363,0.3767699115044248,0.0,0.004877380321414828,0.10297914058875535,2.1646195608353267,0.0015826191997619068,2.512921093798355,0.36813311980850766,1.9487179487179487,-0.319675483228998,0.5241919396562137,0.7913392452055343,1.042829380577725,1.9576271186440677,6.6103896103896105,0.30254887351710363,0.42550534290746095,0.547941298435837,Capital Markets,Financial Services,OPY
2022Q2,2022,Q2,2022-07-29,2022-06-30,-4720000.0,237222000.0,-2541000.0,-0.39,53001000.0,0.2234236285,2920581000.0,779659000.0,1788286000.0,594731000.0,2011448000.0,0.0,742614000.0,395822999.59999996,1321409999.6,65.07942536444767,3.006882103001189,0.3294525986439,1.2341203013112143,-0.0010076586697475238,65.07942536444767,-0.006053928704728605,1.6685762686428744,-20.96520125,0.5076873345911481,-0.388771186440678,0.0,0.0046359105000325,0.08122424955856386,2.624452063201683,-0.0016161167931997092,-5.007755365501884,0.22342362849988617,-1.5416666666666665,-2.961026449927472,0.21631215316991922,0.7287837004031706,-0.2839734669890977,-1.4827163019022296,-1.1519282511210762,-1.4131278816032342,0.023956336631354748,0.49835155017482585,Capital Markets,Financial Services,OPY
2022Q1,2022,Q1,2022-04-29,2022-03-31,9778000.0,266028000.0,16725000.0,0.72,74021000.0,0.2782451471,3019457000.0,814391000.0,1805226000.0,636527000.0,2074746000.0,0.0,748323000.0,543339402.56,1690466402.56,65.32042331695385,2.836055658283152,0.39562742572588383,1.4668384105423562,0.005222777390333912,65.32042331695385,0.012006517753757101,2.0424143419489678,13.89188490897934,0.6671726511712434,0.19380241358150951,0.0,0.003487691102599059,0.08810458304258018,2.476052076345544,0.0032383306005020107,-3.51366695051605,0.27824514712737003,-0.8438177874186552,3.1680711398538604,0.3406407724201677,0.748132881135617,-0.5532614730946576,-0.8445394851900726,-0.822535121599253,-0.08777238746643087,0.10347336046532318,0.5338400752630091,Capital Markets,Financial Services,OPY
2021Q4,2021,Q4,2022-02-28,2021-12-31,62897000.0,365118000.0,94244000.0,4.61,165692000.0,0.4538039757,3043250000.0,823196000.0,1853827000.0,724983000.0,2090220000.0,0.0,740926000.0,584709655.98,1289065655.98,65.28299666271573,2.5570627173326823,0.3016889838166434,1.1153054679565984,0.033343905936658834,65.28299666271573,0.07640586203042775,1.6014265415016515,2.324076092579932,0.7102921491115116,0.23066282970570934,0.0,0.02481231471316124,0.11997634108272406,2.2884591776634764,0.02066770722089871,6.3664041459882625,0.4538039757010062,1.401041666666667,38.23168524014091,0.7669896515851027,0.7079322393064948,0.5963696973784359,1.3960761904761905,0.36366135636874014,6.993123366739024,0.5757686653657376,0.5847816699510212,Capital Markets,Financial Services,OPY
2021Q3,2021,Q3,2021-10-29,2021-09-30,26250000.0,315342000.0,69111000.0,1.92,103793000.0,0.32914423070824694,2891400000.0,774954000.0,1796971000.0,644663000.0,2116446000.0,0.0,692537000.0,574747581.9399999,1481810581.94,61.0662276151411,2.787457943142386,0.3624133637684167,1.3521860652374205,0.024012918101733154,61.0662276151411,0.03387297826709714,1.8226166572800322,5.473786494666666,0.7416538038902953,0.0726095238095238,0.0,0.003316238397326523,0.1090620460676489,2.655458743560589,0.009078647022203777,5.029556871554334,0.32914423070824694,-0.15789473684210523,39.833271478507925,0.5682031607187343,0.589620753537336,-0.001971191753687571,-0.15754677621233032,-0.00704012873378256,4.4125241195638685,0.38646384043268095,0.4907683360036834,Capital Markets,Financial Services,OPY
2021Q2,2021,Q2,2021-07-29,2021-06-30,31159000.0,340293000.0,69601000.0,2.28,103998000.0,0.3056131040015516,2714318000.0,752507000.0,1634265000.0,617833000.0,1961811000.0,0.0,668193000.0,645118470.44,1550457470.44,59.30299260212885,2.6451565390647636,0.34820422662340966,1.2559843297138764,0.026418369986794383,59.30299260212885,0.041406923789413255,1.8957735552597321,5.176020334734748,0.85729231813126,0.04891042716390128,0.0,0.0023623567915526627,0.12536961402459107,2.5128165701734937,0.011479495033374866,90.45407605720696,0.3056131040015516,-0.21649484536082486,5.326909389808218,0.6903384042683016,0.5425166356396068,-0.0664955208875644,-0.19398313415075794,-0.0795588293637674,2.6739898206816726,0.4648191078621796,0.4596059388268746,Capital Markets,Financial Services,OPY
2021Q1,2021,Q1,2021-04-30,2021-03-31,38658000.0,373282000.0,75617000.0,2.91,111406000.0,0.2984499654416768,2709151000.0,719740000.0,1541100000.0,969251000.0,1989411000.0,0.0,638558000.0,503794156.49999994,888548156.5,57.21699354406863,1.5899906216243265,0.15255664966626076,0.5742337510767778,0.042233799977935256,57.21699354406863,0.053711062328062914,1.3496342081857682,3.2580200508303583,0.6999668720649123,0.03895700760515288,0.0,0.002989316133522879,0.13778560146702787,1.510244508388436,0.01426941503076056,80.36276224278194,0.2984499654416768,-0.5283630470016207,11.688508036255232,0.8155159677796634,0.5029005133254189,-0.3594337561379501,-0.5278700537371763,-0.44697734287009816,5.068282308822121,0.6751890367040467,0.42891687881381335,Capital Markets,Financial Services,OPY
2020Q4,2020,Q4,2021-03-01,2020-12-31,81880000.0,422908000.0,136734000.0,6.17,173918000.0,0.4112431072479121,2713903000.0,685668000.0,1479257000.0,567736000.0,2028235000.0,0.0,601406000.0,392341884.34,1363082884.34,54.927975065044265,2.6055367283385236,0.37074464341577423,1.4674230093864669,0.05218820495696953,54.927975065044265,0.11941639393992427,0.9277239596791736,1.1979173312774791,0.5722038717571769,0.17074987787005375,0.0,0.03563473735035688,0.15583018258205986,2.45873786407767,0.0301705698398211,4.195990378379534,0.4112431072479121,4.184873949579832,29.006378089519735,0.9742424311105524,0.423302289074108,1.1633206458193397,4.235628876526632,1.9906170031276655,3.059443594355383,0.6769703855067769,0.3760582961572353,Capital Markets,Financial Services,OPY
2020Q3,2020,Q3,2020-10-29,2020-09-30,15639000.0,276259000.0,45721000.0,1.19,80394000.0,0.29100952367162697,2608618000.0,615216000.0,1331089000.0,517450000.0,1993402000.0,0.0,533507000.0,280200860.64,1008729860.64,49.006348833604356,2.572401198183399,0.29157546256293565,1.2363283789758395,0.02095467184900918,49.006348833604356,0.02542034017320746,1.014268713924252,4.479200406675619,0.45545119216665364,0.09642560266001662,0.0,0.005381853562318166,0.10590243569583588,2.4232041743163593,0.005995128454990344,-2.106504135862333,0.29100952367162697,-0.11194029850746277,19.783367128969893,0.41089809859493437,0.28332712700988405,0.018354550636519095,-0.11388747237803841,0.08120699032799679,1.1132846810483539,0.2853345051943403,0.28371251426575234,Capital Markets,Financial Services,OPY
2020Q2,2020,Q2,2020-07-30,2020-06-30,17649000.0,264730000.0,42287000.0,1.34,78945000.0,0.2982094964680996,2364317000.0,601137000.0,1236875000.0,509279000.0,1763180000.0,0.0,519376000.0,275435688.77,803126688.77,47.55656497708984,2.428678582859297,0.2448605664976397,0.96305501075462,0.023211613064393552,47.55656497708984,0.029359364005210126,1.0404400285951723,3.901576417502408,0.4581912089423875,0.08657714318091676,0.0,0.005547574487618205,0.11196891110625183,2.2509056921648054,0.007464735058792878,1.2336163420445638,0.2982094964680996,1.3103448275862073,64.05940489009414,0.20489197312513574,0.22925511992008732,0.10513053825155735,1.2574827321565618,0.19232504370382902,15.037308744197624,0.2864450728387053,0.2633027092533389,Capital Markets,Financial Services,OPY
2020Q1,2020,Q1,2020-05-01,2020-03-31,7818000.0,234770000.0,35466000.0,0.58,71435000.0,0.3042765259615794,2139633000.0,586730000.0,1254708000.0,534195000.0,1552903000.0,0.0,503255000.0,254819605.04000002,932429605.04,45.49800945723968,2.348782747872968,0.3276963853146778,1.1950130383651765,0.01825682638521438,45.49800945723968,0.013324697901931042,1.085401052263918,8.148490823740088,0.43430471433197554,0.19966743412637503,0.0,0.006125902281949475,0.10972442470274107,2.124931906887934,0.0036538976544108264,-1.0514572168236718,0.3042765259615794,-0.6847826086956522,0.4527036292663814,0.015978830023609142,0.1760268166072452,-0.2864064092062414,-0.6926282681344604,-0.451271022542664,2.675935261415177,0.1438412407420341,0.21763703172107768,Capital Markets,Financial Services,OPY
2019Q4,2019,Q4,2020-03-02,2019-12-31,25435000.0,295881000.0,64633000.0,1.84,100106000.0,0.3383319645397981,2464755000.0,592722000.0,1037397000.0,666092000.0,1872033000.0,0.0,496998000.0,351699152.64,931357152.64,46.312311069661384,1.5574380115659698,0.26745376315293,1.1121706297387308,0.032304965526982254,46.312311069661384,0.04291219155017023,1.1886506826731016,3.45684246746609,0.5933627444906718,0.06038922744250049,0.0,0.004367369066630231,0.12004479147014611,1.4847528569627018,0.010319484086653643,6.4069945646985955,0.3383319645397981,5.344827586206897,9.08479317570548,0.23606355427020484,0.19633085921470655,0.282752434648898,5.4408711066092685,0.5703629913989989,15.834164182399737,0.41080313645182853,0.21162160434096866,Capital Markets,Financial Services,OPY
2019Q3,2019,Q3,2019-10-25,2019-09-30,3949000.0,234793000.0,41158000.0,0.29,78040000.0,0.3323778817937502,2203488000.0,566627000.0,955099000.0,529381000.0,1636861000.0,0.0,473099000.0,385547876.64,1016983876.64,44.17819070471538,1.8041807318358611,0.29844909525261765,1.1606030069163664,0.01746015029222501,44.17819070471538,0.006969311381208449,1.6420756864131383,24.407943570524182,0.6804262356717912,0.39073183084325147,0.0,0.004002096998813859,0.10655515255812603,1.664904860582454,0.001792158613979291,6.517366949642477,0.3323778817937502,-0.6741573033707866,-0.06114645053304225,0.019780468868637307,0.14358069982290728,-0.12779131367771643,-0.6808888888888889,-0.2292798022545972,6.780258986911936,0.15529034738866085,0.15000666555884357,Capital Markets,Financial Services,OPY
2019Q2,2019,Q2,2019-07-26,2019-06-30,12375000.0,250935000.0,53402000.0,0.89,89474000.0,0.3565624564130153,2652416000.0,563610000.0,1052575000.0,557773000.0,2088806000.0,0.0,470693000.0,357884561.29999995,1324137561.3,43.434016107137396,1.8871028178129812,0.391175441559695,1.8409183655364525,0.020977697457359973,43.434016107137396,0.021956672166923936,1.4262042413373979,7.229991137373737,0.6349861806923226,0.1157979797979798,0.0,0.004004084431009514,0.09460620053566259,1.7696876686393928,0.004665557740565583,-6.299564543838341,0.3565624564130153,0.09876543209876537,9.357268783068331,0.05470743388732178,0.12932521926351284,0.03939221449066598,0.10550294800786135,0.0527955208579765,1.4571888937189266,0.2188973023406532,0.12975230183397174,Capital Markets,Financial Services,OPY
2019Q1,2019,Q1,2019-04-26,2019-03-31,11194000.0,251770000.0,50724000.0,0.81,86083000.0,0.3419112682209954,2527564000.0,554487000.0,1006197000.0,799896000.0,1973077000.0,0.0,459751000.0,342304843.76,968057843.76,42.586202023541006,1.2579097782711752,0.28043839839465984,1.2783455698690862,0.023960728969481416,42.586202023541006,0.020188029656240815,1.3595934533899987,7.644828563516168,0.6173361030285651,0.12792567446846526,0.0,0.0041834055991448885,0.09960974281956857,1.1890645783951914,0.004428770151814158,28.81596462328479,0.3419112682209954,0.37288135593220356,2.6098070083980005,0.025820761804463837,0.09799024534320695,-0.023470823123695434,0.35504176249848685,-0.046971291146851044,3.9901374739258877,0.1830283478870101,0.1185981806692566,Capital Markets,Financial Services,OPY
2018Q4,2018,Q4,2019-03-01,2018-12-31,8261000.0,243254000.0,53224000.0,0.59,88152000.0,0.3623866411240925,2240314000.0,545322000.0,982551000.0,582986000.0,1694992000.0,0.0,449989000.0,338230900.0,979162900.0,41.193684846653575,1.685376664276672,0.3265644905133834,1.3416055101389637,0.02211248886229752,41.193684846653575,0.015148847836690982,1.390443322617511,10.235773514102409,0.6202407018238765,0.17673405156760683,0.0,0.004316577817106598,0.10858031508083242,1.5692881132651555,0.0036874295299676742,7.006626892880078,0.3623866411240925,0.6388888888888888,-0.36547244535263307,-0.15208966511464392,0.06719936729568053,0.1075763286845081,0.6290672451193059,0.16001917963471513,3.6644627406567643,0.07081017012567088,0.06741721077847965,Capital Markets,Financial Services,OPY
2018Q3,2018,Q3,2018-10-26,2018-09-30,5071000.0,237814000.0,45882000.0,0.36,79590000.0,0.33467331612100215,2356285000.0,543538000.0,1026247000.0,498923000.0,1812408000.0,0.0,443188000.0,416647353.59999996,1230165353.6,40.96292236716129,2.0569246156220498,0.3611825394636048,1.5657580518749379,0.023307281392224658,40.96292236716129,0.009329614488775393,1.7519883337398132,20.54068988365214,0.7665468717918527,0.2879116545060146,0.0,0.003504162422693953,0.10092751937902249,1.9487796714122219,0.00215211657333472,3.996195639788607,0.33467331612100215,-0.4285714285714286,-0.007232637349340936,0.0018348229983130419,0.09206064290404829,-0.06259937577292268,-0.42732919254658386,-0.11777260753360125,6.7622802035008736,0.1490870374962436,0.07269426771355018,Capital Markets,Financial Services,OPY
2018Q2,2018,Q2,2018-07-27,2018-06-30,8855000.0,242556000.0,52007000.0,0.63,84905000.0,0.35004287669651546,2521280000.0,538292000.0,1059050000.0,572593000.0,1982639000.0,0.0,439577000.0,370966736.0,1278847736.0,40.62945417294773,1.8495685417041423,0.37554020180225917,1.7589746828858686,0.024760222350410928,40.62945417294773,0.01645017945650316,1.529406553538152,10.473369169960474,0.6891552094402295,0.1645398080180689,0.0,0.003927575867610944,0.096203515674578,1.7502589099063384,0.0035121049625587005,9.865349466797863,0.35004287669651546,0.31250000000000006,2.1933398071481784,0.021695398985867,0.09032933571837487,0.12710739413248373,0.32065622669649513,0.2618770320764789,30.143297400705354,0.05327801138517467,0.05020126213310051,Capital Markets,Financial Services,OPY
2018Q1,2018,Q1,2018-04-27,2018-03-31,6705000.0,234530000.0,41214000.0,0.48,75330000.0,0.321195582654671,2533976000.0,530144000.0,1099970000.0,640809000.0,2003467000.0,0.0,432179000.0,340920421.0,1254810421.0,40.04221266639818,1.7165333196006922,0.3775114681433447,1.804424835516388,0.01932253779236424,40.04221266639818,0.012647507092412627,1.453632460666013,12.71142509321402,0.6430713560843846,0.21715137956748695,0.0,0.004270791393866077,0.09255415205195314,1.6058326271946868,0.002646039267933082,-11.127008747021769,0.321195582654671,-0.6883116883116883,0.8813964386355089,0.007984227368710753,0.08024580828941351,-0.11695406004196608,-0.6836219506440806,-0.2039326276751912,0.21352926172142797,-0.01142282819926284,0.03500606847936391,Capital Markets,Financial Services,OPY
2017Q4,2017,Q4,2018-03-02,2017-12-31,21193000.0,264973000.0,51772000.0,1.54,85307000.0,0.3219460095934303,2438517000.0,523550000.0,1036808000.0,552027000.0,1914606000.0,0.0,426930000.0,351508800.0,1263857800.0,39.916895394937484,1.8781834946479068,0.3938881705561208,1.8345965046318404,0.04456591727026704,39.916895394937484,0.0404794193486773,1.326583463220781,4.146520077384042,0.6713949002005539,0.06804133440286887,0.0,0.004102315503907726,0.10866153485909674,1.8016981053462964,0.008690937975827111,21.7719913285847,0.3219460095934303,1.7017543859649125,6.944125728489239,-0.0010912584228042672,0.08503351180082701,0.0866026392214806,1.7208884324046732,0.13937366579370145,7.199377420835267,0.08013622601501831,0.03112569124826185,Capital Markets,Financial Services,OPY
2017Q3,2017,Q3,2017-10-27,2017-09-30,7789000.0,226220000.0,45439000.0,0.57,78508000.0,0.34704270179471314,2508401000.0,504418000.0,997560000.0,582849000.0,2003626000.0,0.0,407179000.0,229247961.65,972388961.65,38.17548577972274,1.7115239109958154,0.31411843640630027,1.5620675709431464,0.022006148701526895,38.17548577972274,0.015441558390065382,1.0133850307223058,7.358067840865324,0.45448013681113686,0.18667351392990114,0.0,0.006342477331248279,0.09018494251915862,1.6356878025011623,0.003105165402182506,6.631797085454756,0.34704270179471314,6.699999999999999,2.455439007208562,0.04500331517114895,0.028729631788939232,0.16634725379209936,6.905231235784686,0.34630085034517494,0.7975283899218211,-0.046247084016987176,-0.011803153373706226,Capital Markets,Financial Services,OPY
2017Q2,2017,Q2,2017-07-28,2017-06-30,-1319000.0,215884000.0,33751000.0,-0.1,67311000.0,0.3117924440903448,2607519000.0,499200000.0,1143679000.0,715318000.0,2106405000.0,0.0,400844000.0,217478021.99999997,1017768022.0,37.644631511316575,1.5988399564948736,0.3516262009979601,1.8366826923076922,0.019844880397782563,37.644631511316575,-0.002642227564102564,1.0073836968001333,-41.220246777862016,0.4356530889423077,-1.1068991660348748,0.0,0.006713322047779155,0.08279287706053148,1.5419631548486128,-0.0005058448279763254,-7.51894696445858,0.3117924440903448,0.7222222222222223,-1.5580608798416917,-0.016412595425857327,0.01753004522372106,0.05953186733617718,0.727872911079018,0.10474288893980557,0.12835200875745775,-0.1120911211759914,-0.021204218584205854,Capital Markets,Financial Services,OPY
2017Q1,2017,Q1,2017-04-28,2017-03-31,-4847000.0,213261000.0,30551000.0,-0.36,63529000.0,0.2978931919103821,2525427000.0,500674000.0,1051051000.0,670884000.0,2022848000.0,0.0,403623000.0,229127175.00000003,1000752175.0,37.36582271395787,1.5666657723242767,0.3302593977176929,1.6658464390002277,0.017392719898707477,37.36582271395787,-0.009680950079293113,1.074397920857541,-11.817989220136168,0.45763745471104955,-0.3053435114503817,0.0,0.006459294930860994,0.08444552149002921,1.502225421980551,-0.0019192793931481686,-5.262935846196252,0.2978931919103821,-1.769230769230769,-0.05618483969884616,-0.05670066666408418,0.014001161863211415,0.04765909728062798,-1.7078212290502792,0.14111231464535165,-2.518845746546775,-0.1556530977198251,-0.03660559289907793,Capital Markets,Financial Services,OPY
2016Q4,2016,Q4,2017-03-03,2016-12-31,-1790000.0,218945000.0,26773000.0,-0.13,60639000.0,0.2769599671150289,2236930000.0,510703000.0,1052431000.0,627245000.0,1723596000.0,0.0,410258000.0,248514600.00000003,910236600.0,38.2234114213008,1.6778627171201046,0.32483582409820605,1.4228132593699274,0.006996997597967625,38.2234114213008,-0.003504972557435535,1.1350549224691133,-34.70874301675978,0.4866127671073011,-0.8212290502793296,0.0,0.005915145428075453,0.09787744810968604,1.6087142982407194,-0.0008002038508133916,-5.615514631115129,0.2769599671150289,-1.5999999999999999,-1.530632567628986,0.01241660956677296,0.022962069835251116,-0.04670649268982864,-1.5140449438202248,-0.15006349206349207,-1.136224213091044,-0.24384925766059998,-0.009751115090921539,Capital Markets,Financial Services,OPY
2016Q3,2016,Q3,2016-10-28,2016-09-30,-712000.0,211804000.0,31500000.0,-0.05,63610000.0,0.30032482861513476,2583681000.0,513496000.0,1095732000.0,696433000.0,2067669000.0,0.0,413508000.0,191012472.26999998,951934472.27,38.41559534200358,1.573348764346319,0.33284526998495556,1.6747277486095316,0.013418726180438604,38.41559534200358,-0.0013865736052471685,0.9018360005948896,-67.06898604985955,0.3719843431497032,-2.0646067415730336,0.0,0.007695832541877817,0.08197761256130304,1.5053422224392008,-0.00027557581605469096,13.315613263855,0.30032482861513476,-1.1282051282051282,-1.3457640472242924,-0.021555209370099415,0.04312081783828833,-0.008479595972191913,-1.1372397841171935,-0.0010148420652036027,-1.138370451184788,-0.11426797817648177,0.02414958021554487,Capital Markets,Financial Services,OPY
2016Q2,2016,Q2,2016-07-29,2016-06-30,5188000.0,212074000.0,31532000.0,0.39,64154000.0,0.30250761526636927,2575729000.0,513912000.0,1102316000.0,816871000.0,2053617000.0,0.0,415680000.0,206657654.08,896144654.08,38.44560974704741,1.3494370592174285,0.3094362799813179,1.5508958732234313,0.012008181406873111,38.44560974704741,0.010095113560298262,0.9744601133566586,9.958445165767156,0.40212653932969067,0.2835389360061681,0.0,0.007118052348695276,0.08233552520470903,1.2702642155248502,0.0020141870515104658,-1350.7036214379086,0.30250761526636927,2.3448275862068964,18.155741142267424,-0.07334108676388675,0.059217804510633056,0.06285619615639497,2.3485833116714323,0.14242237600086954,0.8543489755581298,-0.1146157839931433,0.03172383164075471,Capital Markets,Financial Services,OPY
2016Q1,2016,Q1,2016-04-29,2016-03-31,-3847000.0,218694000.0,27601000.0,-0.29,60360000.0,0.2760020851052155,2620864000.0,509384000.0,1046739000.0,750125000.0,2104518000.0,0.0,411678000.0,211133670.06,1040539670.06,38.07104531321668,1.3954194300949843,0.34030190044199166,1.7509089409953984,0.009628128485137643,38.07104531321668,-0.007552259199346662,0.9654296416911301,-13.720670006498569,0.4144882251111146,-0.38367559136989865,0.0,0.006990831919800144,0.08344347512881248,1.3019696717213798,-0.0014678365607677468,-4.894831688691056,0.2760020851052155,-0.2608695652173912,-1.7660512049637436,-0.09833659247577127,0.041930869247907974,-0.06715091569430492,-0.22360050890585242,-0.15388859936850496,-2.0681420349525923,-0.06992603930455062,0.027068295636669567,Capital Markets,Financial Services,OPY
2015Q4,2015,Q4,2016-03-04,2015-12-31,-3144000.0,230360000.0,32621000.0,-0.23,64705000.0,0.2808864386178156,2692964000.0,518058000.0,1193470000.0,841515000.0,2167882000.0,0.0,417001000.0,233309120.0,1127231120.0,38.591924910607865,1.4182397224054235,0.35547671636160005,1.8478355705345733,0.01610756708340287,38.591924910607865,-0.006068818549274406,1.0128022226080917,-18.551933842239183,0.45035328090677107,-0.46978371501272265,0.0,0.006330656941314596,0.085541433156923,1.2878510781150663,-0.0011674868286393727,3.4976781002638524,0.2808864386178156,-2.2857142857142856,-1.191879048552071,-0.19553230209394654,0.05739294510002135,0.012898984048465114,-2.462555066079295,0.04393881208397338,0.13841614808491443,-0.15150219089025554,0.04901775046917447,Capital Markets,Financial Services,OPY
2015Q3,2015,Q3,2015-10-30,2015-09-30,-908000.0,213536000.0,31248000.0,-0.07,63881000.0,0.29915798741195865,2854252000.0,522806000.0,1181821000.0,903583000.0,2324475000.0,0.0,421622000.0,273950866.98,1028052866.98,38.18695000065008,1.3079274399806105,0.2807786418298034,1.5329070439130386,0.012007273216910176,38.18695000065008,-0.0017367819038037054,1.282925909354863,-75.42700082048458,0.5240010003328195,-1.6607929515418502,0.0,0.005504636713232569,0.07481329609298688,1.2013793973547533,-0.0003181218757138473,7.852069906847431,0.29915798741195865,-4.5,-1.258920415258719,-0.08886085726312802,0.06933100057299288,-0.1423412053757233,-4.077966101694916,-0.25762615223795493,-1.3887655642405183,-0.04799728600557317,0.029038562599705515,Capital Markets,Financial Services,OPY
2015Q2,2015,Q2,2015-07-31,2015-06-30,295000.0,238928000.0,42092000.0,0.02,74483000.0,0.3117382642469698,2929543000.0,531794000.0,1201379000.0,869502000.0,2390909000.0,0.0,424038000.0,361243749.96000004,1280575749.96,38.68730274654577,1.3816862985939078,0.33098848523472774,1.823347010308503,0.006875366209202952,38.68730274654577,0.0005547260781430404,1.5119356038639258,306.13877115254235,0.6792926395559182,5.125423728813559,0.0,0.004185539542670071,0.08155811333030442,1.2335198768950502,0.0001006983000420202,-3.959095940116611,0.3117382642469698,-0.95,-0.9688662477695206,-0.07409692172886909,0.09444367675470149,-0.020836619866435296,-0.9484175555166987,-0.02388571958629006,-0.8795919993177014,0.05016150704259305,0.04571332837838006,Capital Markets,Financial Services,OPY
2015Q1,2015,Q1,2015-05-01,2015-03-31,5719000.0,245561000.0,43122000.0,0.4,76068000.0,0.3097723172653638,2784386000.0,530179000.0,1217693000.0,1127420000.0,2247717000.0,0.0,425255000.0,321495840.0,953968840.0,38.68790134267367,1.0800704262830179,0.2511832052021523,1.319160132709896,0.02179152868720455,38.68790134267367,0.010786922907169089,1.3092300487455255,14.053848574925686,0.6063911245070062,0.26420702920090927,0.0,0.00469990529270923,0.08819215439238669,0.9491068102393074,0.002053953726243416,-8.675711471516852,0.3097723172653638,1.105263157894737,-0.3947272004823499,-0.010820438868463754,0.1103341594030492,-0.006919240711245725,1.1291883842144452,-0.01507468822803892,2.218484885535349,0.062014923882827665,0.049878580536815806,Capital Markets,Financial Services,OPY
2014Q4,2014,Q4,2015-03-06,2014-12-31,2686000.0,254928000.0,43782000.0,0.19,76598000.0,0.3004691520743112,2787455000.0,527644000.0,1113818000.0,948250000.0,2253723000.0,0.0,421047000.0,316897500.0,1199573500.0,38.71195891415994,1.1746037437384655,0.33955095239205657,1.793790889311733,0.008571141651171909,38.71195891415994,0.0050905534792397905,1.2430862831858407,29.495299702159343,0.6005896020801904,0.5584512285927029,0.0,0.004733391711831113,0.09145546744252374,1.09619931452676,0.0009636029998690562,4.986899254083656,0.3004691520743112,-0.3870967741935484,-0.5945577417999564,-0.07118200450714113,0.14022718822454577,-0.01005479735318445,-0.39910514541387027,-0.03953141453141453,-0.2194693047647888,0.155539715768124,0.036036924640845576,Capital Markets,Financial Services,OPY
2014Q3,2014,Q3,2014-10-31,2014-09-30,4470000.0,244679000.0,45584000.0,0.31,77376000.0,0.31623474021064335,2875743000.0,526561000.0,1190661000.0,924709000.0,2343177000.0,0.0,419861000.0,276014952.0,1207437952.0,38.6314588131443,1.2876061550174163,0.35099276952078123,1.9169004160961407,0.012597570058149696,38.6314588131443,0.008489044953955952,1.1280696422659893,15.437077852348994,0.5241841913852336,0.3353467561521253,0.0,0.005430865209070268,0.08508375052986307,1.2110285506034872,0.0015543809026049963,10.638054112387266,0.31623474021064335,3.818181818181818,-0.4563097117867036,-0.08504236091864162,0.1429294656020409,-0.07681294294509271,3.8764478764478763,-0.09503484147624626,1.1287726317421776,0.10846192545883512,0.04898228317685928,Capital Markets,Financial Services,OPY
2014Q2,2014,Q2,2014-08-01,2014-06-30,-1554000.0,249689000.0,50371000.0,-0.11,83814000.0,0.3356735779309461,3044958000.0,523757000.0,1240464000.0,935263000.0,2515351000.0,0.0,416890000.0,326699994.26,1415794994.26,38.46014891570632,1.3263263916139096,0.37907550777383464,2.203825438132569,-0.27656298233758,38.46014891570632,-0.0029670247843942895,1.3084276610503467,-52.55791413449163,0.6237625354124146,-0.963963963963964,0.0,0.004585246483989332,0.08200080263832868,1.25457331253348,-0.0005103518669223024,8.503826181998022,0.3356735779309461,-1.4782608695652175,-1.2091632729293436,-0.02466955001278225,0.1611954521692892,0.0839045081861211,-1.4820099255583126,0.11452594313530258,-4.044099656541069,0.0709150360023808,0.05961837420916618,Capital Markets,Financial Services,OPY
2014Q1,2014,Q1,2014-05-02,2014-03-31,3224000.0,255168000.0,45195000.0,0.23,77326000.0,0.3030395660897918,3083114000.0,525033000.0,1302836000.0,983141000.0,2552532000.0,0.0,419942000.0,379707380.25,1406079380.25,38.78559231665079,1.3251771617702852,0.3728094387687254,2.1892223917353766,0.018067962828232937,38.78559231665079,0.006140566402492796,1.488068175672498,29.443810503256824,0.7232066941506534,0.4609181141439206,0.0,0.003913539944948173,0.0827630765518239,1.246700117277176,0.0010456960073484147,-7.032529777008131,0.3030395660897918,-0.7553191489361702,2.5458404093669778,0.23375632518901795,0.19625281059128258,-0.15652031633487865,-0.7578306918050026,-0.23517565829553916,-0.3654512804758731,0.0398438119708161,0.061486638580780247,Capital Markets,Financial Services,OPY
2013Q4,2013,Q4,2013-12-31,2013-12-31,13313000.0,293362000.0,59092000.0,0.94,91675000.0,0.3124978695263872,2952720000.0,522518000.0,1241213000.0,879008000.0,2424849000.0,0.0,418204000.0,335442027.90000004,1374813027.9,38.59980253833899,1.412061096144745,0.3852938985071392,2.177274275718731,0.02085427113590897,38.59980253833899,0.02547854810743362,1.143440622507346,6.299144218057538,0.6419721959817654,0.11146999173739953,0.0,0.004424013321438664,0.09935313880083449,1.2573514689286105,0.004508724159419112,-12.089307957617041,0.3124978695263872,1.5405405405405403,4.361039229227184,0.38304802705270924,0.18522327262608695,0.2031471468318547,1.5421042581630704,0.3809123200598243,-0.19427521809704815,0.01594727297652302,0.057608786833915474,Capital Markets,Financial Services,OPY
2013Q3,2013,Q3,2013-09-30,2013-09-30,5237000.0,243376000.0,42792000.0,0.37,76196000.0,0.3130793504700546,2996648000.0,510293000.0,1186148000.0,932709000.0,2481375000.0,0.0,406375000.0,241747984.51999998,1124945984.52,37.50975061076385,1.2717235493599826,0.32988692699309363,1.9372301795243125,0.019264117885534986,37.50975061076385,0.010262731411169661,0.9933106983433041,11.540384978040864,0.47374348564452184,0.28642352491884665,0.0,0.006204808710104898,0.08121607876534047,1.2056547111692928,0.001747619340009237,1.890546675738238,0.3130793504700546,0.8499999999999999,3.1386249595000613,0.16235853679068937,0.1921057789051586,-0.01721891888405928,0.8388342696629213,-0.03560804110700442,0.502841490622759,0.045060676909752656,0.0503677081088885,Capital Markets,Financial Services,OPY
2013Q2,2013,Q2,2013-06-30,2013-06-30,2848000.0,243830000.0,44372000.0,0.2,77531000.0,0.31797153754665136,2753872000.0,507057000.0,1285847000.0,869032000.0,2242106000.0,0.0,402638000.0,257723171.12,1121547171.12,37.263469707690284,1.4796313599499213,0.3522030072566917,1.9128460902817632,0.0162336995140661,37.263469707690284,0.00561672553578789,1.0569789243325267,22.623171622191013,0.5082725830034889,0.5256320224719101,0.0,0.005808558048911221,0.0885407891143815,1.4031945889219268,0.0010341802378614547,-38.040320460516604,0.31797153754665136,-0.23076923076923075,0.7441557245456686,0.004396524124900042,0.16318317899107687,0.0492049529738142,-0.2224952224952225,0.09652547817921218,-0.6963656348932045,-0.04547543819337607,0.054164180498815544,Capital Markets,Financial Services,OPY
2013Q1,2013,Q1,2013-03-31,2013-03-31,3663000.0,239146000.0,40466000.0,0.26,73895000.0,0.30899534175775467,2629167000.0,504417000.0,1205636000.0,840589000.0,2120259000.0,0.0,401287000.0,259368441.88,1164308441.88,37.06768622393977,1.4342752522338502,0.3817627408224734,1.9898575979794495,0.015560294587092086,37.06768622393977,0.007261848827458234,1.0845610709775617,17.701913860223858,0.5141944896385332,0.4086814086814087,0.0,0.005771712198867299,0.09095884742201618,1.3608267536215677,0.00139321693905332,-2.341060572429168,0.30899534175775467,1.962962962962963,1.2262016282216428,0.08307106600046986,0.12809116261907033,-0.29408674054260603,1.99,-0.3171908747300216,-0.609589856526237,-0.02986544194326024,0.06383434603821327,Capital Markets,Financial Services,OPY
2012Q4,2012,Q4,2013-03-06,2012-12-31,-3700000.0,275279000.0,59264000.0,-0.27,104680000.0,0.3802687455272651,2678020000.0,500740000.0,1174093000.0,943057000.0,2173019000.0,0.0,399121000.0,235066650.17,882721650.17,36.78862907071647,1.2449862521565505,0.2923880329497166,1.563727683029117,0.02178491760566913,36.78862907071647,-0.007389064185006191,0.8539214766473286,-15.882881768243243,0.46943853131365576,-0.40459459459459457,0.0,0.006368406572848045,0.10279198811061904,1.1824725334735864,-0.0013816177623766812,17.205873969404188,0.3802687455272651,-2.6875000000000004,-1.1387185604973513,0.11526714535005686,0.12210514050708726,0.0,-2.5934539190353143,0.0,-1.5592704880727386,0.0043459653005345645,0.08357717512960654,Capital Markets,Financial Services,OPY
2012Q3,2012,Q3,2012-11-06,2012-09-30,2322000.0,222996000.0,0.0,0.16,0.0,0.0,2825670000.0,505095000.0,0.0,1069831000.0,2316647000.0,0.0,404318000.0,217911965.91000003,345408965.91,37.109347879224956,0.0,0.10248896721839422,0.5733574872053772,0.0,37.109347879224956,0.0045971549906453245,0.9772012319055051,23.461667302971577,0.4314276837228641,0.6455641688199828,0.0,0.006878924678322177,0.07891792035163342,1.2752453424886734,0.0008217520092579813,-35.34662869586375,0.0,-0.058823529411764754,-0.8613029107161784,0.07873554526460129,0.18047120816669798,0.0,-0.04128819157720892,0.0,-0.7171708930907517,-0.16493708335091892,0.09789711399694075,Capital Markets,Financial Services,OPY
2012Q2,2012,Q2,2012-08-09,2012-06-30,2422000.0,224915000.0,0.0,0.17,0.0,0.0,2896742000.0,502734000.0,0.0,1197461000.0,2386948000.0,0.0,403495000.0,213616596.24,337169596.24,36.996088408416256,0.0,0.09731622629837244,0.5607339069965429,0.0,36.996088408416256,0.004817657051243799,0.9497658948491653,22.049607374071016,0.42490978577140204,0.6172584640792733,0.0,0.006998519901142677,0.07764412571088485,1.1283624268347778,0.0008361117420881805,15.339408031021112,0.0,1.5,-0.8502231432610909,0.0345280311311029,0.22748393330570021,0.0,1.520077302984754,0.0,-0.6733031228738041,-0.11954487999364473,0.11699228471687159,Capital Markets,Financial Services,OPY
2012Q1,2012,Q1,2012-05-02,2012-03-31,-4657000.0,229422000.0,0.0,-0.34,0.0,0.0,2749470000.0,501060000.0,0.0,1164166000.0,2242303000.0,0.0,402568000.0,235913675.50000003,380566675.5,36.84988155762933,0.0,0.10460197783572835,0.573983155709895,0.0,36.84988155762933,-0.009294296092284358,1.0282957846239682,-12.664466153102856,0.4708291931106055,-0.3210221172428602,0.0,0.006337063745166396,0.08344226341804056,1.2133235294622933,-0.0016937809832440435,-5.171957633621258,0.0,-2.3600000000000003,-1.267573221263567,0.11066888332768701,0.2689590990379947,0.0,-2.356539469851442,0.0,-1.2229945387936292,0.10433485377112621,0.13655024328055693,Capital Markets,Financial Services,OPY
2011Q4,2011,Q4,2012-03-06,2011-12-31,3433000.0,220085000.0,0.0,0.25,0.0,0.0,3527439000.0,508070000.0,0.0,547779000.0,3014036000.0,0.0,408720000.0,218917013.00000003,335272013.0,37.3654239472014,0.0,0.06307692351306429,0.4379317810537918,0.0,37.3654239472014,0.006756942940933336,0.9946930186064477,15.942106976405478,0.4308796287913083,0.43810078648412465,0.0,0.00687018326894493,0.06239229083763036,2.3601981821135896,0.0009732273187431448,8.514858537534035,0.0,0.6666666666666667,-0.6860876160789903,0.045518641045998204,0.3651067443972772,0.0,0.6301044634377968,0.0,1.8628473864983939,0.03296684632076303,0.1473211555881942,Capital Markets,Financial Services,OPY
2011Q3,2011,Q3,2011-11-10,2011-09-30,2106000.0,221389000.0,0.0,0.15,0.0,0.0,3346462000.0,503455000.0,0.0,794123000.0,2838200000.0,0.0,404685000.0,219276488.16,368506488.15999997,36.82756080126379,0.0,0.07748481829466464,0.5150410662323346,0.0,36.82756080126379,0.004183094814829528,0.9904579186861135,26.02997247863248,0.43554337162209134,0.7136752136752137,0.0,0.006854360048412042,0.06615613743709027,1.7629598941221951,0.0006293213549115454,2.770916638149997,0.0,8.499999999999998,-0.7432447089747929,0.2080722637566673,0.36146017519493595,0.0,7.815533980582524,0.0,1.8558509854817598,0.05221897723289041,0.17042495189422505,Capital Markets,Financial Services,OPY
2011Q2,2011,Q2,2011-08-09,2011-06-30,-309000.0,233849000.0,0.0,-0.02,0.0,0.0,3624149000.0,495760000.0,0.0,829314000.0,3123935000.0,0.0,396422000.0,385312491.2,409693491.2,36.29622687923905,0.0,0.04387236838220503,0.32071970308213654,0.0,36.29622687923905,-0.0006232854607067936,1.6476978357829197,-311.74149773462784,0.7772157721478135,-4.864077669902913,0.0,0.0039007300160945313,0.06452521681641676,1.786288426337913,-8.526139515787017e-05,-5.872591769798207,0.0,-1.0555555555555556,-1.0314207095673604,0.22936673852231967,0.36711744464150536,0.0,-1.0607550137632717,0.0,-1.1885242586842648,-0.04034071612523489,0.13299059099860558,Capital Markets,Financial Services,OPY
2011Q1,2011,Q1,2011-05-05,2011-03-31,5086000.0,245643000.0,0.0,0.36,0.0,0.0,3156668000.0,495129000.0,0.0,919440000.0,2657832000.0,0.0,398234000.0,454084727.72999996,610235727.73,36.53893596673772,0.0,0.07462869075873674,0.4757911574559357,0.0,36.53893596673772,0.010272070510917356,1.8485555368156226,22.32032676612269,0.9171038814733129,0.2949272512780181,0.0,0.003303348270483794,0.07781717938028326,1.5916873314191247,0.0016111925612703015,12.235522950258675,0.0,-0.689655172413793,-0.7240216677380713,0.22903057138702582,0.41812055094268613,0.0,-0.692503022974607,0.0,1.315403808404284,0.11719760130404448,0.11199955957757889,Capital Markets,Financial Services,OPY
2010Q4,2010,Q4,2011-03-02,2010-12-31,16540000.0,289054000.0,0.0,1.16,0.0,0.0,2620034000.0,494564000.0,0.0,782203000.0,2122438000.0,0.0,394648000.0,355164449.83,526082449.83,36.49724077453284,0.0,0.09427358576262751,0.49942980079423493,0.0,36.49724077453284,0.03344359880622124,1.228713146436306,5.368265565749699,0.7181364794647407,0.08887545344619105,0.0,0.004138927757841805,0.11032452250619648,1.7495560615338985,0.006312895176169469,-4.817226153293186,0.0,3.6399999999999997,0.9969302201157149,0.5640419135949779,0.4995276981023948,0.0,3.8348436129786614,0.0,-0.37711973981885855,0.17630792617867452,0.11321738596742398,Capital Markets,Financial Services,OPY
2010Q3,2010,Q3,2010-11-09,2010-09-30,3421000.0,228623000.0,0.0,0.25,0.0,0.0,2522617000.0,476938000.0,0.0,699144000.0,2043443000.0,0.0,379578000.0,373285330.59999996,482516330.59999996,35.711066059235065,0.0,0.076033341565525,0.40215499708557506,0.0,35.711066059235065,0.007172840075649246,1.632754931043683,27.278963066354866,0.7826705580180232,0.4294066062554808,0.0,0.003935327428052969,0.09062929489494442,2.0127541679539553,0.0013561313508947256,56.79935036518563,0.0,-0.6212121212121212,-0.4977455413688407,0.3901870793820987,0.5232766730659176,0.0,-0.6282329928276461,0.0,-0.7917481627701555,0.12711562768490783,0.13599100240363543,Capital Markets,Financial Services,OPY
2010Q2,2010,Q2,2010-08-03,2010-06-30,9202000.0,250607000.0,0.0,0.66,0.0,0.0,2594327000.0,471891000.0,0.0,665787000.0,2120796000.0,0.0,377626000.0,319721746.45,431110746.45,35.34882933515891,0.0,0.07474115637697175,0.4109063321826439,0.0,35.34882933515891,0.019500265951247216,1.2757893692115543,8.686202631221473,0.6775330456609684,0.15963920886763747,0.0,0.004594620216831985,0.09659807726628139,1.9793807929563059,0.003546969984893963,-11.428838121537087,0.0,0.0,0.9147543058328788,0.592024720537141,0.5426321313037135,0.0,0.0037085514834205935,0.0,-0.42074659890317406,0.1733641908600614,0.17282993788613454,Capital Markets,Financial Services,OPY
2010Q1,2010,Q1,2010-05-07,2010-03-31,9168000.0,240874000.0,0.0,0.66,0.0,0.0,2468036000.0,463313000.0,0.0,678820000.0,2003743000.0,0.0,369893000.0,339205959.8,427420959.8,34.84347573659583,0.0,0.06871982418408808,0.366065705041732,0.0,34.84347573659583,0.019787918750391206,1.4082298620855718,9.249726216186737,0.7321313233170665,0.15957678883071552,0.0,0.004313013842276246,0.09759744185254997,1.917564302760673,0.0037146945992684063,-6.246541808003241,0.0,0.4042553191489363,1.4624281744015697,0.618426362749356,0.5255583353587219,0.0,0.4185362834596936,0.0,-0.4613438334855242,0.19244975931061353,0.1998666945215375,Capital Markets,Financial Services,OPY
2009Q4,2009,Q4,2010-03-05,2009-12-31,6463000.0,267759000.0,0.0,0.47,0.0,0.0,2203383000.0,451447000.0,0.0,0.0,1751936000.0,0.0,362188000.0,441725675.59999996,479512675.59999996,33.95109265412146,0.0,0.06013616334518329,0.2935073220112217,0.0,33.95109265412146,0.014316187725247925,1.6497136439858229,17.086711883026457,0.9784662996985249,0.22419928825622776,0.0,0.0032803164498685982,0.12152176902517628,0.0,0.002933216785279727,3.433038848518291,0.0,-0.2033898305084746,-0.21606816376177462,0.600295680334958,0.4807349714604785,0.0,-0.18272635306019222,0.0,-0.3956765820302895,0.30072664307445224,0.24036771608125573,Capital Markets,Financial Services,OPY
2009Q3,2009,Q3,2009-11-05,2009-09-30,7908000.0,257221000.0,0.0,0.59,0.0,0.0,2328116000.0,443139000.0,0.0,731854000.0,1884977000.0,0.0,357174000.0,319239968.85,481107968.85,33.80038749179949,0.0,0.10313188861723385,0.5418232202536901,0.0,33.80038749179949,0.017845416449466196,1.2411116077225421,10.092310598444614,0.7204059422664222,0.18285280728376327,0.0,0.0045295080224726685,0.11048461502777353,1.934210921850533,0.0033967379632286365,-18.924652845456162,0.0,0.09259259259259246,4.026516591204085,0.9137193870763496,0.49084574576563805,0.0,0.1091164095371669,0.0,0.005303292037159304,0.463567328561378,0.2495500781214618,Capital Markets,Financial Services,OPY
2009Q2,2009,Q2,2009-08-06,2009-06-30,7130000.0,245681000.0,0.0,0.54,0.0,0.0,1964020000.0,432861000.0,0.0,654960000.0,1531159000.0,0.0,350712000.0,276671026.38,431724026.38,33.12116736580128,0.0,0.11400240323418295,0.5172630474909959,0.0,33.12116736580128,0.01647180041629992,1.1261392878570178,9.70094762903226,0.6391682927775891,0.20168302945301542,0.0,0.005197508459107484,0.12509088502153745,1.9125091608647857,0.0036303092636531197,-5.920883118900873,0.0,4.6000000000000005,3.5463770381984907,0.6428135875018515,0.4330553156755941,0.0,4.540218470705065,0.0,-0.24227046116964301,0.34984745432895437,0.2475270733602811,Capital Markets,Financial Services,OPY
2009Q1,2009,Q1,2009-05-07,2009-03-31,-2014000.0,199722000.0,0.0,-0.15,0.0,0.0,1512029000.0,423831000.0,0.0,377922000.0,1088198000.0,0.0,345020000.0,130459528.06,187470528.06,32.422571527735755,0.0,0.08796127587499976,0.3138043229494775,0.0,32.422571527735755,-0.004751894033234945,0.6532055960785492,-16.194082430486596,0.30781025470057644,-0.7164846077457795,0.0,0.011060901579655768,0.13208873639328347,2.684612168648557,-0.0013319850346785677,-7.20094541369984,0.0,0.4873722702573391,-1.1856248479086422,0.1127752508800707,0.4139230342143716,0.0,0.4734640522875817,0.0,-1.1132857546562154,0.03586081650601374,0.25835943990671173,Capital Markets,Financial Services,OPY
2008Q4,2008,Q4,2009-03-03,2008-12-31,-3825000.0,204831000.0,0.0,-0.29261,0.0,0.0,1529584000.0,425726000.0,0.0,686482000.0,1103858000.0,0.0,348477000.0,168368609.36,314056609.36,32.567536792298895,0.0,0.13515308737539095,0.485589322709912,0.0,32.567536792298895,-0.008984652100177109,0.8219879283897458,-11.004484271895425,0.3954858508994048,-0.3738562091503268,0.0,0.008493269650653364,0.1339128808878754,1.5336949839908403,-0.0025006799234301613,0.5342321657570758,0.0,-0.6256111111111111,-1.4986560999429763,0.2670438099896672,0.5348478393401598,0.0,-0.5442067016552281,0.0,-1.4787138906581896,0.14890017255868063,0.3380716580936139,Capital Markets,Financial Services,OPY
2008Q3,2008,Q3,2008-11-07,2008-09-30,-2477000.0,211795000.0,0.0,-0.18,0.0,0.0,2249452000.0,432995000.0,0.0,315900000.0,1816457000.0,0.0,353732000.0,341963608.35,686220608.35,31.46511934973855,0.0,0.2128020513440607,1.1055277774570145,0.0,31.46511934973855,-0.005720620330488805,1.614597173446021,-34.51388861021397,0.7897634114712642,-0.5918449737585789,0.0,0.004287005880753101,0.09415404285132557,2.161088952200063,-0.001101157081813704,-2.262292490969714,0.0,-2.5,-1.346153851041619,0.1356356405640566,0.46310965031874185,0.0,-2.5048602673147022,0.0,-1.3529411905197382,0.24989820629834208,0.34216330145923496,Capital Markets,Financial Services,OPY
2008Q2,2008,Q2,2008-08-06,2008-06-30,1646000.0,244713000.0,0.0,0.12,0.0,0.0,2328061000.0,439424000.0,0.0,156300000.0,1888637000.0,0.0,357675000.0,387633009.42,517002009.42,32.03577078892416,0.0,0.13713128650838616,0.7265192615787941,0.0,32.03577078892416,0.0037458127002621615,1.5840311279744028,58.87500143074119,0.8821389123488932,0.9106925880923451,0.0,0.0038670597280734543,0.1051145137520022,4.433570057581574,0.0007070261475107397,4.637979006676399,0.0,1.1008403361344539,-0.8064516122296873,0.42360013051254,0.5317214661352332,0.0,1.1021408625504188,0.0,-0.6666666858898089,0.5129748682474102,0.3980493922869867,Capital Markets,Financial Services,OPY
2008Q1,2008,Q1,2008-05-12,2008-03-31,-16115000.0,219733000.0,0.0,-1.19,0.0,0.0,2242034000.0,444974000.0,0.0,199690000.0,1797060000.0,0.0,357527000.0,587046436.95,827538436.95,32.8587683799245,0.0,0.17073915917421412,0.8602817243254662,0.0,32.8587683799245,-0.03621559911365608,2.671635288964334,-9.107142987123797,1.3192825579696792,-0.09277071051815079,0.0,0.0025466469190534107,0.09800609625010147,4.01748710501277,-0.007187669767719848,-2.8909429389256593,0.0,-1.6071428571428572,-3.016949201879749,0.3057607670399022,0.6052272206521648,0.0,-1.607265327655726,0.0,-5.250000074800394,0.44966604081780737,0.43866152649537243,Capital Markets,Financial Services,OPY
2007Q4,2007,Q4,2008-03-07,2007-12-31,26537000.0,245572000.0,0.0,1.96,0.0,0.0,2138241000.0,443980000.0,0.0,85925000.0,1694261000.0,0.0,375137000.0,573504419.95,631088419.95,32.78536720194636,0.0,0.07915384654957042,0.3812108653542952,0.0,32.78536720194636,0.05977071039236002,2.3353819651670387,5.402875418754946,1.2917348077616109,0.055017522704148926,0.0,0.0025457519579836674,0.11484767152065646,9.123631073610706,0.012410668395190252,18.084205844606313,0.0,0.6470588235294118,6.542327060733161,2.120037856918255,0.6800496255214998,0.0,0.6306378272090452,0.0,2.1605715853509153,0.44113499311217474,0.4298932957081751,Capital Markets,Financial Services,OPY
2007Q3,2007,Q3,2007-11-13,2007-09-30,16274000.0,200947000.0,0.0,1.19,0.0,0.0,2168739000.0,415927000.0,0.0,60100000.0,1752812000.0,0.0,350060000.0,558608344.68,529312344.67999995,31.436046574025912,0.0,0.032010306449969314,0.16690909702904597,0.0,31.436046574025912,0.03912705835399,2.779878996352272,8.58130061263365,1.3430441992945876,0.0897751013887182,0.0,0.002615428168794967,0.09265614718968027,29.239866888519135,0.007503899731595181,15.425630151603015,0.0,0.025862068965517265,7.785714389585605,1.8365478996069946,0.5921924687748762,0.0,0.032221235570214384,0.0,9.25000023933883,0.4814345369771595,0.38656091768023365,Capital Markets,Financial Services,OPY
2007Q2,2007,Q2,2007-08-07,2007-06-30,15766000.0,211967000.0,0.0,1.16,0.0,0.0,2226630000.0,399314000.0,0.0,129889000.0,1827316000.0,0.0,335247000.0,682310058.5,824938058.5,30.139774056987612,0.0,0.10809384585674316,0.6027462097497208,0.0,30.139774056987612,0.03948271285254211,3.218944734321852,10.819327326208295,1.7087055763133774,0.08385132563744767,0.0,0.0019375355581101991,0.09519632808324688,14.165910893147226,0.007080655519776523,-21.45764068494874,0.0,-0.07936507936507943,16.00000102123012,2.0452275604421493,0.5509040879580896,0.0,-0.06098868374032162,0.0,8.91666678655731,0.39814832542581186,0.3040592123037494,Capital Markets,Financial Services,OPY
2007Q1,2007,Q1,2007-05-09,2007-03-31,16790000.0,199268000.0,0.0,1.26,0.0,0.0,2021164000.0,380916000.0,0.0,9300000.0,1640248000.0,0.0,320803000.0,435752985.36,514284985.36,29.039455712611574,0.0,0.07251118662315378,0.38474886851694334,0.0,29.039455712611574,0.04407795944512701,2.1867684995082,6.488281497319832,1.1439608348297263,0.07843954734961286,0.0,0.003022354508740663,0.0985907130742483,175.25612903225806,0.008307094327822978,6.603718748825509,0.0,0.5949367088607594,3.7407406296274974,1.7947130424519395,0.48465750263549845,0.0,0.5914691943127962,0.0,0.5421686117043995,0.10642920892761581,0.2663879944866617,Capital Markets,Financial Services,OPY
