Quarters,Year,Quarter,FillingDate,Date,NetIncome,Revenue,OperatingIncome,EPSDiluted,GrossProfit,GrossProfitRatio,TotalAssets,CommonStockEquity,CurrentAssets,CurrentLiability,TotalLiability,Inventory,RetainedEarnings,MarketCap,EnterpriseValue,bookValuePerShare,currentRatio,debtToAssets,debtToEquity,roic,shareholdersEquityPerShare,roe,priceToSalesRatio,peRatio,pbRatio,payoutRatio,inventoryTurnover,dividendYield,assetTurnover,quickRatio,returnOnAssets,priceToFreeCashFlowsRatio,grossProfitMargin,epsdilutedGrowth,fiveYNetIncomeGrowthPerShare,fiveYRevenueGrowthPerShare,fiveYShareholdersEquityGrowthPerShare,grossProfitGrowth,netIncomeGrowth,operatingIncomeGrowth,threeYNetIncomeGrowthPerShare,threeYRevenueGrowthPerShare,threeYShareholdersEquityGrowthPerShare,Industry,Sector,Symbol
2023Q1,2023,Q1,2023-05-11,2023-03-31,-5254000.0,0.0,-5292000.0,-0.66,0.0,0.0,11102000.0,9107000.0,10791000.0,1910000.0,1995000.0,0.0,-96802000.0,11064400.0,4528400.0,1.1440954773869347,5.649738219895288,0.01756440281030445,0.021412100581969913,-0.555220757926071,1.1440954773869347,-0.5769188536290766,0.0,-0.5264750666159117,1.2149335675853736,0.0,0.0,0.0,0.0,3.5240837696335077,-0.4732480634119978,-3.0288529975362715,0.0,-0.2222222222222222,0.8046547521007962,0.0,-0.8966120572984444,0.0,-0.3314749113025849,-0.327646763672855,0.26687559336997874,0.0,-0.764443425021606,Biotechnology,Healthcare,BPTH
2022Q4,2022,Q4,2023-03-30,2022-12-31,-3946000.0,0.0,-3986000.0,-0.54,0.0,0.0,15971000.0,14174000.0,15615000.0,1684000.0,1797000.0,0.0,-91529000.0,10986760.0,823760.0,1.9480483782297966,9.272565320665084,0.013837580614864441,0.015591928883871878,-0.2713395691511399,1.9480483782297966,-0.27839706504868067,0.0,-0.6960694374049671,0.7751347537745167,0.0,0.0,0.0,0.0,6.166270783847981,-0.24707281948531715,-2.197352,0.0,-0.10204081632653071,0.8738523692257266,-1.0,-0.8782801803586552,0.0,-0.11975028376844495,-0.12408347433728144,0.39682991335355766,0.0,-0.7545307530609613,Biotechnology,Healthcare,BPTH
2022Q3,2022,Q3,2022-11-14,2022-09-30,-3524000.0,0.0,-3546000.0,-0.49,0.0,0.0,18539000.0,16197000.0,18137000.0,2201000.0,2342000.0,0.0,-87563000.0,22840400.0,9436400.0,2.262150837988827,8.240345297592004,0.013269324127514968,0.015187997777366178,-0.21181411533721617,2.262150837988827,-0.21757115515218867,0.0,-1.6203461975028377,1.4101623757485953,0.0,0.0,0.0,0.0,6.201726487960018,-0.190085765143751,-6.769531713100178,0.0,-0.16666666666666669,0.9004730572253108,0.0,-0.8271919175472224,0.0,-0.17232202262142382,-0.17807308970099667,0.3695194334667271,0.0,-0.5945520964363511,Biotechnology,Healthcare,BPTH
2022Q2,2022,Q2,2022-08-15,2022-06-30,-3006000.0,0.0,-3010000.0,-0.42,0.0,0.0,21009000.0,19520000.0,20563000.0,1321000.0,1489000.0,0.0,-84028000.0,27709200.0,10955200.0,2.7262569832402233,15.566237698713095,0.012851635013565614,0.013831967213114754,-0.14995008326085574,2.7262569832402233,-0.15399590163934426,0.0,-2.304491017964072,1.4195286885245904,0.0,0.0,0.0,0.0,12.887206661619985,-0.14308153648436384,-6.5927194860813705,0.0,0.10638297872340424,0.8957440876405444,0.0,-0.8482378481368037,0.0,0.10509080083358142,0.10389997022923489,0.5165773479154915,0.0,-0.5695944426615669,Biotechnology,Healthcare,BPTH
2022Q1,2022,Q1,2022-05-16,2022-03-31,-3359000.0,0.0,-3359000.0,-0.47,0.0,0.0,24078000.0,22315000.0,23610000.0,1568000.0,1763000.0,0.0,-81020000.0,27494400.0,6542400.0,3.1166201117318435,15.057397959183673,0.012293379848824653,0.01326462021062066,-0.1466363993539093,3.1166201117318435,-0.1505265516468743,0.0,-2.04632331050908,1.2321039659421913,0.0,0.0,0.0,0.0,13.551020408163266,-0.13950494227095273,-10.884560570071258,0.0,0.2295081967213115,0.43488250742299084,0.0,-0.8158124502060107,0.0,0.18391642371234207,0.18391642371234207,0.47253443587242466,0.0,-0.7369679695207202,Biotechnology,Healthcare,BPTH
2021Q4,2021,Q4,2022-03-10,2021-12-31,-4116000.0,0.0,-4116000.0,-0.61,0.0,0.0,26568000.0,25457000.0,26140000.0,958000.0,1111000.0,0.0,-77661000.0,25353250.0,1814250.0,3.7854275092936804,27.286012526096034,0.0088452273411623,0.00923125270063244,-0.1587534230724727,3.7854275092936804,-0.16168440900341752,0.0,-1.5399204324586977,0.9959245001374867,0.0,0.0,0.0,0.0,24.816283924843425,-0.15492321589882566,-8.977779745042493,0.0,-1.1034482758620692,0.7930744584448439,-1.0,-0.7870605146713827,0.0,-0.9893668438859352,-0.9893668438859352,0.8085957925771292,0.0,0.8554189023385279,Biotechnology,Healthcare,BPTH
2021Q3,2021,Q3,2021-11-10,2021-09-30,-2069000.0,0.0,-2069000.0,-0.29,0.0,0.0,30680000.0,29346000.0,30233000.0,1162000.0,1334000.0,0.0,-73545000.0,36104940.0,9763940.0,4.169650468883206,26.018072289156628,0.00847457627118644,0.0088598105363593,-0.06927609991294449,4.169650468883206,-0.07050364615279765,0.0,-4.362607539874336,1.2303189531793088,0.0,0.0,0.0,0.0,22.892426850258175,-0.0674380704041721,-12.48873746108613,0.0,-0.11538461538461527,0.9104544823098629,0.0,-0.7873487154226649,0.0,-0.144358407079646,-0.14372581536760642,0.945283906006979,0.0,-0.19977039445077827,Biotechnology,Healthcare,BPTH
2021Q2,2021,Q2,2021-08-12,2021-06-30,-1808000.0,0.0,-1809000.0,-0.26,0.0,0.0,31127000.0,29754000.0,30639000.0,1183000.0,1373000.0,0.0,-71476000.0,46423200.0,18614200.0,4.275,25.899408284023668,0.009123911716516208,0.009544935134771795,-0.0596596530571862,4.275,-0.06076493916784298,0.0,-6.419137168141593,1.5602339181286549,0.0,0.0,0.0,0.0,23.747252747252748,-0.058084621068525716,-17.19377777777778,0.0,0.3953488372093023,0.9399646116694484,0.0,-0.6967466216216216,0.0,0.2611360850020433,0.2610294117647059,0.9121630031734281,0.0,-0.48825443318556044,Biotechnology,Healthcare,BPTH
2021Q1,2021,Q1,2021-05-13,2021-03-31,-2447000.0,0.0,-2448000.0,-0.43,0.0,0.0,33099000.0,31373000.0,32618000.0,1515000.0,1726000.0,0.0,-69668000.0,40161420.0,9675420.0,5.483831497989862,21.53003300330033,0.009275204688963413,0.009785484333662704,-0.07653109075561947,5.483831497989862,-0.07799700379307048,0.0,-4.103128320392317,1.2801268606763776,0.0,0.0,0.0,0.0,20.325412541254124,-0.07392972597359437,-25.54797709923664,0.0,0.3484848484848485,0.8971782320877415,0.0,-0.6941056632152225,0.0,0.040392156862745096,0.04037632301058409,0.873413360256813,0.0,-0.504445155229458,Biotechnology,Healthcare,BPTH
2020Q4,2020,Q4,2021-03-09,2020-12-31,-2550000.0,0.0,-2551000.0,-0.66,0.0,0.0,16475000.0,15070000.0,15956000.0,1169000.0,1405000.0,0.0,-67221000.0,13464500.0,39500.0,3.917338185599168,13.649272882805818,0.020030349013657057,0.021897810218978103,-0.16217418944691672,3.917338185599168,-0.16921035169210352,0.0,-1.3200490196078432,0.8934638354346384,0.0,0.0,0.0,0.0,11.766467065868264,-0.15477996965098634,-5.194637345679013,0.0,0.17500000000000002,0.7960968018954718,0.0,-0.8209224079873014,0.0,0.1408355795148248,0.14107744107744108,0.8458183454370081,-1.0,-0.7552331334509408,Biotechnology,Healthcare,BPTH
2020Q3,2020,Q3,2020-11-12,2020-09-30,-2968000.0,0.0,-2970000.0,-0.8,0.0,0.0,14873000.0,13186000.0,14315000.0,1427000.0,1687000.0,0.0,-64671000.0,15654080.0,3948080.0,3.5715059588299023,10.031534688156972,0.023667047670274995,0.026694979523737297,-0.21382289416846653,3.5715059588299023,-0.22508721371151222,0.0,-1.3185714285714285,1.1871742757470045,0.0,0.0,0.0,0.0,8.44989488437281,-0.19955624285618234,-6.652817679558011,0.0,-0.45454545454545453,0.760678242799848,0.0,-0.8567706704120647,0.0,-0.4549019607843137,-0.45374449339207046,0.8374376418325887,0.0,-0.7271689023342163,Biotechnology,Healthcare,BPTH
2020Q2,2020,Q2,2020-08-13,2020-06-30,-2040000.0,0.0,-2043000.0,-0.55,0.0,0.0,17520000.0,16011000.0,16924000.0,1225000.0,1509000.0,0.0,-61703000.0,18644600.0,4606600.0,4.336673889490791,13.815510204081633,0.021289954337899545,0.023296483667478607,-0.12191919794712658,4.336673889490791,-0.12741240397226908,0.0,-2.2848774509803924,1.1644869152457686,0.0,0.0,0.0,0.0,11.764081632653062,-0.11643835616438356,-5.35764367816092,0.0,0.38888888888888884,0.7796690635690562,0.0,-0.8455317933729427,0.0,0.3862815884476534,0.389055023923445,0.8627876462417209,0.0,-0.7585910039134167,Biotechnology,Healthcare,BPTH
2020Q1,2020,Q1,2020-05-14,2020-03-31,-3324000.0,0.0,-3344000.0,-0.9,0.0,0.0,19826000.0,17932000.0,19193000.0,1587000.0,1894000.0,0.0,-59663000.0,16614000.0,-883000.0,4.856988082340195,12.093887838689351,0.019872894179360435,0.02197189382110194,-0.17863247863247864,4.856988082340195,-0.185366941780058,0.0,-1.2495487364620939,0.9265001115324558,0.0,0.0,0.0,0.0,11.273471959672337,-0.1676586300817109,-6.553846153846154,0.0,0.0,0.7060473544988628,0.0,-0.840098333803105,0.0,-0.3913771452490582,-0.3858267716535433,-0.08452880624182994,0.0,-0.7129593270295181,Biotechnology,Healthcare,BPTH
2019Q4,2019,Q4,2020-03-05,2019-12-31,-2389000.0,0.0,-2413000.0,-0.9,0.0,0.0,22660000.0,21086000.0,21990000.0,1244000.0,1574000.0,0.0,-56339000.0,21229430.0,1218430.0,7.936018065487392,17.676848874598072,0.01831421006178288,0.019681305131366785,-0.11010220843219566,7.936018065487392,-0.11329792279237409,0.0,-2.221581205525325,1.0068021436023902,0.0,0.0,0.0,0.0,16.419614147909968,-0.10542806707855251,-9.456316258351894,0.0,-0.15384615384615383,0.7488051260855993,0.0,-0.7624899242419171,0.0,-0.0655664585191793,-0.06252752091589608,0.6960125751253107,-1.0,-0.5535797216365635,Biotechnology,Healthcare,BPTH
2019Q3,2019,Q3,2019-11-14,2019-09-30,-2242000.0,0.0,-2271000.0,-0.78,0.0,0.0,17595000.0,16024000.0,16886000.0,1219000.0,1571000.0,0.0,-53950000.0,27284000.0,12333000.0,5.579387186629527,13.85233798195242,0.02449559533958511,0.026897154268597106,-0.13449011015042048,5.579387186629527,-0.13991512730903644,0.0,-3.042372881355932,1.7026959560659012,0.0,0.0,0.0,0.0,12.618539786710418,-0.12742256322818982,-14.41310089804543,0.0,0.10344827586206894,0.6966992776546415,0.0,-0.8444219095228811,0.0,0.08713355048859935,0.08758537565287264,0.7622153606976207,0.0,-0.7154524434972906,Biotechnology,Healthcare,BPTH
2019Q2,2019,Q2,2019-08-14,2019-06-30,-2456000.0,0.0,-2489000.0,-0.87,0.0,0.0,19319000.0,17913000.0,18605000.0,1033000.0,1406000.0,0.0,-51708000.0,38489080.0,21790080.0,6.334158415841584,18.010648596321396,0.021067343030177547,0.02272092893429353,-0.132909702568484,6.334158415841584,-0.1371071289007983,0.0,-3.9178623778501627,2.148667448221962,0.0,0.0,0.0,0.0,16.5595353339787,-0.12712873337129252,-17.376559819413092,0.0,0.02247191011235957,0.6945905159096069,0.0,-0.8340607224879162,0.0,-0.6243386243386243,-0.6375,0.7992908854663604,0.0,-0.5506772073010999,Biotechnology,Healthcare,BPTH
2019Q1,2019,Q1,2019-05-15,2019-03-31,-1512000.0,0.0,-1520000.0,-0.89,0.0,0.0,21319000.0,20143000.0,20866000.0,1117000.0,1176000.0,0.0,-49252000.0,34153000.0,14990000.0,11.848823529411765,18.680393912264996,0.005300436230592429,0.005609889291565308,-0.07462320192449311,11.848823529411765,-0.07506329742342253,0.0,-5.6469907407407405,1.6955269820781411,0.0,0.0,0.0,0.0,17.25693822739481,-0.0709226511562456,-17.008466135458168,0.0,0.7218749999999999,0.21397383539254597,0.0,-0.7091594428866,0.0,0.2079622839182818,0.20418848167539266,0.7861910331138346,0.0,-0.33905919309558274,Biotechnology,Healthcare,BPTH
2018Q4,2018,Q4,2019-03-19,2018-12-31,-1909000.0,0.0,-1910000.0,-3.2,0.0,0.0,2335000.0,1218000.0,1929000.0,1117000.0,1117000.0,0.0,-47740000.0,2089500.0,1085500.0,2.040201005025126,1.7269471799462848,0.0,0.0,-1.568144499178982,2.040201005025126,-1.5673234811165846,0.0,-0.27363803038239914,1.7155172413793103,0.0,0.0,0.0,0.0,0.8988361683079678,-0.8175588865096359,-1.6286048324240063,0.0,0.404096834264432,-0.44526664894800083,0.0,-0.8478088528296108,0.0,0.3803959753326842,0.3802725502920182,0.016356694365027,0.0,-0.906734045953731,Biotechnology,Healthcare,BPTH
2018Q3,2018,Q3,2018-11-14,2018-09-30,-3081000.0,0.0,-3082000.0,-5.37,0.0,0.0,3945000.0,2988000.0,2824000.0,957000.0,957000.0,0.0,-45831000.0,6721980.899999999,4435980.899999999,5.210567617054669,2.9508881922675028,0.0,0.0,-1.0314591700133868,5.210567617054669,-1.0311244979919678,0.0,-0.5454382424537487,2.2496589357429717,0.0,0.0,0.0,0.0,2.3887147335423196,-0.7809885931558935,-4.569667505098572,0.0,-0.8141891891891893,-0.45347572585022855,0.0,-0.6478488385698975,0.0,-0.8372093023255814,-0.8356164383561644,-0.599470077950138,0.0,-0.7910388180318617,Biotechnology,Healthcare,BPTH
2018Q2,2018,Q2,2018-08-14,2018-06-30,-1677000.0,0.0,-1679000.0,-2.96,0.0,0.0,5742000.0,4737000.0,4514000.0,1005000.0,1005000.0,0.0,-42750000.0,16898090.0,14320090.0,8.353760691297063,4.491542288557214,0.0,0.0,-0.35444374076419677,8.353760691297063,-0.3540215326155795,0.0,-2.5190951103160404,3.567255647033988,0.0,0.0,0.0,0.0,2.5651741293532337,-0.29205851619644724,-9.905093786635405,0.0,0.12426035502958578,-1.3052556375891418,0.0,-0.1998216392579649,0.0,0.12473903966597077,0.12506513809275666,-0.1792848329393148,0.0,-0.7024469753874483,Biotechnology,Healthcare,BPTH
2018Q1,2018,Q1,2018-05-15,2018-03-31,-1916000.0,0.0,-1919000.0,-3.38,0.0,0.0,7204000.0,6275000.0,5870000.0,929000.0,929000.0,0.0,-41073000.0,22682000.0,18398000.0,11.066043558769069,6.318622174381055,0.0,0.0,-0.3058167330677291,11.066043558769069,-0.30533864541832667,0.0,-2.9595511482254695,3.614661354581673,0.0,0.0,0.0,0.0,4.611410118406889,-0.2659633536923931,-13.493158834027364,0.0,0.21395348837209302,-0.6023670933744588,0.0,1.0489148453074473,-1.0,0.11582833410244578,0.11526048870447211,-0.1031947852734258,0.0,-0.6356839314289564,Biotechnology,Healthcare,BPTH
2017Q4,2017,Q4,2018-04-02,2017-12-31,-2167000.0,37000.0,-2169000.0,-4.3,37000.0,1.0,8858000.0,8067000.0,7435000.0,791000.0,791000.0,0.0,-39157000.0,20414025.0,14449025.0,16.004364646364447,9.399494310998735,0.0,0.0,-0.26887318705838603,16.004364646364447,-0.268625263418867,551.7304054054053,-2.355102099676973,2.5305596876162144,0.0,0.0,0.0,0.0041770151275683,7.541087231352718,-0.24463761571460826,-9.174842696629213,1.0,0.13131313131313138,-1.9521305100477204,0.0,1.3562449128010337,0.0,0.12409054163298303,0.12399030694668821,-0.20107871177704958,0.0,-0.5210195052164925,Biotechnology,Healthcare,BPTH
2017Q3,2017,Q3,2017-11-09,2017-09-30,-2474000.0,0.0,-2476000.0,-4.95,0.0,0.0,7316000.0,6549000.0,5787000.0,767000.0,767000.0,0.0,-36990000.0,36020520.0,31397520.0,13.090538393115924,7.544980443285528,0.0,0.0,-0.37807298824247976,13.090538393115924,-0.37776759810658117,0.0,-3.639907033144705,5.500155748969308,0.0,0.0,0.0,0.0,6.027379400260756,-0.3381629305631493,-23.558221059516022,0.0,-0.22828784119106696,-0.7326772513330423,0.0,1.1400658913188078,0.0,-0.24634760705289674,-0.06494623655913978,-0.9213411557024465,0.0,-0.6349776600199195,Biotechnology,Healthcare,BPTH
2017Q2,2017,Q2,2017-08-09,2017-06-30,-1985000.0,0.0,-2325000.0,-4.03,0.0,0.0,9431000.0,8855000.0,7785000.0,576000.0,576000.0,0.0,-34516000.0,38271085.2,32089085.200000003,17.964011117197167,13.515625,0.0,0.0,-0.26256352343308864,17.964011117197167,-0.22416713721061546,0.0,-4.820035919395466,4.321974613212874,0.0,0.0,0.0,0.0,10.73263888888889,-0.21047608949210053,-15.450579410577312,0.0,-3.8554216867469884,-0.504499501880944,0.0,1.7508179099666086,0.0,-4.0,-0.16482965931863727,-0.4161485850480757,0.0,-0.5293873581450869,Biotechnology,Healthcare,BPTH
2017Q1,2017,Q1,2017-05-10,2017-03-31,-397000.0,0.0,-1996000.0,-0.83,0.0,0.0,10111000.0,8092000.0,8350000.0,709000.0,2019000.0,0.0,-32531000.0,79107979.5,71996979.5,16.92090543154373,11.777150916784203,0.0,0.0,-0.24666337123084528,16.92090543154373,-0.0490608007909046,0.0,-49.816107997481105,9.776072602570439,0.0,0.0,0.0,0.0,10.029619181946403,-0.039264167738107016,-34.941687058303884,0.0,0.7195945945945945,0.5359728210833271,0.0,1.0063385906549778,-1.0,0.7104303428154631,-0.19664268585131894,0.26634418544882166,0.0,-0.5846604052834897,Biotechnology,Healthcare,BPTH
2016Q4,2016,Q4,2017-03-15,2016-12-31,-1371000.0,13000.0,-1668000.0,-2.96,13000.0,1.0,12196000.0,8240000.0,10653000.0,1050000.0,3956000.0,0.0,-32134000.0,125150400.0,115775400.0,17.777010700724887,10.145714285714286,0.0,0.0,-0.20242718446601943,17.777010700724887,-0.16638349514563106,9626.953846153847,-22.82100656455142,15.188155339805826,0.0,0.0,0.0,0.001065923253525746,8.928571428571429,-0.11241390619875369,-65.04698544698545,1.0,0.09756097560975606,0.00963965926982044,0.0,0.6418420270126437,0.0,0.1267515923566879,0.44288577154308617,-0.33685825044881973,0.0,0.3260966175096486,Biotechnology,Healthcare,BPTH
2016Q3,2016,Q3,2016-11-09,2016-09-30,-1570000.0,0.0,-2994000.0,-3.28,0.0,0.0,13442000.0,9377000.0,12407000.0,866000.0,4065000.0,0.0,-30763000.0,133903000.0,122604000.0,19.607925139840034,14.326789838337183,0.0,0.0,-0.3192918843979951,19.607925139840034,-0.16743094806441292,0.0,-21.322133757961783,14.27994027940706,0.0,0.0,0.0,0.0,13.047344110854503,-0.11679809552149978,-69.30797101449275,0.0,0.24249422632794462,-0.8292927270159174,0.0,0.7204737180357914,0.0,0.19155509783728114,-0.5401234567901234,0.11186493211870482,0.0,0.32518261323941444,Biotechnology,Healthcare,BPTH
2016Q2,2016,Q2,2016-08-09,2016-06-30,-1942000.0,0.0,-1944000.0,-4.33,0.0,0.0,7140000.0,6327000.0,6079000.0,813000.0,813000.0,0.0,-29193000.0,178628370.0,174404370.0,14.09712242237893,7.477244772447724,0.0,0.0,-0.30725462304409673,14.09712242237893,-0.30693851746483325,0.0,-22.995413233779608,28.23271218587008,0.0,0.0,0.0,0.0,5.195571955719557,-0.27198879551820726,-79.42568697198755,0.0,-0.040865384615384595,-1.4147336472140366,0.0,0.05729697593600387,0.0,-0.04017139796464917,-0.04012841091492777,-2.3727895788476205,0.0,0.35031547203293356,Biotechnology,Healthcare,BPTH
2016Q1,2016,Q1,2016-05-10,2016-03-31,-1867000.0,0.0,-1869000.0,-4.16,0.0,0.0,8946000.0,8046000.0,7834000.0,900000.0,900000.0,0.0,-27251000.0,232486170.0,226013170.0,17.927208315230107,8.704444444444444,0.0,0.0,-0.23228933631618195,17.927208315230107,-0.2320407655978126,0.0,-31.130981521156933,28.894627143922445,0.0,0.0,0.0,0.0,7.192222222222222,-0.20869662418958193,-97.6422385552289,0.0,-0.28,-0.7335054236296392,0.0,0.4406767799158391,0.0,-0.279628681502683,-0.2781776974746929,-0.972717160031904,0.0,2.319282366540755,Biotechnology,Healthcare,BPTH
2015Q4,2015,Q4,2016-03-15,2015-12-31,-1459017.0,0.0,-1462238.0,-3.25,0.0,0.0,10755256.0,9817846.0,9592999.0,937410.0,937410.0,0.0,-25384039.0,112203500.0,103348993.0,21.875088566755938,10.233514684076338,0.0,0.0,-0.14893674233635362,21.875088566755938,-0.14860866630012326,0.0,-19.22587262519902,11.428525157147504,0.0,0.0,0.0,0.0,9.445714255235169,-0.13565618521772052,-112.16883982849299,0.0,0.032738095238095205,-0.1815811266640238,0.0,0.8404070710201255,0.0,0.03222603328068899,0.033160758798987035,-1.2322571237539548,0.0,2.220563095842687,Biotechnology,Healthcare,BPTH
2015Q3,2015,Q3,2015-11-09,2015-09-30,-1507601.0,0.0,-1512390.0,-3.36,0.0,0.0,11672665.0,11191436.0,10459967.0,481229.0,481229.0,0.0,-23925022.0,102329592.0,92474776.0,24.935576875944154,21.735944841229436,0.0,0.0,-0.13513815385264233,24.935576875944154,-0.13471023736364127,0.0,-16.96894470088571,9.143562273867268,0.0,0.0,0.0,0.0,20.47843334462387,-0.12915653794570478,-83.52188366962324,0.0,-0.3386454183266933,-0.6443658377591721,0.0,0.9515679544269022,0.0,-0.3394516035026867,-0.33728934502982927,-0.17694313803721645,0.0,3.076515109617578,Biotechnology,Healthcare,BPTH
2015Q2,2015,Q2,2015-08-10,2015-06-30,-1125536.0,0.0,-1130937.0,-2.51,0.0,0.0,13292596.0,12600392.0,12029457.0,692204.0,692204.0,0.0,-22417421.0,103227220.0,92147221.0,28.074863974831445,17.37848524423436,0.0,0.0,-0.08975411241174085,28.074863974831445,-0.08932547495347763,0.0,-22.92845808574759,8.192381633841233,0.0,0.0,0.0,0.0,16.00684046899469,-0.08467390417943944,-75.14166875338485,0.0,0.17973856209150335,-0.3973713793316532,0.0,1.0060149838315608,0.0,0.18121279929697856,0.1798225097959015,0.06306431032691585,0.0,3.2990865535543206,Biotechnology,Healthcare,BPTH
2015Q1,2015,Q1,2015-05-11,2015-03-31,-1374638.0,0.0,-1378893.0,-3.06,0.0,0.0,14248879.0,13632655.0,12935300.0,616224.0,616224.0,0.0,-21291883.0,161573040.0,149119273.0,30.374843476362145,20.99123046165031,0.0,0.0,-0.10114632842978862,30.374843476362145,-0.10083421021070364,0.0,-29.384652541250862,11.851912925251904,0.0,0.0,0.0,0.0,20.209805200706235,-0.09647341380328937,-114.9960677024208,0.0,0.1452513966480447,-0.4539116850832791,0.0,1.1656994386823103,0.0,0.13971459791249188,0.13987181286549707,-0.7120133127439956,0.0,2.601593360253777,Biotechnology,Healthcare,BPTH
2014Q4,2014,Q4,2015-03-16,2014-12-31,-1597886.0,0.0,-1603125.0,-3.58,0.0,0.0,15477978.0,14916007.0,14113959.0,561971.0,561971.0,0.0,-19917245.0,237489056.0,223630258.0,33.413395369258616,25.11510202483758,0.0,0.0,-0.10747682003635424,33.413395369258616,-0.10712558662650132,0.0,-37.156758366992385,15.921758148812883,0.0,0.0,0.0,0.0,24.6610554637161,-0.10323609453379505,-195.73747057621173,0.0,-0.39299610894941645,-0.7511535996156621,0.0,1.0706104779611498,0.0,-0.3913910462213375,-0.38905977603482517,-0.1985001325272984,0.0,2.0859809731791104,Biotechnology,Healthcare,BPTH
2014Q3,2014,Q3,2014-11-14,2014-09-30,-1148409.0,0.0,-1154108.0,-2.57,0.0,0.0,16284519.0,16001361.0,14927346.0,283158.0,283158.0,0.0,-18319359.0,179367978.0,164731376.0,35.86229378133481,52.717373339266416,0.0,0.0,-0.07212561481488981,35.86229378133481,-0.07176945761051201,0.0,-39.047059453557054,11.20954511306882,0.0,0.0,0.0,0.0,51.69058264290608,-0.07052151801351947,-165.3883613670857,0.0,0.09507042253521128,-0.3478914715944441,0.0,1.461125135898081,0.0,0.09486931115554585,0.09467595334487501,-0.4341466380572967,0.0,2.146693669994719,Biotechnology,Healthcare,BPTH
2014Q2,2014,Q2,2014-08-14,2014-06-30,-1268777.0,0.0,-1274801.0,-2.84,0.0,0.0,17365242.0,17031723.0,16034036.0,333519.0,333519.0,0.0,-17170951.0,272175290.0,256454162.0,38.17154389731706,48.07533004116707,0.0,0.0,-0.07484862218578825,38.17154389731706,-0.07449492925642344,0.0,-53.629457737648146,15.980490640905796,0.0,0.0,0.0,0.0,47.13712861935902,-0.07306417036975356,-247.73499415194033,0.0,-1.513274336283186,-0.12467643061133997,0.0,1.3867814211562424,0.0,-1.5130467679192514,-1.498580976460673,-0.5869155262495686,0.0,1.8629004360048045,Biotechnology,Healthcare,BPTH
2014Q1,2014,Q1,2014-05-15,2014-03-31,-504876.0,0.0,-510210.0,-1.13,0.0,0.0,18597665.0,18177708.0,17226303.0,419957.0,419957.0,0.0,-15902174.0,236480170.0,219660387.0,40.73992859528137,41.0192067283079,0.0,0.0,-0.02806789502835011,40.73992859528137,-0.027774458694132396,0.0,-117.09814390068057,13.009350243716096,0.0,0.0,0.0,0.0,40.051202861245315,-0.027147278972924828,-434.36923930333455,0.0,0.4886877828054299,0.6024948412774597,0.0,1.3669235651504246,0.0,0.36056031207254674,0.3549451549770152,0.528464801292058,0.0,2.2739659243424044,Biotechnology,Healthcare,BPTH
2013Q4,2013,Q4,2014-03-31,2013-12-31,-789560.0,0.0,-790956.0,-2.21,0.0,0.0,5078831.0,4783933.0,3667313.0,294898.0,294898.0,0.0,-15397296.0,285490400.0,281938568.0,13.405516963092278,12.435869351436768,0.0,0.0,-0.3306718551451285,13.405516963092278,-0.16504411746569192,0.0,-90.39541010182887,59.676922732822554,0.0,0.0,0.0,0.0,12.04427293504873,-0.15546097123530986,-598.7018951491982,0.0,0.40270270270270275,0.7592314428924748,0.0,-0.3204492967586313,0.0,0.43327875900709656,0.43248897919823664,0.1958201165482559,0.0,0.12784038036075715,Biotechnology,Healthcare,BPTH
2013Q3,2013,Q3,2013-11-14,2013-09-30,-1393207.0,0.0,-1393728.0,-3.7,0.0,0.0,5750529.0,5576776.0,4298855.0,173753.0,173753.0,0.0,-14607738.0,120608320.0,116507479.0,14.79639480924699,24.741184324874965,0.0,0.0,-0.4998328783512194,14.79639480924699,-0.24982301602216048,0.0,-21.64221110000165,21.62688980156277,0.0,0.0,0.0,0.0,23.60155508106335,-0.24227458030382945,-169.03048225022073,0.0,-1.890625,-2.233648749565973,0.0,-0.3181743082907376,0.0,-2.2609164786398406,-2.251466244873392,-0.8095341448930559,0.0,0.15803095691090258,Biotechnology,Healthcare,BPTH
2013Q2,2013,Q2,2013-08-14,2013-06-30,-427244.0,0.0,-428646.0,-1.28,0.0,0.0,3744647.0,3476791.0,2252817.0,267856.0,267856.0,0.0,-13214531.0,29972700.0,28045474.0,10.439873284689067,8.41055268502479,0.0,0.0,-0.12328782489370227,10.439873284689067,-0.12288457948723407,0.0,-17.53839726245424,8.620794289906986,0.0,0.0,0.0,0.0,7.195007765366466,-0.11409459957106771,-52.420261745400744,0.0,0.39336492890995256,0.4593972369544188,0.0,-0.5412808741965968,0.0,0.348715400257926,0.3464865606561876,0.2851556908661563,0.0,-0.2540465286968565,Biotechnology,Healthcare,BPTH
2013Q1,2013,Q1,2013-05-15,2013-03-31,-656002.0,0.0,-655910.0,-2.11,0.0,0.0,1970618.0,1680202.0,438631.0,290416.0,290416.0,0.0,-12787287.0,34220450.0,33931743.0,5.4009289766791495,1.5103541127210622,0.0,0.0,-0.39037568101930603,5.4009289766791495,-0.39043043634039243,0.0,-13.041290270456493,20.36686660294417,0.0,0.0,0.0,0.0,0.9941153379979064,-0.3328915091610855,-62.10562899724866,0.0,-0.44520547945205474,-0.8245065979006893,0.0,-0.7887327162893033,0.0,-0.5188044082237452,-0.5190802744910036,-0.0009864754862040355,0.0,-0.6149185472425708,Biotechnology,Healthcare,BPTH
2012Q4,2012,Q4,2013-04-01,2012-12-31,-431920.0,0.0,-431781.0,-1.46,0.0,0.0,2343764.0,2014520.0,771621.0,329244.0,329244.0,0.0,-12131283.0,20761160.0,20227114.0,6.792317962965461,2.343614462222546,0.0,0.0,-0.21433443202350932,6.792317962965461,-0.21440343109028454,0.0,-12.016785515836265,10.30576018108532,0.0,0.0,0.0,0.0,1.6220371517780126,-0.18428476587233186,-48.7502230738163,0.0,0.48771929824561405,0.906419788852584,0.0,1.3484923030863458,0.0,0.48614719850764737,0.48627406188540245,0.28754053982656624,0.0,-0.5790836403085342,Biotechnology,Healthcare,BPTH
2012Q3,2012,Q3,2012-11-14,2012-09-30,-840552.0,0.0,-840489.0,-2.85,0.0,0.0,2070056.0,1801484.0,457757.0,268572.0,268572.0,0.0,-11699364.0,22971780.0,22638918.0,6.116885674510203,1.7044107352963078,0.0,0.0,-0.4665536857390907,6.116885674510203,-0.46658865690730533,0.0,-6.832349456071724,12.751587024919456,0.0,0.0,0.0,0.0,1.2393771502613824,-0.4060527831131138,-42.69728539167124,0.0,-0.0634328358208955,-0.6553602933686463,0.0,1.5141416906225347,0.0,-0.06690969463265291,-0.06690556524520742,-0.4946576783427489,0.0,-0.5802158897380039,Biotechnology,Healthcare,BPTH
2012Q2,2012,Q2,2012-08-14,2012-06-30,-787838.0,0.0,-787782.0,-2.68,0.0,0.0,2165208.0,1922185.0,504406.0,243023.0,243023.0,0.0,-10858812.0,21922666.64,21760226.64,6.530425388067663,2.0755484048834885,0.0,0.0,-0.40983672227178963,6.530425388067663,-0.4098658557839126,0.0,-6.956590898128804,11.405076327200556,0.0,0.0,0.0,0.0,0.6684141007229768,-0.3638625018935825,-34.83481952292272,0.0,-0.4972067039106146,0.0,0.0,0.0,0.0,-0.5086121552504945,-0.5073503665137852,-0.058630417528184584,0.0,-0.5916670797907528,Biotechnology,Healthcare,BPTH
2012Q1,2012,Q1,2012-05-15,2012-03-31,-522227.0,0.0,-522627.0,-1.79,0.0,0.0,2708458.0,2461863.0,654153.0,246595.0,246595.0,0.0,-10070974.0,18098234.0,17521411.0,8.433723754483449,2.652742350818143,0.0,0.0,-0.21228922974186623,8.433723754483449,-0.21212675116365126,0.0,-8.663968925390682,7.351438321303825,0.0,0.0,0.0,0.0,2.3391512398872645,-0.19281340157388446,-42.56515102695507,0.0,0.4013377926421405,-1.5567001744944982,-1.0,1.9414622993486028,0.0,0.35050432187053043,0.3504681085877699,0.37151963449268083,0.0,-0.5100143720240136,Biotechnology,Healthcare,BPTH
2011Q4,2011,Q4,2012-03-30,2011-12-31,-804050.0,0.0,-804621.0,-2.99,0.0,0.0,3231105.0,2914974.0,1153691.0,316131.0,316131.0,0.0,-9548746.0,18845400.0,17893148.0,10.827479384889681,3.649407998582866,0.0,0.0,-0.27603024932640907,10.827479384889681,-0.2758343642173138,0.0,-5.8595236614638395,6.465031935104738,0.0,0.0,0.0,0.0,3.0122069648341987,-0.24884675675968437,-35.47282607672659,0.0,-0.670391061452514,-0.23907606122050126,-1.0,1.8895654580644938,0.0,-0.5959104360891511,-0.5949227832519639,0.674993617191355,0.0,-0.45113483869435494,Biotechnology,Healthcare,BPTH
2011Q3,2011,Q3,2011-11-14,2011-09-30,-503819.0,0.0,-504489.0,-1.79,0.0,0.0,3404437.0,3199440.0,1035312.0,204997.0,204997.0,0.0,-8744696.0,19651170.0,18667884.0,11.396817594066919,5.050376346970931,0.0,0.0,-0.15768040657114996,11.396817594066919,-0.1574709949241117,0.0,-9.751106051975015,6.1420654864601305,0.0,0.0,0.0,0.0,4.796587267130739,-0.14798893326561777,-52.33194854997204,0.0,0.0,0.25922551650207576,-1.0,2.167540912400891,0.0,-0.08875457052218486,-0.08780467820116955,-0.569960241620231,0.0,-0.4748286228140713,Biotechnology,Healthcare,BPTH
2011Q2,2011,Q2,2011-08-15,2011-06-30,-462748.0,0.0,-463768.0,-1.79,0.0,0.0,3663948.0,3443225.0,1266806.0,220723.0,220723.0,0.0,-8240877.0,16011190.0,14789531.0,13.333171987841004,5.739347507962469,0.0,0.0,-0.13469000718802868,13.333171987841004,-0.13439377327941102,0.0,-8.65005899539274,4.650056269921367,0.0,0.0,0.0,0.0,5.53480606914549,-0.12629764396219598,-62.59481373465056,0.0,0.25416666666666665,0.0,0.0,0.0,0.0,0.21928850767470973,0.21758216544605785,0.24491077200170022,0.0,-0.4141517974726061,Biotechnology,Healthcare,BPTH
2011Q1,2011,Q1,2011-05-16,2011-03-31,-592726.0,0.0,-592737.0,-2.4,0.0,0.0,3261516.0,3073607.0,816773.0,187909.0,187909.0,0.0,-7778129.0,20911273.98,20145505.98,12.44360189957207,4.3466411933435865,0.0,0.0,-0.19284736142258915,12.44360189957207,-0.19284378256556547,0.0,-8.819958117241356,6.803496341594745,0.0,0.0,0.0,0.0,4.0752066159683675,-0.18173327986126697,-132.85181337077438,0.0,0.12727272727272732,-0.06132873299047747,-1.0,8.756694576164968,0.0,0.10519498556780715,0.34631468897020384,-1.076275865773749,0.0,-0.5132455945539399,Biotechnology,Healthcare,BPTH
2010Q4,2010,Q4,2011-03-31,2010-12-31,-662408.0,0.0,-906762.0,-2.75,0.0,0.0,3108504.0,2861746.0,644437.0,246758.0,246758.0,0.0,-7185402.0,16949926.400000002,16711361.400000002,11.886005499115324,2.6116154288817386,0.0,0.0,-0.6337124259106154,11.886005499115324,-0.23146987887813944,0.0,-6.3970869917029995,5.922931804569658,0.0,0.0,0.0,0.0,1.9575616596017151,-0.2130954311141308,-81.9668571981237,0.0,-0.3480392156862745,-0.580931483983356,-1.0,32.41572947389207,0.0,-0.3212828895533344,-0.8088607569685351,0.8232071516189536,0.0,1.6098332636175996,Biotechnology,Healthcare,BPTH
2010Q3,2010,Q3,2010-11-15,2010-09-30,-501337.0,0.0,-501289.0,-2.04,0.0,0.0,3207821.0,3135768.0,746666.0,72053.0,72053.0,531178.0,-6522994.0,19633520.0,19527943.0,12.777201439171376,10.362732988217006,0.0,0.0,-0.3197232703439795,12.777201439171376,-0.1598769424268632,0.0,-9.790579989109121,6.261151972977593,0.0,0.0,0.0,0.0,1.4652686217090198,-0.15628584013883567,-29.59449396911148,0.0,-0.13966480446927373,0.2816161908760119,-1.0,5.095741157921694,0.0,-0.1746029886554799,-0.1744327433317324,-0.18481234134276495,0.0,2.0739602305688467,Biotechnology,Healthcare,BPTH
2010Q2,2010,Q2,2010-08-16,2010-06-30,-426814.0,0.0,-426835.0,-1.79,0.0,0.0,3741288.0,3328442.0,1313428.0,412846.0,412846.0,608440.0,-6021657.0,19026000.0,18423576.0,13.995341112162304,3.18139935956749,0.0,0.0,-0.1282386774352685,13.995341112162304,-0.12823236817706302,0.0,-11.144198643905776,5.716187934174608,0.0,0.0,0.0,0.0,1.4591978607035068,-0.11408210220651284,-97.02143283308091,0.0,0.15165876777251178,0.0,0.0,0.0,0.0,0.13062058373613122,0.13164260298692076,0.0,0.0,0.0,Biotechnology,Healthcare,BPTH
2010Q1,2010,Q1,2010-05-17,2010-03-31,-490941.0,0.0,-491543.0,-2.11,0.0,0.0,3604481.0,3268596.0,1195497.0,335885.0,335885.0,608440.0,0.0,21440416.0,20985842.0,14.025419656036524,3.559244979680545,0.0,0.0,-0.30076705717072405,14.025419656036524,-0.15019935164823062,0.0,-10.918020699024934,6.559518521102027,0.0,0.0,0.0,0.0,1.3533620137844797,-0.1362029651425545,-68.82914395413192,0.0,-0.034313725490196,0.3688258598655348,-1.0,0.0,0.0,-0.1343499809378574,-0.13657342107575415,-1.6555268244418124,-1.0,2.565667103061284,Biotechnology,Healthcare,BPTH
2009Q4,2009,Q4,2010-03-31,2009-12-31,-432795.0,0.0,-432478.0,-2.04,0.0,0.0,3681666.0,3416763.0,1249986.0,264903.0,264903.0,0.0,-5103902.0,18209210.0,17641961.0,16.136977826056157,4.718655507865143,0.0,0.0,-0.2531507160432257,16.136977826056157,-0.12666813589353432,0.0,-10.518380526577248,5.329374615681567,0.0,0.0,0.0,0.0,2.141346077620865,-0.11755411816280999,-60.97378114117332,0.0,-0.06806282722513095,0.08661689504953608,-1.0,0.0,0.0,-0.06285609037328094,-0.06245593347336355,0.15196883705112776,-1.0,2.3257839208306637,Biotechnology,Healthcare,BPTH
2009Q3,2009,Q3,2009-11-16,2009-09-30,-407200.0,0.0,-407055.0,-1.91,0.0,0.0,3354176.0,3107344.0,950930.0,246832.0,246832.0,608440.0,0.0,14074368.0,13808405.0,14.571503601440575,3.852539379010825,0.0,0.0,-0.2619954533518014,14.571503601440575,-0.13104439032176676,0.0,-8.640943025540274,4.529388442348192,0.0,0.0,0.0,0.0,1.0775061580346146,-0.12140090442481254,-57.471499797870905,0.0,0.24505928853754938,-0.12807468518588583,-1.0,0.0,0.0,0.23609274194304838,0.23705178162761537,0.21182138365303868,-1.0,2.492769930680958,Biotechnology,Healthcare,BPTH
2009Q2,2009,Q2,2009-08-19,2009-06-30,-533049.0,0.0,-533529.0,-2.53,0.0,0.0,3601837.0,3371750.0,1163171.0,230087.0,230087.0,0.0,-4263908.0,10541400.0,10025652.0,15.992894681920808,5.055352975178954,0.0,0.0,-0.15823504115073775,15.992894681920808,-0.15809268184177355,0.0,-4.94391697573769,3.126388373989768,0.0,0.0,0.0,0.0,2.2415347238218586,-0.1479936487964336,-25.45826027734709,0.0,0.11228070175438606,0.0,0.0,0.0,0.0,0.10666271154058864,0.11067531662238343,0.0,0.0,0.0,Biotechnology,Healthcare,BPTH
2009Q1,2009,Q1,2009-05-15,2009-03-31,-596694.0,0.0,-599926.0,-2.85,0.0,0.0,3872566.0,3607984.0,1413169.0,264582.0,264582.0,0.0,-3730859.0,7127012.0,6343857.0,17.21218597639516,5.341138097073875,0.0,0.0,-0.16627734491062043,17.21218597639516,-0.16538155379846473,0.0,-2.986041421566163,1.9753446800207537,0.0,0.0,0.0,0.0,2.959970821900205,-0.15408233197316715,-9.90073168326047,0.0,0.689880304678999,0.1471191321740919,-1.0,0.0,0.0,0.6844985554573257,0.6833284595090775,-0.25898706978651154,-1.0,11.729182007312401,Biotechnology,Healthcare,BPTH
2008Q4,2008,Q4,2009-04-03,2008-12-31,-1891256.0,0.0,-1894474.0,-9.19,0.0,0.0,4387305.0,4060020.0,1882643.0,327285.0,327285.0,292800.0,-3134164.0,22639100.0,21132029.0,19.72702978475293,5.752304566356539,0.0,0.0,-0.9332338264343525,19.72702978475293,-0.4658243062842055,0.0,-2.9926012131620467,5.576105536425929,0.0,0.0,0.0,0.0,4.60476648792337,-0.43107465744916296,-90.92446222307902,0.0,-7.06140350877193,-3.1062675089673886,-1.0,0.0,0.0,-6.911582980895131,-6.6782974170250196,-4.28039587813434,-1.0,54.45959832003938,Biotechnology,Healthcare,BPTH
2008Q3,2008,Q3,2008-11-14,2008-09-30,-239049.0,0.0,-246731.0,-1.14,0.0,0.0,4539749.0,4538099.0,2116320.0,1650.0,1650.0,0.0,-1242908.0,58553040.0,56777955.0,21.7011400262053,1282.6181818181817,0.0,0.0,-0.10873760136127485,21.7011400262053,-0.05267602139133589,0.0,-61.235395253692765,12.90254796116171,0.0,0.0,0.0,0.0,1075.8090909090909,-0.05265687596384734,-125.88911153346692,0.0,0.518987341772152,0.3246785170962607,-1.0,0.0,0.0,0.5182949929068867,0.5150059953216835,0.5979959072788371,-1.0,9.353169515353622,Biotechnology,Healthcare,BPTH
2008Q2,2008,Q2,2008-08-14,2008-06-30,-496256.0,0.0,-508730.0,-2.37,0.0,0.0,4766569.0,4759264.0,2325120.0,7305.0,7305.0,0.0,-1003859.0,100376640.0,98123554.0,22.758748649088076,318.2915811088296,0.0,0.0,-0.2137851566964976,22.758748649088076,-0.10427158485009447,0.0,-50.5669654371937,21.09079050878455,0.0,0.0,0.0,0.0,308.4306639288159,-0.10411178354913146,-407.5099972799279,0.0,-1.0431034482758623,0.0,0.0,0.0,0.0,-1.193823329177829,-1.0858737233130922,0.0,0.0,0.0,Biotechnology,Healthcare,BPTH
2008Q1,2008,Q1,2008-05-20,2008-03-31,-226206.0,0.0,-243893.0,-1.16,0.0,0.0,5018247.0,5003497.0,2534215.0,14750.0,14750.0,0.0,-507603.0,35229780.0,32724133.0,25.564436110585987,171.81118644067797,0.0,0.0,-0.09748901618208225,25.564436110585987,-0.04520958041945463,0.0,-38.935505689504254,7.041031502567105,0.0,0.0,0.0,0.0,169.87437288135592,-0.04507669710159743,-293.14422652876124,0.0,0.9254498714652957,0.6537163643704054,-1.0,0.0,0.0,-0.053012317403569535,-0.1476993590769202,0.6537163643704054,-1.0,0.0,Biotechnology,Healthcare,BPTH
2007Q4,2007,Q4,2008-02-12,2007-12-31,-214818.0,0.0,-212506.0,-15.56,0.0,0.0,59429.0,-269048.0,55429.0,328477.0,328477.0,0.0,-811678.0,2484720.0,2515265.0,-19.4905824398725,0.16874545249743514,0.8076864830301704,-0.1784068270345812,0.961356809380768,-19.4905824398725,0.7984374535398888,0.0,-2.8916571237047175,-9.235229401445094,0.0,0.0,0.0,0.0,0.08961358025067204,-3.614699893991149,-30.84348117528768,0.0,-8.046511627906977,-5.953910724345606,-1.0,0.0,0.0,-8.025966386554622,-9.004519561225932,-5.953910724345606,-1.0,0.0,Biotechnology,Healthcare,BPTH
2007Q3,2007,Q3,2007-12-24,2007-09-30,-23800.0,0.0,-21241.0,-1.72,0.0,0.0,44189.0,-164230.0,40189.0,208419.0,208419.0,0.0,-596860.0,2484720.0,2535067.0,-11.897276151840046,0.19282790916375186,1.4134513114123424,-0.38031419350910306,0.20959432915637893,-11.897276151840046,0.1449187115630518,0.0,-26.1,-15.12951348718261,0.0,0.0,0.0,0.0,0.11488875774281615,-0.5385955780850438,-352.8429423459244,0.0,0.0,-0.018561032732029335,-1.0,0.0,1.0,0.21692494982397262,0.19355328600174646,-0.018561032732029335,-1.0,0.0,Biotechnology,Healthcare,BPTH
2007Q2,2007,Q2,2007-12-11,2007-06-30,-30393.0,-7724.0,-26339.0,0.0,-7724.0,1.0,49133.0,-140430.0,45133.0,189563.0,189563.0,0.0,-573060.0,0.0,27721.0,0.0,0.23808971159983752,1.233386929355016,-0.4315317239906003,0.3299494756675123,0.0,0.2164281136509293,0.0,0.0,0.0,0.0,0.0,,-0.15720595119369873,0.17344629489932106,-0.6185862862027558,0.0,1.0,-1.0,0.0,0.0,0.0,-2.689783417195362,-1.6913942537364361,-0.12713967819239985,0.0,0.0,0.0,Biotechnology,Healthcare,BPTH
2007Q1,2007,Q1,2007-10-10,2007-03-31,43959.0,4571.0,-23368.0,3.21,4571.0,1.0,70388.0,-122538.0,66220.0,192926.0,192926.0,0.0,-542668.0,2462220.0,2490831.0,-8.958110973024343,0.3432404134227631,1.1697164289367505,-0.6719058577747311,0.5812356979405034,-8.958110973024343,-0.3587376976937766,538.6611244804201,14.002934552651334,-20.093522009499097,0.0,0.0,0.0,0.06494004659885208,0.3412189129510797,0.6245240666022618,-74.65571086383069,1.0,2.3319502074688794,1.9628502093288345,-0.8273912259630141,0.0,8.043143297380585,2.3332625640714566,0.24050962038481538,1.9628502093288345,-0.8273912259630141,0.0,Biotechnology,Healthcare,BPTH
