Quarters,Year,Quarter,FillingDate,Date,NetIncome,Revenue,OperatingIncome,EPSDiluted,GrossProfit,GrossProfitRatio,TotalAssets,CommonStockEquity,CurrentAssets,CurrentLiability,TotalLiability,Inventory,RetainedEarnings,MarketCap,EnterpriseValue,bookValuePerShare,currentRatio,debtToAssets,debtToEquity,roic,shareholdersEquityPerShare,roe,priceToSalesRatio,peRatio,pbRatio,payoutRatio,inventoryTurnover,dividendYield,assetTurnover,quickRatio,returnOnAssets,priceToFreeCashFlowsRatio,grossProfitMargin,epsdilutedGrowth,fiveYNetIncomeGrowthPerShare,fiveYRevenueGrowthPerShare,fiveYShareholdersEquityGrowthPerShare,grossProfitGrowth,netIncomeGrowth,operatingIncomeGrowth,threeYNetIncomeGrowthPerShare,threeYRevenueGrowthPerShare,threeYShareholdersEquityGrowthPerShare,Industry,Sector,Symbol
2023Q1,2023,Q1,2023-05-02,2023-03-31,80700000.0,1049502000.0,108969000.0,1.08,185705000.0,0.1769458276,5315821000.0,3130121000.0,5106260000.0,702921000.0,2185700000.0,3257775000.0,1351042000.0,2823814505.33,3644397505.33,43.08632987058812,7.264344072804768,0.30537258496853076,0.5186080665891191,0.01688689733708068,43.08632987058812,0.02578175092911744,2.6906232721138217,8.747876410563816,0.9021422831034327,0.4528252788104089,0.2651493734220442,0.012941005838387911,0.19742989841080053,2.3899769675397375,0.015181098084378687,6.710936658594318,0.17694582764015696,0.0,0.8674885669159328,0.502175378234761,0.9601153045969734,-0.22255248780692022,0.01158243080625752,-0.03754636989931107,1.0394792521919545,0.35610449907750125,0.6056299871982986,Residential Construction,Consumer Cyclical,MDC
2022Q4,2022,Q4,2023-01-31,2022-12-31,79776000.0,1519541000.0,113220000.0,1.08,238865000.0,0.1571954952,5363272000.0,3091784000.0,5209858000.0,788912000.0,2271488000.0,3515779000.0,1306885000.0,2264021089.2000003,3218397089.2000003,43.15347364300514,6.603851887155982,0.3110653347434178,0.539600437805487,0.01666622794977569,43.15347364300514,0.025802578705368808,1.4899374805944692,7.094931712545128,0.7322701356886511,0.44665062174087444,0.36426521689787666,0.015738369297871996,0.283323501026985,1.7637150911635264,0.014874501983117768,4.086333991881555,0.15719549521862194,-0.45454545454545453,1.9507785202519556,0.9057095504929501,0.9951598727311859,-0.2861774866418829,-0.44753462603878114,-0.390599012858673,-0.1922375148798422,0.28982295339324193,0.6261255651588062,Residential Construction,Consumer Cyclical,MDC
2022Q3,2022,Q3,2022-10-27,2022-09-30,144400000.0,1441743000.0,185789000.0,1.98,334628000.0,0.2320996183,5331813000.0,3009204000.0,5115606000.0,570846000.0,2322609000.0,4042434000.0,1262741000.0,1943540705.1000001,3206628705.1000004,42.45466712556171,8.961446694905456,0.3216301847045273,0.5698756215929528,0.030397696174605714,42.45466712556171,0.047986111941895594,1.3480493438150907,3.3648557913781167,0.645865386693624,0.24668975069252078,0.27387336441361815,0.018328404394374213,0.2704038945101788,1.5103407924378904,0.02708272026794638,11.767481049515023,0.2320996183092271,-0.2355212355212355,1.1671892666804504,1.192039699956183,0.9859495776929826,-0.17626989304220464,-0.23816357324498,-0.28256546301981367,1.696030825739184,0.7621171696404164,0.669857229674213,Residential Construction,Consumer Cyclical,MDC
2022Q2,2022,Q2,2022-07-28,2022-06-30,189542000.0,1487052000.0,258963000.0,2.59,406235000.0,0.2731814355,5232827000.0,2874317000.0,5024396000.0,601895000.0,2358510000.0,4102585000.0,1153963000.0,2288888089.56,3393089089.56,40.57392875326313,8.347628739231926,0.3238104374557003,0.5895118736033639,0.04124543626261189,40.57392875326313,0.0659433180125922,1.5392118699009854,3.0189721665382874,0.7963241665967951,0.18771565141235189,0.2634478018127595,0.015544665622704014,0.28417755832554753,1.1820084898528813,0.036221721069700945,49.55268536208352,0.27318143548443496,0.2758620689655173,4.126122524387781,1.0390723241055557,0.930822422825861,0.22849116058522187,0.2770564812257026,0.28274437542722974,2.246556471104188,0.850485690334315,0.618005577917899,Residential Construction,Consumer Cyclical,MDC
2022Q1,2022,Q1,2022-04-28,2022-03-31,148421000.0,1269651000.0,201882000.0,2.03,330678000.0,0.2604479499,5059114000.0,2711082000.0,4840880000.0,600514000.0,2348032000.0,3928818000.0,1000001000.0,2677790964.6400003,3795172964.6400003,38.310437309953265,8.061227548400204,0.3358951784838215,0.6268095173808833,0.0334316243195521,38.310437309953265,0.05474603866648076,2.1090764033895932,4.510465103725215,0.9877203878894111,0.23974370203677378,0.23899630881349046,0.01328819182298785,0.25096311330402915,1.4732162780551328,0.029337350373998292,24.08713571560929,0.2604479498696886,-0.08558558558558575,5.096688009863064,0.9947601156187869,0.8579025207934406,-0.05733344736166938,-0.08754403329624187,-0.03474094899305755,2.404086778267482,0.7765055517195226,0.5653898193535035,Residential Construction,Consumer Cyclical,MDC
2021Q4,2021,Q4,2022-02-01,2021-12-31,162661000.0,1465891000.0,209148000.0,2.22,350790000.0,0.2393015579,4963528000.0,2597146000.0,4771477000.0,605204000.0,2366382000.0,3760851000.0,887163000.0,3925024808.67,5108885808.67,36.94210055939315,7.884080409250434,0.357512035793895,0.6832580840661249,0.03698432075436091,36.94210055939315,0.06263067228411495,2.677569347700477,6.032522867605018,1.5112838510695972,0.21726166690233062,0.2965023075894259,0.009003764746132906,0.29533247319245504,1.60568832988546,0.03277124658106089,-30.6324273112313,0.23930155789209429,0.11557788944723628,2.702799442180155,0.8297839615258373,0.80829568720662,0.08822708236389018,0.11446757197473177,0.03418811871396501,1.7745810387413106,0.5516522435304028,0.5382959534538804,Residential Construction,Consumer Cyclical,MDC
2021Q3,2021,Q3,2021-10-28,2021-09-30,145954000.0,1300805000.0,202234000.0,1.99,322350000.0,0.24780808806854218,4874404000.0,2457984000.0,4680995000.0,547191000.0,2416420000.0,3412814000.0,759842000.0,3284466691.2,4289371691.2,34.963670902092055,8.554590627404325,0.3816885100209174,0.7569227464458679,0.03525029349560764,34.963670902092055,0.059379556579701086,2.5249493130792087,5.625859331022103,1.3362441298234649,0.1937322718116667,0.2867003592929471,0.008609007993827208,0.2668644207579019,2.2479828798353774,0.029942942767977376,-30.359162294915283,0.24780808806854218,-0.05687203791469189,4.089667325054958,1.008126670306586,0.7478728373434379,-0.03334632800551774,-0.054408106146988704,-0.011607505046210088,1.5476644932620662,0.5430931314789217,0.49455676769978685,Residential Construction,Consumer Cyclical,MDC
2021Q2,2021,Q2,2021-07-29,2021-06-30,154352000.0,1401091000.0,204609000.0,2.11,333470000.0,0.23800738139064487,4458194000.0,2332559000.0,4261533000.0,486823000.0,2125635000.0,3182026000.0,642164000.0,3556727484.2000003,4417375484.200001,33.18429256228143,8.75376266117254,0.3561641776916841,0.6807326202681261,0.038910289238476746,33.18429256228143,0.0661728170648631,2.5385413825368945,5.760740845923603,1.5248178006215491,0.1830102622576967,0.3355161145760594,0.007942132234051017,0.3142732236416809,2.14951429985847,0.03462209136704235,57.050951737965775,0.23800738139064487,0.39735099337748336,4.272143328086711,1.1928971327429605,0.6790797235040015,0.29308071721057205,0.3944529767820038,0.43188355085902236,1.2487919146550512,0.6918205768707774,0.45755109304973324,Residential Construction,Consumer Cyclical,MDC
2021Q1,2021,Q1,2021-04-29,2021-03-31,110690000.0,1086881000.0,142895000.0,1.51,257888000.0,0.23727344575901133,4382930000.0,2214872000.0,4157870000.0,545481000.0,2168058000.0,3016145000.0,516060000.0,4145581063.7999997,5027978063.799999,31.73581574579171,7.622391980655605,0.37456473181182454,0.7412125847453036,0.02820245970083274,31.73581574579171,0.04997579995593425,3.8141995892834633,9.363043327762218,1.8717023213079582,0.2408980034330111,0.2748518390196758,0.0064321501834432426,0.24798046055948875,2.0127300492592775,0.025254795308161434,-65.0736361378834,0.23727344575901133,-0.3105022831050228,9.711357337990911,1.46664464309759,0.628908852023684,-0.10468612216274016,-0.24949826426556737,-0.15990076017237628,1.6663395929844538,0.6193548369207837,0.4437492897175102,Residential Construction,Consumer Cyclical,MDC
2020Q4,2020,Q4,2021-02-02,2020-12-31,147488000.0,1225166000.0,170093000.0,2.19,288042000.0,0.23510446747624403,3864920000.0,2119912000.0,3668153000.0,473638000.0,1745008000.0,2832230000.0,711666000.0,2890308145.2245,3681681145.2245,32.90390761453328,7.744634087636549,0.33118460407977396,0.6037995916811641,0.04269625303207315,32.90390761453328,0.06957269924411957,2.359115536363644,4.89922594588119,1.3634094930471172,0.17596007810804948,0.3308784950374793,0.008978973415993408,0.3169964708195771,1.675648913305098,0.03816068637901949,-49.46701372990296,0.23510446747624403,0.5873821241927184,5.538110040121761,1.1197811174809655,0.690188428080643,0.25845180570240206,0.49071135458570014,0.35798457534290323,5.066582000966262,0.7086859685346136,0.5212809210136914,Residential Construction,Consumer Cyclical,MDC
2020Q3,2020,Q3,2020-10-29,2020-09-30,98938000.0,1037352000.0,125254000.0,1.37963,228886000.0,0.22064448711719842,3612774000.0,1987999000.0,3429338000.0,371139000.0,1624775000.0,2645709000.0,590130000.0,2998948043.0316,3705959043.0316,28.8207839825484,9.240036751729136,0.3348460213675143,0.608512881545715,0.030451298821647807,28.8207839825484,0.04976763066782227,2.890964728492932,7.577846841030747,1.5085259313669674,0.2160342840971113,0.3055763124364773,0.007127165823917804,0.28713448447093565,2.0311177213927936,0.0273856045243904,-87.74241619215307,0.22064448711719842,0.13740485076626402,5.263147323314178,1.0714467190999941,0.4966714694551307,0.14583364621661535,0.17230674439546897,0.16581502061634976,0.5258385883342569,0.62069962477434,0.34818213530311315,Residential Construction,Consumer Cyclical,MDC
2020Q2,2020,Q2,2020-07-28,2020-06-30,84396000.0,919722000.0,107439000.0,1.212963,199755000.0,0.21719062934234476,3505935000.0,1873185000.0,3334416000.0,411658000.0,1632750000.0,2505898000.0,512566000.0,2242739831.3034,2919416831.3034,27.52372923127939,8.099966477027047,0.3484368649162064,0.6521496808911026,0.025972450177754482,27.52372923127939,0.04505481305904115,2.4384975365419117,6.643501561991682,1.1972868837319326,0.24780795298355374,0.2873089806528438,0.009325201125912822,0.26233287268588834,1.9597967244654544,0.024072323075014227,25.951329321616274,0.21719062934234476,1.3392836135223591,2.9999779787615943,0.8424691524400879,0.4361686765973286,0.3370929415308411,1.2958650707290533,0.7884442520890901,1.3758531498953488,0.31273557981367794,0.30979264745881474,Residential Construction,Consumer Cyclical,MDC
2020Q1,2020,Q1,2020-05-05,2020-03-31,36760000.0,718971000.0,60074000.0,0.518519,149395000.0,0.20779002212884803,3373712000.0,1811077000.0,3044696000.0,435211000.0,1562635000.0,2516647000.0,449084000.0,1445336846.0698001,2197117846.0698004,26.834532373034754,6.995907732111551,0.34402580896057516,0.6408584505241909,0.01513838631245446,26.834532373034754,0.020297314802186765,2.0102853189764263,9.829548735512788,0.7980537801925596,0.564961915125136,0.2263233580235925,0.014368968767711775,0.213109773448356,1.5074756842083494,0.01089601009214776,-33.0854262577498,0.20779002212884803,-0.605633492164297,3.168123330215609,0.7667956491390324,0.4098068418177725,-0.29487088719916554,-0.6029765954919051,-0.4373407762625506,0.5832765552621747,0.1844053235171411,0.30136716886866777,Residential Construction,Consumer Cyclical,MDC
2019Q4,2019,Q4,2020-01-30,2019-12-31,92589000.0,1104468000.0,106768000.0,1.314815,211869000.0,0.19182900726865784,3338356000.0,1782485000.0,2941271000.0,481618000.0,1555871000.0,2366575000.0,433126000.0,2365975654.7896004,3060080654.7896004,26.537602364544835,6.107062028412559,0.34569051353420666,0.6474320962027731,0.029679761999706705,26.537602364544835,0.05194377512293231,2.1421857897101595,6.388382137158842,1.3273467405277464,0.20283186987655122,0.37716911570518574,0.007937528842269535,0.3308418874439994,1.6185649207463175,0.027734909039059945,27.39507502795809,0.19182900726865784,0.7974697907396091,5.057576098782246,1.0918720960008381,0.3898233359781939,0.38481901251029454,0.8305456702253855,0.7712598294568499,1.2060569621773063,0.44298511907780996,0.2990011715077993,Residential Construction,Consumer Cyclical,MDC
2019Q3,2019,Q3,2019-10-30,2019-09-30,50580000.0,772662000.0,60278000.0,0.731481,152994000.0,0.1980089612275484,3158579000.0,1701801000.0,2835286000.0,372223000.0,1456778000.0,2395677000.0,359317000.0,2663039888.6699996,3425432888.6699996,25.424129902317794,7.617170352181354,0.3465232308579269,0.6431545168912229,0.01716425762303331,25.424129902317794,0.02972145391852514,3.446578049224628,13.16251427772835,1.5648362462297296,0.3697311190193752,0.2586609129694863,0.007022425792254965,0.24462329420919976,1.5059574502381636,0.016013530134911934,-28.01695814531146,0.1980089612275484,-0.08139561168208802,2.1440477885913345,0.7744279946472136,0.3342355181537206,0.008563235439533273,-0.07350759254849523,-0.12619051070553614,0.8524716571819536,0.2527598109444257,0.2709805613315444,Residential Construction,Consumer Cyclical,MDC
2019Q2,2019,Q2,2019-07-31,2019-06-30,54593000.0,751441000.0,68983000.0,0.796296,151695000.0,0.20187213633538761,3086097000.0,1661151000.0,2775163000.0,346500000.0,1424946000.0,2227190000.0,327437000.0,2024601091.2396,2664433091.2396,25.0765073415105,8.009128427128427,0.3521347514352271,0.654198203534778,0.018224121984674664,25.0765073415105,0.03286456198142131,2.6942914896041072,9.271340150017402,1.2187941320443476,0.3392559485648343,0.26928371625231795,0.00914797491720217,0.24349234648165627,1.9021991341991342,0.01768998187678482,-328.82915238583723,0.20187213633538761,0.3437485761728538,1.4613407748357568,0.6483717508225357,0.3196000734838427,0.16185289860067553,0.34631319358816276,0.42816032462423914,0.9786542739941093,0.24797191968071233,0.26883690331516147,Residential Construction,Consumer Cyclical,MDC
2019Q1,2019,Q1,2019-04-30,2019-03-31,40550000.0,664682000.0,48302000.0,0.592593,130563000.0,0.19642926993660126,3034919000.0,1610706000.0,2721689000.0,350445000.0,1424213000.0,2149098000.0,291365000.0,1766053478.9394,2386301478.9393997,24.47341667634918,7.76637988842757,0.3585525676303058,0.6755907037038417,0.012891366068390465,24.47341667634918,0.025175295801965102,2.6569900778709217,10.888122558196056,1.0964468245225385,0.4220715166461159,0.24853170958234572,0.00969109950751796,0.2190114464339905,1.975964844697456,0.013361147365053236,36.821931507013886,0.19642926993660126,-0.27242066025596945,2.441833453874837,0.9802034287734268,0.3001408711420096,-0.22591259701067784,-0.25902238465052535,-0.35854769524973107,3.161062833617218,0.599616235463552,0.2561506338041893,Residential Construction,Consumer Cyclical,MDC
2018Q4,2018,Q4,2019-01-31,2018-12-31,54725000.0,881875000.0,75301000.0,0.814472,168667000.0,0.19125953224663358,3001077000.0,1576000000.0,2687244000.0,387647000.0,1425077000.0,2132994000.0,406992000.0,1571849162.4879,2227855162.4879,24.014950098807958,6.932193464672756,0.3731267141762774,0.7105215736040609,0.022062577854596394,24.014950098807958,0.0347239847715736,1.7823945145149822,7.180672281808588,0.9973662198527283,0.31037003197807217,0.33436943563835625,0.010805744218558726,0.29385284016371455,1.823432143161175,0.018235120258493866,35.664673666142534,0.19125953224663358,0.02150565954911739,0.7419100290551857,0.8256672422788515,0.2697315030758233,0.15617202709001674,0.02496628708420737,0.20750148329885665,1.3816456226490241,0.49795561693275103,0.2335857258489036,Residential Construction,Consumer Cyclical,MDC
2018Q3,2018,Q3,2018-11-01,2018-09-30,53392000.0,785638000.0,62361000.0,0.797325,145884000.0,0.18568857412701525,2908170000.0,1532742000.0,2623988000.0,331033000.0,1375428000.0,2107934000.0,369252000.0,1635153653.0896,2317628653.0896,23.394006609667464,7.926665921524441,0.3759756135301581,0.7133627185788606,0.018805381189088245,23.394006609667464,0.03483430349008509,2.081306725348825,7.656360752030267,1.0668159762631937,0.31727599640395565,0.30349811711372365,0.010359882674017886,0.2701485814103027,1.9068703120232726,0.01835931186966374,-165.06699506254796,0.18568857412701525,-0.16964255029321446,0.44187519698370264,0.7167851204104503,0.2711580644856057,-0.05738986599123839,-0.1644313682530243,-0.1480155748343466,2.558374155096412,0.6516423925708994,0.2148573845227545,Residential Construction,Consumer Cyclical,MDC
2018Q2,2018,Q2,2018-08-01,2018-06-30,63899000.0,770980000.0,73195000.0,0.960219,154766000.0,0.20073931878907364,2847629000.0,1489841000.0,2576215000.0,309977000.0,1357788000.0,2055100000.0,332800000.0,1715671028.694,2372882028.6940002,22.76715562186412,8.310987589401794,0.3803483529631142,0.7269842889274761,0.02372617306560484,22.76715562186412,0.042889811731587464,2.225311977864536,6.71243301418645,1.151579952957396,0.2649180738352713,0.299846236192886,0.009866693391031904,0.2707445387021975,2.0392222648777167,0.022439369735313134,-1193.9255592860125,0.20073931878907364,0.6470591262285803,-0.7217830537827671,0.8147940331518208,0.28067285376318035,0.28213072653466986,0.648410896708286,0.48261054507889567,2.1497207212365637,0.6063086998157466,0.1879740381321191,Residential Construction,Consumer Cyclical,MDC
2018Q1,2018,Q1,2018-05-03,2018-03-31,38764000.0,626723000.0,49369000.0,0.58299,120710000.0,0.19260502646304667,2787162000.0,1432493000.0,2458805000.0,309770000.0,1354669000.0,1973857000.0,285829000.0,1550334519.043,2241010519.043,21.98152821394722,7.937518158633825,0.3918171961299702,0.7623478788378023,0.01500141685470028,21.98152821394722,0.0270605161770424,2.4737156910517086,9.998545809533331,1.0822632425031047,0.4350686203694149,0.2563574767574348,0.010878297420875677,0.22486062884037597,2.1247312522193886,0.01390805414252921,-22.86561633938527,0.19260502646304667,0.5449657188098729,0.6892316113223871,0.7862757112568198,0.537049038962312,-0.08394803144825912,0.578853046594982,-0.020320282578929615,3.55199630302992,0.5949932101560208,0.154844378833814,Residential Construction,Consumer Cyclical,MDC
2017Q4,2017,Q4,2018-02-01,2017-12-31,24552000.0,724114000.0,50393000.0,0.3773481786049546,131772000.0,0.1819768710451669,2780292000.0,1407287000.0,2425669000.0,335264000.0,1373005000.0,1829736000.0,258164000.0,1767414196.792,2375923196.792,21.629080572842568,7.235101293309153,0.40065467943654837,0.7915492717548019,0.00947398439622939,21.629080572842568,0.017446334685106875,2.440795505668997,17.996641788774845,1.2559017434197859,0.533724340175953,0.3237308551616189,0.007414221309178585,0.2604453057448642,2.3520031974801947,0.00883072713225805,-409.6926742679648,0.1819768710451669,-0.5902153146241174,-0.1965451454089784,0.6061159978526529,0.55113534829146,0.26757474316056795,-0.5985808413583376,0.4458311814999713,0.658234492956461,0.41582154756310213,0.13275496794884598,Residential Construction,Consumer Cyclical,MDC
2017Q3,2017,Q3,2017-11-02,2017-09-30,61163000.0,603751000.0,34854000.0,0.920845,103956000.0,0.172183565741506,2566302000.0,1390919000.0,2284154000.0,280273000.0,1175383000.0,1832421000.0,392442000.0,1704770021.0936,2249587021.0936003,21.377515120439266,8.149746853960245,0.3595192615678124,0.6633276272737665,0.010274629390182742,21.377515120439266,0.04397308542050256,2.8236309688822048,6.9681425906741,1.225642917447817,0.21228520510766313,0.27275118545356114,0.007616276588246689,0.23526108774415483,1.9650376597103538,0.02383312642081875,-32.610949978835414,0.172183565741506,0.8124979086827556,1.950689157171367,0.8281108076249546,0.489691976809189,-0.12836121242610993,0.805763042130436,-0.2821896367081308,2.9112641825801338,0.4264112259102647,0.12187280639082994,Residential Construction,Consumer Cyclical,MDC
2017Q2,2017,Q2,2017-08-01,2017-06-30,33871000.0,668044000.0,48556000.0,0.508053,119265000.0,0.1785286597888762,2536411000.0,1363653000.0,2156926000.0,278370000.0,1172758000.0,1756736000.0,344263000.0,1808819883.0434,2397202883.0434,21.013806486606384,7.748413981391673,0.36522432681454226,0.6793216456092569,0.013839360296954348,21.013806486606384,0.024838430304483617,2.70763584890127,13.350800707414898,1.326451731520702,0.38121106551327094,0.31238558326350685,0.007138355853472336,0.2633816049528251,2.065380608542587,0.013353908337410616,67.5966920678426,0.1785286597888762,0.48837256992863587,2.076027940545828,1.4981809259342749,0.5120924313265846,0.19499218468197668,0.5223605555305857,0.44917328239718257,0.5588550180216348,0.4959196401169538,0.10580872392856569,Residential Construction,Consumer Cyclical,MDC
2017Q1,2017,Q1,2017-05-09,2017-03-31,22249000.0,581705000.0,33506000.0,0.341348,99804000.0,0.1715715010185575,2506548000.0,1333610000.0,2122602000.0,281403000.0,1172938000.0,1746091000.0,323304000.0,1533315084.8535001,2140732084.8535001,20.6202623018092,7.5429259815993435,0.3700224372324009,0.6954649410247373,0.009067583185031473,20.6202623018092,0.01668328821769483,2.635898066637729,17.229033718970516,1.149747740983871,0.5796665018652524,0.2759884794091488,0.008411187059593976,0.23207415138269843,1.9669655263092434,0.008876351061300242,16.529204053873272,0.1715715010185575,-0.4487175967273321,8.504691697213007,2.021762239462902,0.4865237136258412,-0.20530623944962895,-0.44895482464830594,-0.4189946071546238,0.9217482892973544,0.7635415693374091,0.09544352334584683,Residential Construction,Consumer Cyclical,MDC
2016Q4,2016,Q4,2017-02-01,2016-12-31,40376000.0,736329000.0,57669000.0,0.619189,125588000.0,0.17055962755779006,2528589000.0,1320070000.0,2101411000.0,324690000.0,1208519000.0,1758814000.0,313952000.0,1308139386.5321999,1996361386.5321999,20.429236667848148,6.472053343188888,0.3840604384500605,0.7356662904239927,0.017225238056560364,20.429236667848148,0.030586256789412684,1.7765691511976303,8.099733669334505,0.9909621357444679,0.3052555973845849,0.347245928222086,0.009421778846268703,0.2912015357181416,1.7258954695247775,0.015967798641851248,10.531081788581272,0.17055962755779006,0.5166647479406354,3.066231820225168,1.8669016257522955,0.4637185789621824,0.2693862699118622,0.5317728290147578,0.5572747893713546,0.30524772223801594,0.548161275858873,0.08014571232634506,Residential Construction,Consumer Cyclical,MDC
2016Q3,2016,Q3,2016-11-01,2016-09-30,26359000.0,595420000.0,37032000.0,0.408257,98936000.0,0.16616170098417923,2474270000.0,1292622000.0,2073165000.0,294414000.0,1181648000.0,1847105000.0,350414000.0,1252696431.7341,2037608431.7341,20.003555267345845,7.041665817522264,0.3832928500123269,0.7336792968091213,0.011446910932596362,20.003555267345845,0.020391885640194892,2.103887057428538,11.881107323249175,0.9691127272583168,0.46507834136348114,0.26879035030493664,0.009786089981137681,0.24064471541101012,1.3713682093922164,0.01065324317879617,100.73956025203861,0.16616170098417923,-0.01818107484782972,1.795224456087908,1.6949931012763275,0.40488988170659906,-0.031359226152595975,-0.020584847471482183,-0.017692776996737315,-0.2782604424875722,0.31921923387737544,0.08693141028532997,Residential Construction,Consumer Cyclical,MDC
2016Q2,2016,Q2,2016-08-03,2016-06-30,26913000.0,587334000.0,37699000.0,0.415817,102139000.0,0.1739027537993714,2461400000.0,1277022000.0,2065033000.0,298235000.0,1184378000.0,1827018000.0,336314000.0,1181734647.0381,1959801647.0381,19.76338115323703,6.924180595838852,0.38570447712683836,0.7434272862957725,0.01126380993628292,19.76338115323703,0.021074813119899265,2.01203173498912,10.977358962565487,0.9253831547444757,0.45524467729350127,0.2655666227700001,0.010367809753829607,0.2386178597546112,1.3694804432745988,0.01093402128869749,-142.82507215833937,0.1739027537993714,1.7500033067470866,1.9198804121868567,1.6042469814716092,0.3087099708879697,0.4626598502097922,1.8142842204329186,1.781392946731592,-0.8813287158108455,0.40011395985004583,0.11170785503038462,Residential Construction,Consumer Cyclical,MDC
2016Q1,2016,Q1,2016-05-05,2016-03-31,9563000.0,407761000.0,13554000.0,0.151206,69831000.0,0.17125473009924932,2385806000.0,1258294000.0,2006494000.0,245144000.0,1127512000.0,1811282000.0,321653000.0,1216109395.8079998,1993593395.8079998,19.482867753075652,8.184960676174004,0.38394529982739584,0.7279848747589991,0.004176613701093162,19.482867753075652,0.007599972661397098,2.9824073312749375,31.792047365052802,0.966474763296972,1.2811879117431768,0.18656951264353094,0.010074751533236531,0.17091121407189017,1.4205772933459517,0.004008289022661524,-71.83586719877133,0.17125473009924932,-0.565217641341791,1.4602529636231687,1.298267362220092,0.2393027733091048,-0.28321854182277284,-0.576764770967028,-0.5997401293447125,-0.5795056606864526,0.17269190809152207,0.3623312658077165,Residential Construction,Consumer Cyclical,MDC
2015Q4,2015,Q4,2016-02-03,2015-12-31,22595000.0,578911000.0,33863000.0,0.347774,97423000.0,0.16828666237124532,2415899000.0,1256292000.0,1990511000.0,283366000.0,1159607000.0,1763962000.0,324342000.0,1237919784.4827,2001066784.4827,19.467597261861833,7.024523054988954,0.39080069158520286,0.7515251231401617,0.010680045236336727,19.467597261861833,0.017985468346530902,2.138359410138519,13.696833198525116,0.9853758397591483,0.5409161318875857,0.2729582610056226,0.009873014514512595,0.23962549758909624,1.4951193862354692,0.00935262608246454,47.539162230518436,0.16828666237124532,0.5333342151325565,1.7203918779826604,1.1314009856141443,0.22049665443735147,0.1894634027226665,0.5289619704966843,0.3843669514737746,-0.2544902533699046,0.2946373787077761,0.39612398952783373,Residential Construction,Consumer Cyclical,MDC
2015Q3,2015,Q3,2015-10-27,2015-09-30,14778000.0,468487000.0,24461000.0,0.226809,81905000.0,0.17482875725473707,2350868000.0,1242610000.0,1956421000.0,221970000.0,1108258000.0,1779362000.0,313969000.0,1269371068.4457,2052038068.4457,19.25658674648266,8.813898274541605,0.3852457900656268,0.7288384931716306,0.007112504831065531,19.25658674648266,0.011892709699744892,2.709511829454606,21.473999669199145,1.021536176632813,0.8269725267289214,0.2172587702783357,0.009627602443282549,0.19928256286614135,1.4444924989863495,0.006286188760917244,-17.77731035300123,0.17482875725473707,-0.2682943353130756,2.3793738594977394,0.983930338997307,0.16417796484073413,-0.023801578031512956,-0.26102610261026105,-0.16002197726726416,-0.281148096032786,0.4303136414973639,0.34189509937654233,Residential Construction,Consumer Cyclical,MDC
2015Q2,2015,Q2,2015-08-04,2015-06-30,19998000.0,473128000.0,29121000.0,0.309973,83902000.0,0.17733467476031856,2351936000.0,1236225000.0,1902620000.0,230076000.0,1115711000.0,1672467000.0,311412000.0,1452595841.5359998,2184059841.536,19.164691223102384,8.269528329769294,0.38766020844104604,0.737529171469595,0.008503890594587771,19.164691223102384,0.016176666868895226,3.070196313758644,18.159263945594557,1.1750254537288922,0.6106610661066106,0.23272566812977477,0.008407018422334751,0.20116533783232196,1.845820511483162,0.008502782388636426,50.0860575662368,0.17733467476031856,1.4117720287881734,6.188909947924559,0.38589663676946584,0.14507895382332053,0.3481698107144005,1.3750593824228028,1.4885489659887199,0.8270577264464207,0.7799217869903741,0.37903547201857074,Residential Construction,Consumer Cyclical,MDC
2015Q1,2015,Q1,2015-05-05,2015-03-31,8420000.0,388510000.0,11702000.0,0.128525,62234000.0,0.16018635298962702,2316435000.0,1226463000.0,1848755000.0,206781000.0,1089972000.0,1664752000.0,303627000.0,1379837589.8285,2151559589.8285,19.034190767889115,8.94064251551158,0.3892347508132108,0.7351522222847326,0.0034744042262105116,19.034190767889115,0.006865270293518843,3.55161408928599,40.969049579231,1.1250543961199808,1.4504750593824227,0.19599075417840015,0.008851041666083291,0.16771893016639794,1.8939989650886686,0.003634895863687088,91.46477461411243,0.16018635298962702,-0.43333377423294495,1.3859888895503218,1.5275634797698021,0.12222724466996283,-0.2815865723157907,-0.4248241000068311,-0.6346093798788485,2.6103911369661814,1.0256962284047948,0.3721831241527261,Residential Construction,Consumer Cyclical,MDC
2014Q4,2014,Q4,2015-01-28,2014-12-31,14639000.0,505672000.0,32026000.0,0.226809,86627000.0,0.17131065196411904,2358438000.0,1228336000.0,1871155000.0,251924000.0,1130102000.0,1667960000.0,307419000.0,1279470357.6039,2047917357.6039,19.094227070138363,7.427458281068894,0.3910520437679515,0.7508303916843599,0.009126990689126742,19.094227070138363,0.01191774888955465,2.5302376987531443,21.850371569162853,1.0416289660189884,0.8336635016053009,0.2512320439339073,0.00953832179657118,0.21440970676354434,1.6946063098394755,0.006207074343272963,154.41351165868934,0.17131065196411904,-0.0625015500351341,-0.8897045782975509,0.49585515177582457,0.09663422007990494,0.1909455855261349,-0.052982274550394615,0.44092504274273375,1.7524833395648731,0.9776048410078728,0.368067508732231,Residential Construction,Consumer Cyclical,MDC
2014Q3,2014,Q3,2014-10-30,2014-09-30,15458000.0,418403000.0,22226000.0,0.24193,72738000.0,0.1738467458407325,2588215000.0,1225575000.0,1824868000.0,238427000.0,1362640000.0,1691197000.0,304985000.0,1223632370.8999999,2278564370.8999996,19.055203939930355,7.6537808218029,0.43970497041397255,0.9285853578932338,0.006075780289336603,19.055203939930355,0.012612855190420822,2.924530586300767,19.789629494436536,0.9984149243416355,0.7894941130806055,0.20439073626549717,0.009973583806894367,0.16165697208307656,2.603933279368528,0.0059724559203930125,-15.778828494242347,0.1738467458407325,-0.2727278192957247,1.4622156018839827,0.9729121636157482,0.2307270968749272,-0.08609121748963437,-0.2824250301736143,-0.2539607948442535,1.4685459207542164,0.9026858560821484,0.3382852623585593,Residential Construction,Consumer Cyclical,MDC
2014Q2,2014,Q2,2014-07-29,2014-06-30,21542000.0,442752000.0,29792000.0,0.332654,79590000.0,0.17976203382480485,2596561000.0,1222609000.0,1778305000.0,253155000.0,1373952000.0,1596281000.0,301730000.0,1464278482.1764,2472557482.1764,19.003111507342258,7.024569927514763,0.4383913953879766,0.9310499104783295,0.007989023449709495,19.003111507342258,0.017619696894101058,3.307220480486593,16.993297769199703,1.1976670236980096,0.566567635317055,0.22750505706702015,0.008335163118602516,0.17051476934298868,2.8502142955896583,0.008296358144484185,85.29611942543251,0.17976203382480485,0.9130469787850729,1.6968787184235847,1.1698645019750222,0.17683980125349946,0.2562544392707758,0.8725660639777468,0.9842813374184095,1.7394852950658335,0.9716590648729964,0.2583657277429656,Residential Construction,Consumer Cyclical,MDC
2014Q1,2014,Q1,2014-05-01,2014-03-31,11504000.0,327757000.0,15014000.0,0.173887,63355000.0,0.19329869384940673,2550237000.0,1209689000.0,1699398000.0,232832000.0,1340548000.0,1550772000.0,292394000.0,1365564198.5888,2406043198.5888,18.823665357779557,7.298816313908741,0.4451735270094505,0.9385040287214317,0.003951472256759365,18.823665357779557,0.009509882292060191,4.166392170384767,29.675856193254518,1.1288555972558236,1.0611091794158554,0.17049701696961256,0.008939162298348877,0.12852021204303757,3.068165028862012,0.0045109532957133,-11.89588388306604,0.19329869384940673,-0.629032361292745,1.2689093128075866,0.7790496142329828,0.1208645650411306,-0.2536724428371167,-0.6253866944543944,-0.4904981675037329,1.5564306137005166,0.8565495507299697,0.1973709916527063,Residential Construction,Consumer Cyclical,MDC
2013Q4,2013,Q4,2014-02-05,2013-12-31,30709000.0,472162000.0,29468000.0,0.468739,84889000.0,0.17978786941769986,2595449000.0,1213249000.0,1661868000.0,275821000.0,1382200000.0,1411661000.0,293096000.0,1553955420.9566998,2513311420.9567,18.9134081029207,6.025168496959985,0.4464329678602816,0.9550339625254173,0.011117064294826657,18.9134081029207,0.025311374664228035,3.291148845008069,12.65065144547771,1.280821513932177,0.0,0.2743385274509957,0.0,0.18191919779583418,3.275276356767614,0.011831864159149342,-35.160544414804505,0.17978786941769986,-0.15068436062924212,1.3287305123007882,0.6138913677008055,0.06968855395959865,-0.010675368568265252,-0.15287854128161982,0.05047768430058463,1.9849637089005805,0.748809423973359,0.18575245846314253,Residential Construction,Consumer Cyclical,MDC
2013Q3,2013,Q3,2013-10-29,2013-09-30,36251000.0,448000000.0,28052000.0,0.551902,85805000.0,0.19152901785714285,2528081000.0,1180432000.0,1585066000.0,238543000.0,1347649000.0,1334133000.0,262387000.0,1446316062.921,2383363062.921,18.403696018035507,6.644781024804752,0.44869329740621444,0.960947348089513,0.012584602610845555,18.403696018035507,0.0307099434783198,3.2283840690200893,9.97431838377562,1.2252430152020617,0.0,0.27148342781416845,0.0,0.17720951187877287,3.7786520669229446,0.014339334855172758,-18.102257442970323,0.19152901785714285,-0.8399124002900652,1.2928801344293204,0.18199746510600087,-0.04104508999453784,0.07155791445519825,-0.8388192557878964,-0.004082791919622253,4.4041283892809915,0.9086508922049029,0.11261552516504751,Residential Construction,Consumer Cyclical,MDC
2013Q2,2013,Q2,2013-07-30,2013-06-30,224909000.0,416018000.0,28167000.0,3.4475,80075000.0,0.19247965232273603,2496542000.0,1139195000.0,1504788000.0,246594000.0,1357347000.0,1197500000.0,226136000.0,1564851597.5400002,2459506597.54,17.777495286922182,6.102289593420765,0.45826306947770157,1.0042819710409543,0.07299108471421618,17.777495286922182,0.1974280083743345,3.7614997368863854,1.7394274990551735,1.3736468274000502,0.0,0.28053695198329853,0.0,0.1666376932573135,4.107958831115113,0.09008821001208872,-17.215657255354966,0.19247965232273603,9.133327846590674,3.125168814301323,-0.038718407826264276,-0.16174281635880605,0.24078033965538614,8.988852371646828,0.7243342516069788,59.74414698969256,0.22668346050371915,0.06219481794773877,Residential Construction,Consumer Cyclical,MDC
2013Q1,2013,Q1,2013-05-02,2013-03-31,22516000.0,344254000.0,16335000.0,0.340214,64536000.0,0.187466231329193,2142334000.0,914443000.0,1321463000.0,220702000.0,1227891000.0,1056099000.0,1227000.0,1738270724.4189,2559090724.4189,14.30112355347317,5.98754429049125,0.4838181161294177,1.1334768815552199,0.008346924285184909,14.30112355347317,0.02462263913661103,5.049384246570556,19.300394435278246,1.9009065894964474,0.0,0.2648596391058035,0.0,0.16069109671974585,4.503778851120515,0.010510032515938225,-30.851035148709713,0.187466231329193,-0.275611741627098,1.293919576522783,-0.19427686855054538,-0.37997710615995195,-0.2845550086470667,-0.24111897539602292,-0.5961880747552655,2.04012971724359,1.2569005238472633,-0.15682727588430362,Residential Construction,Consumer Cyclical,MDC
2012Q4,2012,Q4,2013-01-31,2012-12-31,29670000.0,437746000.0,40452000.0,0.4696569775498266,90204000.0,0.20606470418918735,1945441000.0,880897000.0,1209469000.0,310289000.0,1064544000.0,1002521000.0,-21289000.0,1744916273.3093998,2405990273.3093996,13.944031767870227,3.8978790740245386,0.4220991538679405,0.9321963861836288,0.023622304530416707,13.944031767870227,0.0336815768472364,3.986138704429966,14.702698629165823,1.9808402949600237,2.0515335355578026,0.34666804984633737,0.034883622172057656,0.22501119283494075,2.772089890392505,0.015251040766592254,-29.739173625616115,0.20606470418918735,0.5151544732922758,1.1011098447363947,-0.46566708921716926,-0.42831166449596864,0.818885729840905,0.47421246149259666,7.390790292470442,-0.7723634730226652,0.3186245319447858,-0.19915572668336465,Residential Construction,Consumer Cyclical,MDC
2012Q3,2012,Q3,2012-11-01,2012-09-30,20126000.0,320662000.0,4821000.0,0.309973,49593000.0,0.15465817589860975,1908423000.0,906562000.0,1674116000.0,257207000.0,1001861000.0,897186000.0,9909000.0,1805196680.8265998,2818382680.8266,14.3502921766608,6.508827520246339,0.3901933690801253,0.8214043827118278,0.0030158698161563005,14.3502921766608,0.022200356952971775,5.629593406223998,22.42368926794445,1.9912556238035566,0.599026135347312,0.30213244522317556,0.006678496658037037,0.16802459412824097,3.0125385389977724,0.010545880027645862,-51.34964246413312,0.15465817589860975,0.8636360903521376,1.1240772970664867,-0.5526684826339637,-0.5181967211880434,0.3621082699332583,0.8918969731152472,2.713219616204691,1.612686471526403,0.5393946833958847,-0.07315117247948612,Residential Construction,Consumer Cyclical,MDC
2012Q2,2012,Q2,2012-07-31,2012-06-30,10638000.0,258347000.0,-2814000.0,0.166327,36409000.0,0.14093060883230693,1855914000.0,871260000.0,1707509000.0,240184000.0,984654000.0,851753000.0,1839000.0,1538977228.6748998,1989983228.6748998,13.89717060363209,7.109170469306865,0.41873168692083795,0.8919610678787044,-0.001880926519864687,13.89717060363209,0.012209902899249362,5.957016062407924,36.166977549231525,1.7663811361417945,1.1276555743560819,0.2605661500458466,0.007794787197942411,0.13920203199070647,3.553508976451387,0.00573194663114778,527.2275535028776,0.14093060883230693,4.500049601534341,1.0967439068360185,-0.6522832883475843,-0.5725821339232031,0.3936992803552289,3.696688741721854,0.64825,1.3531609296677343,0.2993225955734587,-0.13936496742413162,Residential Construction,Consumer Cyclical,MDC
2012Q1,2012,Q1,2012-05-03,2012-03-31,2265000.0,186268000.0,-8000000.0,0.030241,26124000.0,0.14024953293104558,1825571000.0,868066000.0,1686217000.0,213217000.0,957505000.0,835107000.0,3198000.0,1212679615.9231,1697068615.9231,13.871465428232872,7.908454766739988,0.42185595630079575,0.8871767814889652,-0.005205158133608969,13.871465428232872,0.0026092486055207783,6.510402301646552,133.84984723213023,1.3969901089584202,5.295364238410596,0.19176464812293514,0.009890493616378705,0.10203273386792407,3.9866896166815966,0.0012407077018642386,-63.23614829864421,0.14024953293104558,1.0999993386505826,1.0230757866106595,-0.7595854208837192,-0.5985201815730956,-0.3913610735753227,1.1203442962648107,-0.6012810248198559,1.0543706233012942,0.03827756785100466,-0.17401665572674804,Residential Construction,Consumer Cyclical,MDC
2011Q4,2011,Q4,2012-02-02,2011-12-31,-18821000.0,247376000.0,-4996000.0,-0.302412,42922000.0,0.173509152060022,1858725000.0,868636000.0,1771027000.0,245981000.0,990089000.0,806052000.0,12927000.0,824443325.563,1273892325.563,13.957079565344488,7.199852834161988,0.4265343178791914,0.9127068185062558,-0.002861807651530372,13.957079565344488,-0.02166730368071321,3.332753887050482,-10.951109472969023,0.9491240583662202,-0.6307847617023538,0.2536486479780461,0.014400019542753637,0.13308907988002527,3.601794447538631,-0.010125758248261577,25.622927820829187,0.173509152060022,0.41176539240343824,-1.8262057828502478,-0.8239766708966864,-0.615969840358874,0.06789739506879307,0.40646483759066543,0.6730152496891157,0.7923394905592048,-0.12847929748490777,-0.21062728745080658,Residential Construction,Consumer Cyclical,MDC
2011Q3,2011,Q3,2011-11-03,2011-09-30,-31710000.0,211360000.0,-15279000.0,-0.514101,40193000.0,0.19016370174110522,2114969000.0,880210000.0,2016079000.0,228103000.0,1234759000.0,850687000.0,43620000.0,786862085.0345,1236725085.0345001,14.238521842755674,8.838458941793839,0.4810302184098207,1.155819633950989,-0.007468029993985886,14.238521842755674,-0.03602549391622454,3.722852408376703,-6.203579982927311,0.8939481317350405,-0.37426679280983915,0.20121031589762156,0.0150826939380103,0.09993527091886453,4.920623577945051,-0.014993127558843652,-56.576221242054935,0.19016370174110522,-0.13333465603216804,-1.6264626009923298,-0.8121900376677301,-0.6091748481248921,0.15341349327058285,-0.1333095067905647,0.27990385521726835,0.7341842582821287,-0.42140342043040496,-0.25807835453543454,Residential Construction,Consumer Cyclical,MDC
2011Q2,2011,Q2,2011-08-04,2011-06-30,-27980000.0,215685000.0,-21218000.0,-0.453618,34847000.0,0.16156431833460835,2420304000.0,933194000.0,2319740000.0,243837000.0,1487110000.0,860748000.0,87198000.0,1144080827.5369,1640506827.5369,15.101421699895376,9.513486468419478,0.5173982276606575,1.341908542060922,-0.00911486632679972,15.101421699895376,-0.029983047469229335,5.304406090070705,-10.222309038035203,1.2259839085301663,-0.4241601143674053,0.21009401125532676,0.01037339295821494,0.0891148384665728,5.820232368344427,-0.011560531239050962,-28.34128090410474,0.16156431833460835,-0.39534840799402016,-1.351857842367659,-0.8317290010463559,-0.5778265211070833,0.21211172562523914,-0.40751546858493887,0.038037811125719724,0.7258377187178852,-0.4831888887171592,-0.2879269537793285,Residential Construction,Consumer Cyclical,MDC
2011Q1,2011,Q1,2011-05-10,2011-03-31,-19879000.0,169747000.0,-22057000.0,-0.325093,28749000.0,0.16936381791725333,2454539000.0,971408000.0,2359553000.0,240069000.0,1483131000.0,834441000.0,127046000.0,1176972937.3116,1837727937.3116,15.720829625075218,9.828645097867696,0.5091783019133125,1.2865840100143298,-0.00832780410088351,15.720829625075218,-0.020464109828208128,6.933689180436767,-14.801712074445394,1.2116154461478597,-0.5947985311132351,0.16897300108695523,0.01004611034388604,0.06915636704081703,6.1940358813507785,-0.008098873148888651,-20.2284637926509,0.16936381791725333,0.33112906995813035,-1.1998742144836236,-0.857479164252912,-0.54652631109007,-0.433506078937516,0.3367918863014613,-0.5177182962911994,0.7314704566629241,-0.5888794263256597,-0.3184259795211494,Residential Construction,Consumer Cyclical,MDC
2010Q4,2010,Q4,2011-02-11,2010-12-31,-29974000.0,259566000.0,-14533000.0,-0.4860324845925805,50749000.0,0.19551482089333733,2547769000.0,983683000.0,2414157000.0,321271000.0,1564086000.0,787659000.0,158749000.0,1333155644.4075,2029179644.4075,15.950553564471988,7.514394389783081,0.4977880647735332,1.2892862843009385,-0.005516434625234063,15.950553564471988,-0.03047119854668628,5.1360950371292855,-11.119267068188263,1.3552695781135793,-0.3931740842063121,0.2651109172878111,0.008839928067992135,0.10187972300471511,4.858714294162872,-0.011764802853005905,-18.51913713962744,0.19551482089333733,-1.922150249764503,-1.1444715888851702,-0.8576905519503514,-0.5203662139602392,-0.054319469290399526,-1.9274343197577888,-1.5536812510982252,0.8953647632142623,-0.6754400679917799,-0.3460467123538648,Residential Construction,Consumer Cyclical,MDC
2010Q3,2010,Q3,2010-10-29,2010-09-30,-10239000.0,225681000.0,-5691000.0,-0.166327,53664000.0,0.2377869647865793,2602155000.0,1020092000.0,2468018000.0,339949000.0,1582063000.0,782792000.0,200508000.0,1345206113.8425,1909914113.8425,16.540930448822802,7.2599654654080465,0.4816273434902994,1.2285842845547263,-0.002419456146086285,16.540930448822802,-0.010037329966316764,5.960652929765908,-32.84515367327131,1.318710580852021,-1.150991307744897,0.21974803012805444,0.008760739249345856,0.08672850003170449,4.814136826406314,-0.003934815566328678,34.702458823715304,0.2377869647865793,-1.7500248007671704,-1.0805502201657373,-0.8160580740288985,-0.4496307918095977,-0.1905149787311069,-1.7793159609120521,-1.9811419591409114,0.9353379066732301,-0.677496553692642,-0.4446472290086996,Residential Construction,Consumer Cyclical,MDC
2010Q2,2010,Q2,2010-07-30,2010-06-30,-3684000.0,326330000.0,-1909000.0,-0.060482,66294000.0,0.20315018539515214,2681198000.0,1031980000.0,2551785000.0,406893000.0,1649218000.0,753323000.0,222532000.0,1248606596.4612,1864104596.4612,16.73656751712458,6.271390758749844,0.48770363098883407,1.2671078896877845,-0.0008126391657466788,16.73656751712458,-0.0035698366247407898,3.8262084284656637,-84.73171800089577,1.2099135607872247,-3.1992399565689467,0.34518526581559306,0.009439322227997092,0.12171051895458672,4.142818873757966,-0.0013740126615042977,-6.455516301365444,0.20315018539515214,0.8222236592262517,-1.0336659500385723,-0.7075173342798236,-0.40037768065180135,0.7679814385150812,0.8235040482920519,0.8759987008769081,0.9659356773878762,-0.5534237299157718,-0.4852543602112778,Residential Construction,Consumer Cyclical,MDC
2010Q1,2010,Q1,2010-04-23,2010-03-31,-20873000.0,147078000.0,-15395000.0,-0.340214,37497000.0,0.2549463549953086,2644725000.0,1045734000.0,2519762000.0,356896000.0,1598991000.0,676882000.0,238002000.0,1603360414.4762,1900030414.4762,16.96108418173977,7.060213619653905,0.47143237954796813,1.192281211091922,-0.006598598008102254,16.96108418173977,-0.019960142827908436,10.901429272061083,-19.20376101274613,1.5332392505897294,-0.5645570833133713,0.16189084655818886,0.007349564011688353,0.05561183109775118,5.0591264682148305,-0.007892313945684334,170.37088667263842,0.2549463549953086,-1.1648972273191678,-1.2299418814693792,-0.8531741310601302,-0.35708505410024166,-0.4589177489177489,-1.1641449489627405,-3.830483544769259,0.7841579959601769,-0.8073215924872714,-0.5090977926709356,Residential Construction,Consumer Cyclical,MDC
2009Q4,2009,Q4,2010-02-05,2009-12-31,127162000.0,323879000.0,5439000.0,2.0631881174175053,69300000.0,0.21396879698899898,2429308000.0,1073146000.0,2310860000.0,358171000.0,1356162000.0,523184000.0,270659000.0,1437483718.02,1230337718.02,17.4116644552156,6.4518344589595475,0.42279776792403434,0.9570981022153556,-0.021410185475096863,17.4116644552156,0.11849459439815273,4.438335668629334,2.8260874278872623,1.3395043340048791,0.09236249823060348,0.48659553808984984,0.008170527326860888,0.133321505548082,4.811221455673407,0.05234494761471168,-32.73704664131177,0.21396879698899898,4.955036158381602,-0.18692943592225614,-0.7802188148613248,-0.31025007933870874,0.642296845747328,4.967860708936595,1.2300664100503362,20.281605101560515,-0.7672872354306646,-0.5209166610358055,Residential Construction,Consumer Cyclical,MDC
2009Q3,2009,Q3,2009-10-30,2009-09-30,-32048000.0,203226000.0,-23641000.0,-0.521661,42197000.0,0.20763583399761842,2320517000.0,954268000.0,2176433000.0,368377000.0,1366249000.0,503145000.0,155242000.0,1608831678.594,1170838678.594,15.48288323895321,5.908167448021999,0.435627922570703,1.0593271491866016,-0.012117086041099396,15.48288323895321,-0.0335838569458475,7.916465799622096,-12.550172230669622,1.6859327553622252,-0.36641912131802296,0.32004491746911923,0.007299085514192829,0.0875778975116321,4.4180771329371815,-0.01381071545694343,-181.6042079911954,0.20763583399761842,-0.07812383747364945,-1.2781443584358747,-0.8193916755754018,-0.31139637553004296,0.01318190549366116,-0.08336150361706443,-1.0864001412055424,-1.635042380663101,-0.8188751807855301,-0.575019074300388,Residential Construction,Consumer Cyclical,MDC
2009Q2,2009,Q2,2009-07-31,2009-06-30,-29582000.0,195266000.0,-11331000.0,-0.48386,41648000.0,0.21328853973554024,2348694000.0,994189000.0,2204583000.0,356749000.0,1354505000.0,492870000.0,199033000.0,1392947718.2333999,855053718.2333999,16.14757716989286,6.179647315059047,0.43510606319937806,1.0279041510215865,-0.008721438979301518,16.14757716989286,-0.029754905757355996,7.133590682624726,-11.771919733566019,1.4010894490216648,-0.40031099993239133,0.31168056485482987,0.008501395885136712,0.08313811846072754,4.64733468068586,-0.012595084757741962,121.40035891872057,0.21328853973554024,0.2727267261579992,-1.3257135079927056,-0.7972322347348686,-0.21431854778558293,0.25196897733421514,0.2758916113871686,0.4492831105710814,-1.3733701338635542,-0.8470996506278593,-0.5485803280658843,Residential Construction,Consumer Cyclical,MDC
2009Q1,2009,Q1,2009-05-08,2009-03-31,-40853000.0,175932000.0,-20575000.0,-0.665307,33266000.0,0.18908441898006048,2373151000.0,1030627000.0,2229984000.0,344884000.0,1342524000.0,555986000.0,240457000.0,1435928815.44,853054815.44,16.793880317814146,6.465895779450482,0.42212105340115313,0.9719879257966267,-0.01006935391235275,16.793880317814146,-0.03963897704989293,8.161839889502764,-8.78716872347196,1.393257517452968,-0.28382248549678113,0.25659998633059106,0.00807491281971874,0.07413434711908344,4.756303568736155,-0.017214665227792077,6.089733944485676,0.18908441898006048,0.54314689238981,-1.6116606884772569,-0.7899185607173362,-0.12874417126875917,2.5156043555515057,0.5411218942355214,0.5349862134430231,-1.4135822990541431,-0.8512705933218203,-0.5155737298568548,Residential Construction,Consumer Cyclical,MDC
2008Q4,2008,Q4,2009-02-10,2008-12-31,-89028000.0,278816000.0,-44246000.0,-1.4562820935600886,-21949000.0,-0.07872216802479054,2474938000.0,1080920000.0,2407968000.0,361618000.0,1394018000.0,637322000.0,292905000.0,1391832313.92,1174368313.92,17.68122883329931,6.6588720694213235,0.4171417627431475,0.9551123117344484,-0.02157479908451932,17.68122883329931,-0.08236317211264478,4.991938460920464,-3.9084117185604526,1.2876367482514892,-0.13092510221503348,0.4719200027615554,0.00837457205399383,0.11265575137639812,4.484934378266568,-0.035971810202922255,27.258226707663386,-0.07872216802479054,0.24461916492636535,-2.1945655690261825,-0.7091487853142705,-0.043169960137290575,-1.2892517329537967,0.24533995642997009,-1.0497544704901325,-1.432875156684249,-0.8457937697354297,-0.4683247391463518,Residential Construction,Consumer Cyclical,MDC
2008Q3,2008,Q3,2008-10-31,2008-09-30,-117971000.0,361249000.0,-21586000.0,-1.927878,75882000.0,0.2100545607046663,2531840000.0,1173243000.0,2480634000.0,1358597000.0,1358597000.0,796226000.0,393589000.0,1680762690.4320002,1547844690.4320002,19.191409133022407,1.8258791974367674,0.4060090685035389,0.8761612044563658,-0.00989008375206309,19.191409133022407,-0.10055120720941868,4.652643164221908,-3.561813264344627,1.4325784943374904,-0.09859202685405735,0.3583994996395496,0.00692007269450426,0.14268239699191101,0.9783541403374216,-0.04659496650657229,15.893887322168533,0.2100545607046663,-0.16972454520136854,-2.620294209725326,-0.5933584707285052,0.12125803678708483,0.12384478672985783,-0.17120703691201875,-0.6276579701402504,-1.9362304198723095,-0.7029765871053317,-0.3614409611793448,Residential Construction,Consumer Cyclical,MDC
2008Q2,2008,Q2,2008-07-31,2008-06-30,-100726000.0,411898000.0,-13262000.0,-1.648147,67520000.0,0.16392407829122743,2676814000.0,1293448000.0,2481698000.0,330631000.0,1383366000.0,1014463000.0,523191000.0,1789989458.4726,1545907458.4726,21.20768617776812,7.505944693631268,0.39327909970584435,0.8138982007780754,-0.0056072712902217785,21.20768617776812,-0.07787402354018097,4.345710487724145,-4.442719502592677,1.383889772509293,-0.1150348470107023,0.3394682704051306,0.006473222479135269,0.1538762125422237,4.174472448137047,-0.03762906201177967,19.563367743998164,0.16392407829122743,-0.37974632679491255,-3.099016855874348,-0.46846345299458136,0.3236815331583433,0.06904795832739594,-0.3832188959077177,0.40778780030365275,-1.930597844418175,-0.6267652980728935,-0.24019056112248605,Residential Construction,Consumer Cyclical,MDC
2008Q1,2008,Q1,2008-05-02,2008-03-31,-72820000.0,406145000.0,-22394000.0,-1.194529,63159000.0,0.15550850065863178,2807199000.0,1401964000.0,2611392000.0,375621000.0,1405235000.0,1248803000.0,635504000.0,1999913657.7582002,1835678657.7582002,23.0654766066792,6.952199158194031,0.366776277705998,0.7344083014970427,-0.008684215707708729,23.0654766066792,-0.051941419323178056,4.924137088375335,-6.865949113424197,1.4265085678078755,-0.1581570996978852,0.2746518065699714,0.005758748611632545,0.1446798036049457,3.2975233014128604,-0.02594044811215735,8.669268965963848,0.15550850065863178,0.7428364796085516,-2.951429394461222,-0.29235233506941344,0.7048293022383874,-0.37899808269013324,0.7409389096808162,-0.46922975987403226,-1.8137239002066454,-0.5887279791401769,-0.12569624171193686,Residential Construction,Consumer Cyclical,MDC
2007Q4,2007,Q4,2008-02-07,2007-12-31,-281092000.0,784756000.0,-15242000.0,-4.645017295539102,101705000.0,0.1296007931127637,2956237000.0,1476013000.0,2664651000.0,412986000.0,1480224000.0,1456557000.0,719841000.0,1688300647.563,1750775647.563,24.390967773684615,6.452158184538943,0.36101232749607015,0.7230546072426192,-0.008845874338887741,24.390967773684615,-0.19044005709976808,2.1513701680050867,-1.501555227081347,1.143825052735308,-0.0407766852133821,0.4689490352935038,0.00678907516652616,0.26545774239345493,2.644627178645281,-0.09508439276012039,6.484659856283584,0.1296007931127637,-0.8070453481259323,-5.190489567450007,-0.13399088366847703,0.5687259743735986,-0.19795437160409127,-0.8090849412400726,-5.447546531302876,-2.8305295579940557,-0.457624906616424,-0.03377025613932002,Residential Construction,Consumer Cyclical,MDC
2007Q3,2007,Q3,2007-10-31,2007-09-30,-155378000.0,686661000.0,-2364000.0,-2.570504,126807000.0,0.18467191234102417,3361253000.0,1802404000.0,2915820000.0,519906000.0,1558849000.0,2022206000.0,1012395000.0,1894280709.3636,2203744709.3636,29.784546531202803,5.608359972764307,0.30909395990126304,0.5764207136690775,-0.0005143941742283471,29.784546531202803,-0.08620597823795331,2.7586839930673213,-3.0478586243927714,1.0509745369870462,-0.07374917942050999,0.2768531000303629,0.006049261835036978,0.2042872107514668,1.5755117271199024,-0.04622621385536882,17.549548442764895,0.18467191234102417,-0.4655172118899128,-4.277856804628427,0.08473377339083278,1.193842275641538,0.0229423295660802,-0.46483520627498304,0.7630787733012627,-2.3734606537546847,-0.3784755073075593,0.32467230928798185,Residential Construction,Consumer Cyclical,MDC
2007Q2,2007,Q2,2007-08-03,2007-06-30,-106072000.0,716708000.0,-9978000.0,-1.753991,123963000.0,0.17296165244423112,3585701000.0,1966344000.0,3219021000.0,523063000.0,1619357000.0,2334926000.0,1179232000.0,2197530183.723,2625445183.723,32.514248248890695,6.154174544940093,0.3057404953731502,0.5575290996895762,-0.002020604767351298,32.514248248890695,-0.05394376568901474,3.0661443484975752,-5.179336167233107,1.1175715865194493,-0.10783241571762577,0.2538602936452804,0.005204934195999087,0.19987946568885692,1.4457187757497663,-0.029581942275722375,45.16648546312739,0.17296165244423112,-0.12077248074101726,-3.8696862139856423,0.30689618292441884,1.5010645468858288,-0.11969350509167861,-0.12366787431937118,-3.4169986719787517,-2.1890080631436373,-0.24231211720913587,0.5820232046624744,Residential Construction,Consumer Cyclical,MDC
2007Q1,2007,Q1,2007-05-10,2007-03-31,-94398000.0,745124000.0,-2259000.0,-1.564984,140818000.0,0.18898599427746254,3689465000.0,2079410000.0,3323016000.0,512570000.0,1610055000.0,2512941000.0,1296742000.0,2173788171.497,2640592171.497,34.550841142114315,6.483048169030571,0.2974645375413508,0.5277867279661058,-0.00046717201663532183,34.550841142114315,-0.04539653074670219,2.917350899309377,-5.756976237571241,1.045386995107747,-0.12091357867751436,0.24047759179383837,0.005250741608433558,0.20195990475583858,1.3655422673976236,-0.02558582341884257,14.627173743192051,0.18898599427746254,-13.625619071532443,-3.696020570563219,0.5078368829291384,1.7689992185884442,-0.4546461462198022,-13.830793401413983,-1.0308383274405144,-2.4411804651567155,-0.09272205275228461,0.7924756615481435,Residential Construction,Consumer Cyclical,MDC
