Quarters,Year,Quarter,FillingDate,Date,NetIncome,Revenue,OperatingIncome,EPSDiluted,GrossProfit,GrossProfitRatio,TotalAssets,CommonStockEquity,CurrentAssets,CurrentLiability,TotalLiability,Inventory,RetainedEarnings,MarketCap,EnterpriseValue,bookValuePerShare,currentRatio,debtToAssets,debtToEquity,roic,shareholdersEquityPerShare,roe,priceToSalesRatio,peRatio,pbRatio,payoutRatio,inventoryTurnover,dividendYield,assetTurnover,quickRatio,returnOnAssets,priceToFreeCashFlowsRatio,grossProfitMargin,epsdilutedGrowth,fiveYNetIncomeGrowthPerShare,fiveYRevenueGrowthPerShare,fiveYShareholdersEquityGrowthPerShare,grossProfitGrowth,netIncomeGrowth,operatingIncomeGrowth,threeYNetIncomeGrowthPerShare,threeYRevenueGrowthPerShare,threeYShareholdersEquityGrowthPerShare,Industry,Sector,Symbol
2023Q1,2023,Q1,2023-05-02,2023-03-26,91311000.0,1244746000.0,120633000.0,0.93,236063000.0,0.1896475265,3231793000.0,322841000.0,247846000.0,920433000.0,2908952000.0,67898000.0,-635451000.0,2235029280.0,4045251280.0,3.622705238116612,0.2692710930616351,0.5893517932615114,5.899693657249234,0.030965530557306845,3.622705238116612,0.28283582320708955,1.7955705662038681,6.119277195518612,6.923003212107508,0.2301365662406501,14.855857315384842,0.009402113962462273,0.38515647505889145,0.1460269242845487,0.028253975424787418,17.844117745682738,0.18964752648331468,0.5245901639344264,0.445575479191949,0.15429664684563446,2.422793726108149,0.23490392814358727,0.5731070720992334,0.43376873432615853,3.5793839693773277,0.2069299947713889,2.4327643794656035,Restaurants,Consumer Cyclical,BLMN
2022Q4,2022,Q4,2023-02-22,2022-12-25,58045000.0,1095048000.0,84137000.0,0.61,191159000.0,0.174566777,3320425000.0,273909000.0,346577000.0,978867000.0,3046516000.0,78124000.0,-706109000.0,1843159520.0,3740323520.0,3.114832209422655,0.35405933594655864,0.5968811221455085,7.2356110971161955,0.02128883947639637,3.114832209422655,0.21191344570642073,1.6831769200984796,7.938493927125506,6.729094407266647,0.21162890860539238,11.569927295069377,0.006664642895369143,0.3297915176521078,0.22136204407748958,0.01748119593124374,115.83456008044243,0.17456677698146567,0.7941176470588234,2.687215808869884,0.04676697055782202,6.38115609379724,0.26064391041705137,0.8147001813293315,0.6398097799606307,1.0483674699903525,0.05868607602113454,0.589087033705469,Restaurants,Consumer Cyclical,BLMN
2022Q3,2022,Q3,2022-11-01,2022-09-25,31986000.0,1055763000.0,51309000.0,0.34,151636000.0,0.1436269314,3219201000.0,240145000.0,275710000.0,911322000.0,2979056000.0,83250000.0,-735268000.0,1621510560.0,3513195560.0,2.6924499955152927,0.3025385099887855,0.6157934841595787,8.254858522975702,0.012981004187019661,2.6924499955152927,0.13319452830581524,1.5358660608488837,12.673595948227348,6.752214537050532,0.39001438129181515,10.860384384384384,0.007693443575230247,0.32795808649413316,0.15039250671003224,0.009936005859839133,120.9901925085808,0.14362693142305613,1.492753623188406,4.922666851126943,0.145607096240445,8.70652677302689,-0.1952020805137595,1.518579766536965,-0.4150754112563983,2.367604081188252,0.06287994157409967,0.6205681539788788,Restaurants,Consumer Cyclical,BLMN
2022Q2,2022,Q2,2022-08-02,2022-06-26,-61680000.0,1125162000.0,87719000.0,-0.69,188415000.0,0.1674558864,3229995000.0,262741000.0,292926000.0,909850000.0,2967254000.0,80482000.0,-733723000.0,1635723199.9999998,3510802200.0,2.955533307835947,0.32194977194042973,0.6100396440242167,7.499495701089666,0.03171778719295708,2.955533307835947,-0.2347559002972509,1.4537668353534867,-6.629876783398184,6.22561077258593,-0.20132944228274968,11.639211252205461,0.007591749019638531,0.3483479076592998,0.1583876463153267,-0.019096004792577077,46.785744522624555,0.16745588635236525,-1.92,-2.9540277121595038,0.20708879898421118,2.23805932310948,-0.10083323788798534,-1.793883697582825,-0.1821529797866786,-3.1563420361728145,0.11706788198211705,0.7679608643574729,Restaurants,Consumer Cyclical,BLMN
2022Q1,2022,Q1,2022-05-03,2022-03-27,77694000.0,1140535000.0,107256000.0,0.75,209544000.0,0.1837243048,3203356000.0,293257000.0,271287000.0,935648000.0,2910099000.0,68803000.0,-634356000.0,1877348550.0000002,3674721550.0,3.2819316210620557,0.289945577824139,0.5916195390084649,6.462481713991482,0.02647969918244296,3.2819316210620557,0.2649348523649904,1.6460244972754017,6.0408414742451155,6.401717776557764,0.16164697402630834,13.531255904539046,0.00668975401504425,0.35604378657882546,0.15364966312117379,0.024253938681807453,17.552695526155862,0.18372430482185992,0.2295081967213115,0.8440873254206588,0.1393829656983272,0.6331544792711499,-0.5137355369599421,0.22976352527778657,0.41113318510137226,0.236161213424044,0.03430277100884203,0.22865453567550628,Restaurants,Consumer Cyclical,BLMN
2021Q4,2021,Q4,2022-02-23,2021-12-26,63178000.0,1047083000.0,76007000.0,0.61,430926000.0,0.4115490367,3294271000.0,216461000.0,352792000.0,984625000.0,3071421000.0,79112000.0,-698171000.0,1896583750.0,3781510750.0,2.4253061590346325,0.35830087596800814,0.5987704108131966,9.112551452686628,0.022021863941865696,2.4253061590346325,0.2918678191452502,1.8113022081344077,7.504921610370698,8.76178041309982,0.0,7.788413894225908,0.0,0.3178496851048381,0.21396978545131395,0.0191781429032402,31.23593909549063,0.4115490367048266,19.333333333333332,12.24728477025807,0.21509946589525375,0.39209618541691427,0.03608652687916099,17.317773267613802,4.122801105344746,4.943515046443218,0.06048865442752113,3.8569235236875707,Restaurants,Consumer Cyclical,BLMN
2021Q3,2021,Q3,2021-11-03,2021-09-26,3449000.0,1010463000.0,14837000.0,0.03,415917000.0,0.4116103212091883,3218602000.0,159816000.0,240659000.0,897215000.0,3052266000.0,72433000.0,-758870000.0,2386875750.0,4346293750.0,1.791076892041825,0.26822890834415386,0.6324966553801931,12.738117585223007,0.0370058926755252,1.791076892041825,0.021581068228462733,2.3621604650541386,173.01215932154247,14.93514885868749,0.0,8.208220010216339,0.0,0.3139446877868093,0.12352557636686859,0.0010715832526047022,-185.3596140405374,0.4116103212091883,-0.96,-0.7957179651142424,0.23222172400296176,-0.13590952186450225,-0.11556888137539473,-0.9582167302683385,-0.8809583029116554,-0.12477494663352788,0.08197684641836915,2.279597879017364,Restaurants,Consumer Cyclical,BLMN
2021Q2,2021,Q2,2021-08-05,2021-06-30,82545000.0,1077366000.0,124637000.0,0.75,470265000.0,0.43649511865048646,3246753000.0,146289000.0,247063000.0,913456000.0,3093846000.0,59004000.0,-762319000.0,2417495500.0,4373328500.0,1.6423126578725793,0.2704706083270568,0.6335923921530218,14.062014232102209,0.028837826442931168,1.6423126578725793,0.5642597871336874,2.243894368301951,7.321750257435339,16.52547696682594,0.0,10.289149888143177,0.0,0.33182875321898525,0.15429205128654253,0.025423861932213507,22.34924516266213,0.43649511865048646,0.19047619047619047,12.415422823951483,0.2708430188736984,-0.3725003674283846,0.11711187390875726,0.19870175132874446,0.3696674652190158,2.1972574556853046,0.07985598707658353,0.8625102124022456,Restaurants,Consumer Cyclical,BLMN
2021Q1,2021,Q1,2021-04-30,2021-03-28,68862000.0,987473000.0,90998000.0,0.63,420965000.0,0.42630532682918926,3285324000.0,38604000.0,272989000.0,931983000.0,3239919000.0,53905000.0,-844864000.0,2460137280.0,4529498280.0,0.4368599137687146,0.2929119951758777,0.6714768467280549,57.14482955134183,0.024049065340904688,0.4368599137687146,1.7838047870686975,2.4913463760528134,8.931403676919055,63.72752253652471,0.0,10.509377608756145,0.0,0.3005709634727047,0.18025865278658515,0.020960489741651052,19.901608057274604,0.42630532682918926,4.9375,1.6637577376169839,0.13196193298719744,-0.8545264110543547,0.3272409694393911,5.845682921680388,13.572257529704338,0.09941809195865078,-0.0765199919435856,-0.5872472989789594,Restaurants,Consumer Cyclical,BLMN
2020Q4,2020,Q4,2021-02-24,2020-12-27,-14211000.0,812505000.0,-7238000.0,-0.16,317173000.0,0.39036436698851085,3362107000.0,4145000.0,323854000.0,950104000.0,3351150000.0,61928000.0,-918096000.0,1653814540.0,3798235540.0,0.04726932682548552,0.3408616319897611,0.6705321990049692,543.8844390832328,-0.0011952667972774847,0.04726932682548552,-3.4284680337756335,2.0354515233752406,-29.0939156287383,398.9902388419783,0.0,7.998514403823795,0.0,0.24166541992863405,0.22467329892306526,-0.004226813721276568,26.25435833121666,0.39036436698851085,0.20000000000000004,-2.093209275229427,0.05433422392267361,-0.9861780462563998,0.07936308073451942,0.1942507229120599,0.49224833391792355,-1.9052841341409708,-0.2211220225648224,-0.8879868139631522,Restaurants,Consumer Cyclical,BLMN
2020Q3,2020,Q3,2020-10-30,2020-09-27,-17637000.0,771260000.0,-14255000.0,-0.2,293852000.0,0.38100251536446855,3367598000.0,5134000.0,298195000.0,838973000.0,3355043000.0,58844000.0,-903885000.0,1371158280.0,3589024280.0,0.05863541880810434,0.3554286013971844,0.7061110025602818,463.1667315932996,-0.0021546314498497535,0.05863541880810434,-3.4353330736268015,1.7778158856935404,-19.43582071780915,267.0740708998831,0.0,8.113112636802393,0.0,0.2290237730275407,0.23527574784885807,-0.005237264067742053,30.789712797251475,0.38100251536446855,0.8095238095238095,-2.4575897303175362,0.04298271866066939,-0.9826267278304899,0.5291729980641535,0.8088254422476587,0.8726231324612195,-4.326688645975076,-0.14748871814022393,-0.7886139896909826,Restaurants,Consumer Cyclical,BLMN
2020Q2,2020,Q2,2020-07-31,2020-06-28,-92256000.0,578459000.0,-111912000.0,-1.05,192164000.0,0.332199862047267,3433575000.0,21110000.0,327583000.0,810838000.0,3404377000.0,63563000.0,-886248000.0,927020120.0,3205321120.0,0.24126817225930328,0.40400548568271344,0.716376662807715,116.51980104216011,-0.021631408222510425,0.24126817225930328,-4.37025106584557,1.6025684102071192,-2.512086259972251,43.91379062055898,0.0,6.077356323647405,0.0,0.16847134546354747,0.26555982822709345,-0.02686878836198423,-18.327799920917357,0.332199862047267,-1.3863636363636367,-5.029192807820283,-0.26019518711750783,-0.9395723370769634,-0.7210745720987483,-1.6655109647221982,-1.6922632794457275,-3.9695098188615607,-0.3694775746512246,-0.735668465490633,Restaurants,Consumer Cyclical,BLMN
2020Q1,2020,Q1,2020-05-21,2020-03-29,-34611000.0,1008337000.0,-41568000.0,-0.44,688944000.0,0.6832477633965629,3766601000.0,91950000.0,572446000.0,838030000.0,3674651000.0,68087000.0,-793992000.0,590734620.0,1605979620.0,1.0553317494749166,0.6830853310740665,0.37663665463902335,15.428384991843393,-0.009476248552594671,1.0553317494749166,-0.3764110929853181,0.5858503853374417,-4.266957181242958,6.424520065252855,-0.505041749732744,4.690954220335747,0.029590275240682522,0.26770475556078277,0.5292197176712051,-0.009188921258184766,-99.483768945773,0.6832477633965629,-2.375,-1.8213661420888498,0.2063140325435357,-0.7426955706130155,-0.02955382610839173,-2.235930581345522,-1.9627124924730186,-1.842489076435409,0.0330537967937997,-0.4748459222272656,Restaurants,Consumer Cyclical,BLMN
2019Q4,2019,Q4,2020-02-26,2019-12-29,28004000.0,1022184000.0,43178000.0,0.32,709925000.0,0.6945178167531482,3592683000.0,170342000.0,340468000.0,962021000.0,3422341000.0,86861000.0,-755089000.0,1917949210.0,2899508210.0,1.9601394658412252,0.35390911425010474,0.2918999533217932,6.156461706449378,0.016430462048183683,1.9601394658412252,0.1643986803019807,1.8763248201889289,17.1221005034995,11.25940290709279,0.3104199400085702,3.5949275278893866,0.004532445361261678,0.2845182834110329,0.216478642358119,0.0077947316810305835,20.795511281700982,0.6945178167531482,1.9090909090909092,0.8052012917522164,0.33151776853159204,-0.5538838474079617,0.06424522800489904,2.028114186851211,0.9663903816376719,6.12012081041942,0.21825477366207796,0.1250961711031356,Restaurants,Consumer Cyclical,BLMN
2019Q3,2019,Q3,2019-11-07,2019-09-29,9248000.0,967144000.0,21958000.0,0.11,667069000.0,0.6897307950005377,3468947000.0,144283000.0,211583000.0,790805000.0,3324664000.0,73378000.0,-783093000.0,1643937990.0,2712468990.0,1.6614234883640593,0.26755394819203215,0.3228469619166854,7.762099485039817,0.009306588376074482,1.6614234883640593,0.06409625527608935,1.6997861642113274,44.440365214100346,11.393843973302468,0.9379325259515571,4.089440976859549,0.005276354736470322,0.2788004544318492,0.12173165318883922,0.002665938683986812,139.57700713194092,0.6897307950005377,-0.65625,2.170364378063984,0.3095310879869389,-0.6314651106116845,0.6348207764963067,-0.6813342062644292,-0.4947537965945697,-0.4371975102385053,0.21179957371288738,-0.1984597518817622,Restaurants,Consumer Cyclical,BLMN
2019Q2,2019,Q2,2019-08-02,2019-06-30,29021000.0,1021930000.0,43460000.0,0.32,408038000.0,0.3992817511962659,3511726000.0,150779000.0,233899000.0,786584000.0,3353133000.0,69238000.0,-792341000.0,1653256019.9999998,2737498020.0,1.6717187396057387,0.29736048533913734,0.32715963603082926,7.619728211488337,0.01615865276504749,1.6717187396057387,0.19247375297621022,1.617778145274138,14.241893973329658,10.964763130144117,0.3179421798008339,8.866402842369798,0.005581107758494659,0.29100504993840637,0.14029525136539772,0.008264027432664165,132.29223173561653,0.3992817511962659,-0.536231884057971,0.526285263633743,0.27724275121641806,-0.6353596784613573,-0.10714762420542445,-0.5486625194401245,-0.47317380657987246,4.963617952510096,0.19049609058901465,-0.3612648055550254,Restaurants,Consumer Cyclical,BLMN
2019Q1,2019,Q1,2019-05-03,2019-03-31,64300000.0,1128131000.0,82494000.0,0.69,457005000.0,0.40509923049716745,3552547000.0,244184000.0,249824000.0,821975000.0,3300184000.0,73149000.0,-714425000.0,1884977300.0,2866521300.0,2.671159000164087,0.3039313847744761,0.299590688033121,4.358639386692003,0.029350034903063826,2.671159000164087,0.263326016446614,1.670885118838149,7.328838646967341,7.71949554434361,0.1421461897356143,9.174780243065523,0.004848864758212207,0.31755554535942804,0.1489874996198181,0.01809969016595699,48.11929900696909,0.40509923049716745,4.75,0.6313045944014298,0.327354270996371,-0.3657710361134737,-0.34707974969283084,4.895296598514715,2.8510807151860322,1.4043556737192309,0.2500827817862894,-0.11050871423268717,Restaurants,Consumer Cyclical,BLMN
2018Q4,2018,Q4,2019-02-27,2018-12-30,10907000.0,1013113000.0,21421000.0,0.12,699940000.0,0.690880484210547,2464774000.0,45730000.0,335483000.0,791039000.0,2419044000.0,72812000.0,-920010000.0,1638348310.0,2661300310.0,0.4993502877297197,0.42410424770460114,0.44416851200150603,23.939973759020337,0.024038600358557434,0.4993502877297197,0.23850863765580582,1.6171427175448345,37.552679701109376,35.826553903345726,0.7549280278720089,4.301117947591057,0.005025793324741794,0.4110368739689724,0.24535452740003968,0.004425152164052364,23.094193989456176,0.690880484210547,1.9999999999999996,-0.7496030018501236,0.3058172272609834,-0.8705593816854684,0.8994043500088195,1.6785363457760314,0.7086224774666986,-0.1965974571798495,0.2588076411308372,-0.8539857230390593,Restaurants,Consumer Cyclical,BLMN
2018Q3,2018,Q3,2018-11-02,2018-09-30,4072000.0,965021000.0,12537000.0,0.04,368505000.0,0.38186215636758164,2350794000.0,50354000.0,228454000.0,620649000.0,2290652000.0,48515000.0,-915925000.0,1806237180.0,2878413180.0,0.5461269820611266,0.3680888875999156,0.48953289824629465,22.854013583826507,0.04742613378196509,0.5461269820611266,0.08086745839456647,1.8717076415953642,110.89373649312377,35.87077848830282,2.049115913555992,12.295496238276822,0.004619548358538384,0.4105085345632157,0.1832565588601609,0.001732180701499153,1334.9868292682927,0.38186215636758164,-0.8571428571428571,-0.516101447047608,0.3385948695775388,-0.8384475847804864,-0.48024682651622,-0.8474906367041198,-0.6192139472725063,-0.680424228996169,0.23927748607420585,-0.8381863233634866,Restaurants,Consumer Cyclical,BLMN
2018Q2,2018,Q2,2018-08-02,2018-07-01,26700000.0,1031800000.0,32924000.0,0.28,709000000.0,0.6871486722232991,2389900000.0,81229000.0,248100000.0,631200000.0,2308600000.0,48600000.0,-902000000.0,1810157999.9999998,2868222000.0,0.8817737733391229,0.39306083650190116,0.4769086572659944,14.031491216191261,0.033331658922059526,0.8817737733391229,0.3287003410112152,1.7543690637720486,16.949044943820223,22.28462741139248,0.31322097378277153,6.6419753086419755,0.004620038692754997,0.43173354533662495,0.20262991128010138,0.011172015565504833,414.5083581405999,0.6871486722232991,-0.5882352941176471,-0.5243751451534292,0.35061705060802095,-0.7226882042807754,-0.07247514390371533,-0.591743119266055,-0.5798956246570798,0.10756433007985804,0.25335576573299384,-0.7791522692332409,Restaurants,Consumer Cyclical,BLMN
2018Q1,2018,Q1,2018-05-08,2018-04-01,65400000.0,1116500000.0,78371000.0,0.68,764400000.0,0.6846394984326019,2454300000.0,97657000.0,271300000.0,667400000.0,2356600000.0,50200000.0,-898800000.0,2220890760.0,3257310760.0,1.0584059478909265,0.40650284686844473,0.46539542843173204,11.696242972853968,0.06144515753722087,1.0584059478909265,0.66969085677422,1.9891542857142857,8.489643577981653,22.741746725785145,0.12799694189602445,7.01394422310757,0.0037692083513373707,0.454915861956566,0.21741084806712616,0.02664710915535998,696.6407653701381,0.6846394984326019,3.0,0.35922171760435906,0.3431494250088383,-0.5626839648072409,0.7253949515720189,2.9958452984664263,1.4780560298488585,0.4655884043339955,0.26131925702901815,-0.7419460386581138,Restaurants,Consumer Cyclical,BLMN
2017Q4,2017,Q4,2018-02-28,2017-12-31,16367000.0,1087642000.0,31626000.0,0.17,443029000.0,0.40732980153396064,2572907000.0,38582000.0,360209000.0,860863000.0,2523436000.0,51264000.0,-944951000.0,1951052180.0,2940893180.0,0.4219978780885296,0.4184277869997897,0.4345683695524168,28.979938831579492,0.024883801703040727,0.4219978780885296,0.42421336374475144,1.7938367403980353,29.801615751206697,50.56897465139184,0.44669151341113217,12.57437968164794,0.003747208852199945,0.4227288432889335,0.277549389391808,0.006361287057791051,17.86383361716933,0.40732980153396064,2.4,0.1759007115612263,0.43998920920628226,-0.7620098019161184,-0.32772534142640364,1.9226785714285715,8.939032055311126,0.0028476212091144435,0.34667921435075577,-0.9039557781190514,Restaurants,Consumer Cyclical,BLMN
2017Q3,2017,Q3,2017-11-03,2017-09-24,5600000.0,955600000.0,3182000.0,0.05,659000000.0,0.689619087484303,2473000000.0,25654000.0,258700000.0,716800000.0,2447300000.0,51000000.0,-961300000.0,1608314150.0,2710340150.0,0.2773855219765367,0.3609095982142857,0.48553416902547514,46.80463085678647,0.006746033040330077,0.2773855219765367,0.21828954548998206,1.6830411783172876,71.79973883928571,62.69252943010837,1.3158928571428572,5.815686274509804,0.004581816307467045,0.38641326324302466,0.21010044642857142,0.0022644561261625554,-58.095439604103454,0.689619087484303,-0.8571428571428572,1.1930179879001,0.23969321197593718,-0.8495937278254175,-0.07625455564900477,-0.8404558404558404,-0.9245148740333065,1.6654643854053146,0.2149665717476423,-0.938470688914961,Restaurants,Consumer Cyclical,BLMN
2017Q2,2017,Q2,2017-08-01,2017-06-25,35100000.0,1036500000.0,42154000.0,0.35,713400000.0,0.6882778581765557,2480900000.0,90227000.0,253200000.0,724200000.0,2390700000.0,52600000.0,-891600000.0,2068972360.0,3091969360.0,0.9127483510702868,0.3496271748135874,0.4540678785924463,12.485143028140136,0.03196671562580567,0.9127483510702868,0.38901880811730416,1.9961141919922818,14.73627037037037,22.930745342303304,0.22945868945868947,6.142585551330798,0.0038927537920322914,0.4177919303478576,0.2104391052195526,0.014148091418436858,-186.71350600126343,0.6882778581765557,-0.14634146341463414,1.1654970042324415,0.13698982214083077,0.00013214826911830689,-0.0969620253164557,-0.2777777777777778,-0.39022132214668015,0.6843123834345561,0.1819899713086464,-0.8009085832843931,Restaurants,Consumer Cyclical,BLMN
2017Q1,2017,Q1,2017-05-02,2017-03-26,48600000.0,1154700000.0,69130000.0,0.41,790000000.0,0.6841603879795618,2511000000.0,207134000.0,241300000.0,746800000.0,2303800000.0,52300000.0,-781700000.0,1936760460.0,2840716460.0,2.009565942914799,0.3231119442956615,0.3991859816806053,4.839166916102619,0.041937183069141425,2.009565942914799,0.2346307221412226,1.677284541439335,9.962759567901234,9.350277887744166,0.16983539094650205,6.9732313575525815,0.004261755736174003,0.4598566308243728,0.19456347080878414,0.01935483870967742,24.843002308876347,0.6841603879795618,11.249999999999998,0.002743379857410295,0.12842822380935326,1.4845491586672297,0.12567683100598462,8.363636363636363,17.67792521109771,0.09352493186269714,0.204938323578084,-0.5228569599345414,Restaurants,Consumer Cyclical,BLMN
2016Q4,2016,Q4,2017-02-22,2016-12-25,-6600000.0,1012500000.0,-4145000.0,-0.04,701800000.0,0.6931358024691358,2642300000.0,182699000.0,390500000.0,823400000.0,2459600000.0,65200000.0,-786800000.0,1915920090.0,2878199090.0,1.742197259385698,0.47425309691522954,0.41232221927865875,5.9632455568996,-0.0007988835802730557,1.742197259385698,-0.0361249924739599,1.8922667555555555,-72.57273068181817,10.486757398781602,-1.1209090909090909,4.765337423312883,0.0038613301455594634,0.38318888846837984,0.3183143065338839,-0.002497823865571661,45.58675383077948,0.6931358024691358,-1.2222222222222223,-1.2191936885173846,0.07430292886767395,5.00490499141005,0.02707449143860676,-1.318840579710145,-1.130617003844457,-1.1323197870852753,0.1396633717108821,-0.5483909872045012,Restaurants,Consumer Cyclical,BLMN
2016Q3,2016,Q3,2016-11-02,2016-09-25,20700000.0,1005400000.0,31734000.0,0.18,683300000.0,0.679629998010742,2660000000.0,226761000.0,250400000.0,674000000.0,2433300000.0,66500000.0,-747500000.0,1972463970.0000002,3106614970.0,2.0727885995301603,0.37151335311572703,0.46077105263157897,5.40503437539965,0.0199656229395155,2.0727885995301603,0.09128553851852832,1.961869872687488,23.82202862318841,8.698426845886198,0.3751207729468599,4.843609022556391,0.00393670055225394,0.37796992481203007,0.20445103857566765,0.007781954887218045,-33.93661556725509,0.679629998010742,3.25,33.74933488465737,0.05272985923409641,0.0,-0.06627493850778901,3.25,1.3801095027375685,1.0732128357178592,0.17537990720721333,-0.38683856411970874,Restaurants,Consumer Cyclical,BLMN
2016Q2,2016,Q2,2016-08-03,2016-06-26,-9200000.0,1078600000.0,13333000.0,-0.08,731800000.0,0.678472093454478,2784400000.0,296611000.0,296100000.0,724800000.0,2487800000.0,67700000.0,-633200000.0,1974208600.0000002,3110796600.0,2.617232859789994,0.40852649006622516,0.44486711679356417,4.1761364211037355,-0.023447615089959677,2.617232859789994,-0.03101705600938603,1.830343593547191,-53.64697282608696,6.655884643522999,-0.8671739130434782,5.1225997045790255,0.004041112980664758,0.3873725039505818,0.21647350993377484,-0.0033041229708375233,220.8781159095995,0.678472093454478,-1.2758620689655173,-1.6152908744725192,0.05716445149028917,0.0,-0.07237926226391178,-1.2666666666666666,-0.846188454616769,-1.1332140856032737,0.14764127959673468,-0.17689824067312998,Restaurants,Consumer Cyclical,BLMN
2016Q1,2016,Q1,2016-05-03,2016-03-27,34500000.0,1164200000.0,86684000.0,0.29,788900000.0,0.6776327091565023,2885500000.0,354146000.0,300700000.0,803100000.0,2531300000.0,74400000.0,-559000000.0,1906928100.0000002,3103909100.0,3.003018739930467,0.37442410658697545,0.4594631779587593,3.74360009713508,0.039246504587321,3.003018739930467,0.09741744930057095,1.6379729427933347,13.818319565217394,5.384581782654612,0.23878260869565218,5.044354838709677,0.0043200370270908475,0.40346560388147634,0.2253766654214917,0.011956333391093399,21.878728530616463,0.6776327091565023,1.0714285714285712,-0.4345782999842822,0.045412665831466845,0.0,0.10567624386825508,0.9491525423728814,1.7160896130346233,-0.43900568500865134,0.09577151464346909,0.24079825096682617,Restaurants,Consumer Cyclical,BLMN
2015Q4,2015,Q4,2016-02-24,2015-12-27,17700000.0,1049300000.0,31915000.0,0.14,713500000.0,0.6799771276088821,3032600000.0,408326000.0,418600000.0,814200000.0,2624200000.0,80700000.0,-518400000.0,2030959980.0000002,3215512980.0,3.41987302969899,0.5141242937853108,0.43423234188485127,3.225004040888898,0.021032203311187117,3.41987302969899,0.043347717265126394,1.935537958639093,28.68587542372882,4.973868869481739,0.4059322033898305,4.161090458488228,0.003537735883894669,0.34600672690100903,0.34487840825350036,0.005836575875486381,19.042154027902793,0.6799771276088821,0.07692307692307698,-0.4837035158608557,-0.02214785527167811,10.787421037081133,0.03751635887741748,0.05357142857142857,-0.1758341080466894,-0.02623927401452991,0.06377641676300926,0.9286738204618221,Restaurants,Consumer Cyclical,BLMN
2015Q3,2015,Q3,2015-11-04,2015-09-27,16800000.0,1026700000.0,38724000.0,0.13,687700000.0,0.6698159150676926,3093200000.0,410293000.0,440800000.0,652800000.0,2682900000.0,79600000.0,-526000000.0,2252636510.0,3516667510.0,3.375035988385006,0.6752450980392157,0.4524864218285271,3.411296317509682,0.015774555043588497,3.375035988385006,0.04094634809757905,2.194055235219636,33.52137663690477,5.490311825939024,0.43648809523809523,4.258793969849246,0.0032552966124126254,0.3319216345532135,0.2924325980392157,0.005431268589163326,-845.2669831144465,0.6698159150676926,-0.5,24.37950138244413,-0.032570613814104275,0.0,-0.07330548443605983,-0.4782608695652174,-0.38125748981385316,1.440529138934268,0.013298140367666389,0.8300399308907875,Restaurants,Consumer Cyclical,BLMN
2015Q2,2015,Q2,2015-08-04,2015-06-28,32200000.0,1099600000.0,62585000.0,0.26,742100000.0,0.6748817751909786,3144700000.0,491283000.0,446500000.0,702500000.0,2653500000.0,72100000.0,-482700000.0,2588272610.0,3776374610.0,3.992677535230727,0.6355871886120996,0.4200407034057303,2.688678419566726,0.024196957295929963,3.992677535230727,0.06554267092490479,2.353831038559476,20.095284239130436,5.268394408111007,0.22953416149068323,4.958391123439667,0.002855572466147606,0.34966769485165516,0.2795729537366548,0.010239450504022642,74.19230092300636,0.6748817751909786,-0.4468085106382978,0.983471236886181,-0.007354324663183332,0.0,-0.08900073655781979,-0.46864686468646866,-0.3594231379412698,0.59596845410391,-0.030963887001666853,3.3749245407824957,Restaurants,Consumer Cyclical,BLMN
2015Q1,2015,Q1,2015-05-05,2015-03-29,60600000.0,1202100000.0,97701000.0,0.47,814600000.0,0.6776474502953165,3198600000.0,513925000.0,484300000.0,735500000.0,2684700000.0,73200000.0,-484600000.0,3042959070.0,4218650070.0,4.101490798231473,0.6584636301835486,0.40995779403489024,2.551522109257187,0.039857521702053485,4.101490798231473,0.1179160383324415,2.531369328674819,12.55346150990099,5.921017794425256,0.1224917491749175,5.293715846994536,0.0024394018549845297,0.3758206715438004,0.2700203942895989,0.018945788782592385,63.014269413957344,0.6776474502953165,1.7647058823529407,-0.06525683834905806,0.015937649942580095,0.0,0.08051465711632842,1.7053571428571428,1.4024048391856005,0.028530761992871533,-0.033645444248394725,4.070923672823927,Restaurants,Consumer Cyclical,BLMN
2014Q4,2014,Q4,2015-02-24,2014-12-28,22400000.0,1108500000.0,40668000.0,0.17,753900000.0,0.680108254397835,3338200000.0,551350000.0,598700000.0,838300000.0,2786900000.0,80800000.0,-475000000.0,3037967640.0,4183931640.0,4.393787255745752,0.714183466539425,0.392925528728057,2.3790042622653487,0.02078551913587894,4.393787255745752,0.04062755055772196,2.7406113125845737,33.905888839285716,5.5100528520903245,0.0,4.388613861386139,0.0,0.33206518483014796,0.35953715853513063,0.006710203103468935,23.54612112662957,0.680108254397835,2.8888888888888893,-0.3782974944577531,-0.017080580985770644,14.144252397988891,0.05117122141662019,2.9649122807017543,37.27832292595897,-0.3782974944577531,-0.017080580985770644,14.144252397988891,Restaurants,Consumer Cyclical,BLMN
2014Q3,2014,Q3,2014-11-04,2014-09-28,-11400000.0,1065500000.0,-1121000.0,-0.09,717200000.0,0.6731112153918348,3234300000.0,564826000.0,451500000.0,684800000.0,2669500000.0,64700000.0,-497300000.0,2352927420.0,3621278420.0,4.508185076104048,0.6593165887850467,0.4368954642426491,2.5017456703480363,-0.00041081266062130146,4.508185076104048,-0.0201832068637067,2.2082847677146877,-51.59928552631579,4.165756215188394,0.0,5.383307573415765,0.0,0.3294375908233621,0.29848130841121495,-0.003524719413783508,-162.14784783956998,0.6731112153918348,-1.4285714285714286,-17.710190909084517,-0.02583634221639064,0.0,-0.04627659574468085,-1.4318181818181819,-1.0179673350322964,-17.710190909084517,-0.02583634221639064,0.0,Restaurants,Consumer Cyclical,BLMN
2014Q2,2014,Q2,2014-08-05,2014-06-29,26400000.0,1110900000.0,62391000.0,0.21,752000000.0,0.6769286164371231,3234100000.0,574121000.0,427900000.0,660200000.0,2660000000.0,65300000.0,-485800000.0,2808886470.0,4057614470.0,4.584569069464741,0.6481369282035747,0.4342871277944405,2.4463971880492092,0.023929856331956736,4.584569069464741,0.04598333800714483,2.5284782338644343,26.59930369318182,4.892499089913102,0.0,5.496171516079633,0.0,0.343495872112798,0.3335352923356559,0.008163012893849911,-3166.726572717024,0.6769286164371231,-0.5,0.5978519967287956,-0.01463512287679564,0.0,-0.041183220706362364,-0.5083798882681564,-0.30696687623575414,0.5978519967287956,-0.01463512287679564,0.0,Restaurants,Consumer Cyclical,BLMN
2014Q1,2014,Q1,2014-05-09,2014-03-30,53700000.0,1157900000.0,90026000.0,0.42,784300000.0,0.6773469211503584,3208800000.0,524529000.0,431300000.0,657600000.0,2684300000.0,66800000.0,-511900000.0,3001462200.0,4233959200.0,4.211663535192947,0.6558698296836983,0.43788861879830465,2.6787784850789946,0.03507053863928044,4.211663535192947,0.10237756158382091,2.5921601174540116,13.973287709497209,5.722204492029993,0.0,5.592814371257485,0.0,0.36085140862627774,0.26246958637469586,0.016735228122662676,5839.420622568094,0.6773469211503584,-0.0869565217391305,-0.16663333313568432,-0.01544568622494485,0.0,0.9122645327715767,-0.08955274490522533,1.894633613067104,-0.16663333313568432,-0.01544568622494485,0.0,Restaurants,Consumer Cyclical,BLMN
2013Q4,2013,Q4,2014-03-03,2013-12-31,58982000.0,1050555000.0,31101000.0,0.46,410142000.0,0.39040507160500876,3274174000.0,478381000.0,484031000.0,744502000.0,2791465000.0,80613000.0,-565154000.0,2977360050.0,4186632050.0,3.8577557356558203,0.6501406309183857,0.43343542524007583,2.966553855608814,0.020209690532986255,3.8577557356558203,0.12329503053005868,2.834082984708083,12.619782518395443,6.223825883553068,0.0,7.944289382605783,0.0,0.32086107824446713,0.3593932588495397,0.01801431444999563,16.584099960452512,0.39040507160500876,4.111111111111112,0.6565450515433697,-0.05735065675146509,12.296689882779729,0.09122400925888974,4.222418983531078,0.05391392748220942,0.6565450515433697,-0.05735065675146509,12.296689882779729,Restaurants,Consumer Cyclical,BLMN
2013Q3,2013,Q3,2013-11-06,2013-09-30,11294000.0,967569000.0,29510000.0,0.09,375855000.0,0.388452916536185,2998127000.0,418326000.0,407380000.0,555828000.0,2575414000.0,70717000.0,-624070000.0,2921666670.0,4199117670.0,3.380494072583578,0.7329245737890139,0.48734059631229765,3.4927520641796113,0.015820172092460696,3.380494072583578,0.02699808283491822,3.019595160655209,64.67298277846645,6.984186184937106,0.0,8.367351556202893,0.0,0.322724487655126,0.33042236087422727,0.0037670185419096656,-78.85527165258698,0.388452916536185,-0.8448275862068966,15.76110348440191,-0.10434928079087398,0.0,-0.08188091603053435,-0.8491478335203291,-0.5653006510915358,15.76110348440191,-0.10434928079087398,0.0,Restaurants,Consumer Cyclical,BLMN
2013Q2,2013,Q2,2013-08-01,2013-06-30,74868000.0,1018856000.0,67886000.0,0.58,409375000.0,0.40179868401422775,2980390000.0,390654000.0,439943000.0,550123000.0,2584916000.0,64977000.0,-635364000.0,3070221420.0,4311551420.0,3.1797196763743507,0.7997175177187648,0.49113404621542817,3.7469755845326045,0.07963022079046016,3.1797196763743507,0.1916478520634628,3.0134007357271293,10.252115122615804,7.8591833694266535,0.0,9.379949828400818,0.0,0.34185324739379747,0.4043477549566188,0.02512020238962015,150.3536444662096,0.40179868401422775,0.15999999999999992,3.6188124302779996,-0.07883720263028342,0.0,-0.07463708820644041,0.18418929819844043,-0.2991327689448689,3.6188124302779996,-0.07883720263028342,0.0,Restaurants,Consumer Cyclical,BLMN
2013Q1,2013,Q1,2013-05-01,2013-03-31,63223000.0,1092250000.0,96860000.0,0.5,442394000.0,0.40502998397802703,2954393000.0,293424000.0,427724000.0,574562000.0,2655654000.0,67838000.0,-709862000.0,2151974500.0,3399366500.0,2.420231280621587,0.7444348912737007,0.4958246922464276,4.9923012432520855,0.047302640829497894,2.420231280621587,0.21546635585364524,1.97022156099794,8.509460560239154,7.334009828780196,0.0,9.579527698340163,0.0,0.3697036920951275,0.3784952711804818,0.021399658068510182,-94.17831509846827,0.40502998397802703,2.3333333333333335,0.007892031890621537,-0.045957435595857306,0.0,2.0066122396971022,2.4364061311012066,0.8086417447809687,0.007892031890621537,-0.045957435595857306,0.0,Restaurants,Consumer Cyclical,BLMN
2012Q4,2012,Q4,2013-03-04,2012-12-31,18398000.0,998387000.0,53554000.0,0.15,-439488000.0,-0.4401980394376129,3016553000.0,214288000.0,487812000.0,691378000.0,2796348000.0,78181000.0,-773085000.0,1890094000.0,3122844000.0,1.7731733553992552,0.7055648285019194,0.49541314208634823,6.973978944224595,0.027137454828296326,1.7731733553992552,0.08585641753154633,1.8931476471548607,25.68341667572562,8.820344582991115,0.0,18.391616889013953,0.0,0.33096948735858445,0.4478968089814834,0.00609901433855132,8.808054541980642,-0.4401980394376129,1.4838709677419353,-0.4697912224621306,-0.08077286794545455,5.111671611874023,-1.6829692803063268,1.512964924998606,5.638718059766132,-0.4697912224621306,-0.08077286794545455,5.111671611874023,Restaurants,Consumer Cyclical,BLMN
2012Q3,2012,Q3,2012-11-08,2012-09-30,-35866000.0,952916000.0,-11545000.0,-0.31,643496000.0,0.6752914212795251,2898625000.0,210854000.0,370779000.0,572658000.0,2679384000.0,82431000.0,-791483000.0,1871598470.0,3278077470.0,1.8442417192187595,0.6474702178263466,0.543276208547156,7.468456846917772,-0.005247428914692308,1.8442417192187595,-0.1700987413091523,1.964074976178383,-13.045770855406236,8.876276807648896,0.0,3.753684900098264,0.0,0.3287475958428565,0.2938490338037712,-0.012373452930268663,-60.0313843538506,0.6752914212795251,-2.9374999999999996,-58.61140215115494,-0.045266790053643625,0.0,-0.03290982485564944,-3.0565366972477066,-1.2369663382594418,-58.61140215115494,-0.045266790053643625,0.0,Restaurants,Consumer Cyclical,BLMN
2012Q2,2012,Q2,2012-06-30,2012-06-30,17440000.0,980866000.0,48720000.0,0.16,665394000.0,0.6783740082743208,3000822000.0,97068000.0,492842000.0,540026000.0,2895381000.0,74131000.0,-755617000.0,1319940010.0,2828276010.0,0.9126277488929213,0.9126264290978583,0.5959333809202945,18.423064243623028,0.02168977077941847,0.9126277488929213,0.17966786170519636,1.345688412076675,18.921158400229356,13.59809628301809,0.0,4.255601570193306,0.0,0.3268657721117747,0.5184083729301923,0.005811740916322261,133.54310097126668,0.6783740082743208,-0.6595744680851063,0.24280102892124056,0.024363965410362506,0.0,-0.07554250194854724,-0.6511930238604772,-0.46110963631537033,0.24280102892124056,0.024363965410362506,0.0,Restaurants,Consumer Cyclical,BLMN
2012Q1,2012,Q1,2012-03-31,2012-03-31,49999000.0,1055626000.0,90408000.0,0.47,719767000.0,0.6818390225326015,3037222000.0,86004000.0,525983000.0,555964000.0,2942098000.0,68394000.0,-773057000.0,1319580120.0,2809674120.0,0.8088251890305834,0.9460738465080473,0.6009284141890188,21.221722245476954,0.03821515055165791,0.8088251890305834,0.5813566810846007,1.2500451106736665,6.598032560651213,15.343241244593276,0.0,4.910650057022546,0.0,0.3475630032970919,0.6730759545582088,0.016462082784860638,-41.33634432854055,0.6818390225326015,0.6206896551724138,-0.09118599443754859,0.05130942250529402,0.0,0.10318079476187338,0.6376469817562478,0.48299788396240345,-0.09118599443754859,0.05130942250529402,0.0,Restaurants,Consumer Cyclical,BLMN
2011Q4,2011,Q4,2011-12-31,2011-12-31,30531000.0,955638000.0,60963000.0,0.29,652447000.0,0.6827344663983642,3353936000.0,30850000.0,708279000.0,956424000.0,3313639000.0,69223000.0,-822625000.0,1319580120.0,2946786120.0,0.29012902983109506,0.7405491706607111,0.6288998955257346,68.37244732576985,0.023995667753069348,0.29012902983109506,0.9896596434359806,1.3808368022200874,10.805248108479907,42.77407196110211,0.0,4.379917079583375,0.0,0.2849303027845493,0.5697441720408521,0.009103035955367067,7.31223260298567,0.6827344663983642,52.457668393782384,0.0,0.0,0.0,0.03870505544190341,51.73056994818653,1.8972055888223553,0.0,0.0,0.0,Restaurants,Consumer Cyclical,BLMN
2011Q3,2011,Q3,2011-09-30,2011-09-30,579000.0,928275000.0,21042000.0,0.00542485313545268,628135000.0,0.6766690905173575,,,,,,,,1319592530.0,,,0.0,0.0,0.0,0.0,,0.0,1.4215534512940668,569.7722495682211,0.0,0.0,0.0,0.0,0.0,0.0,0.0,-41.97844854461587,0.6766690905173575,-0.9582703604965178,0.0,0.0,0.0,-0.03437976076827174,-0.9586517174891095,-0.48368258330470626,0.0,0.0,0.0,Restaurants,Consumer Cyclical,BLMN
2011Q2,2011,Q2,2011-06-30,2011-06-30,14003000.0,955502000.0,40754000.0,0.13,650499000.0,0.6807929235103641,,,,,,,,1317135350.0,,,0.0,0.0,0.0,0.0,,0.0,1.3784747180016368,23.515235128186816,0.0,0.0,0.0,0.0,0.0,0.0,0.0,42.00986667942462,0.6807929235103641,-0.75,0.0,0.0,0.0,-0.04909623804059437,-0.7448990745463819,-0.5506378662079764,0.0,0.0,0.0,Restaurants,Consumer Cyclical,BLMN
2011Q1,2011,Q1,2011-03-31,2011-03-31,54892000.0,1001849000.0,90693000.0,0.52,684085000.0,0.6828224612691134,,,,,,,,1316614130.0,,,0.0,0.0,0.0,0.0,,0.0,1.3141842034078988,5.9963844002769076,0.0,0.0,0.0,0.0,0.0,0.0,0.0,62.21007985257985,0.6828224612691134,0.0,0.0,0.0,0.0,0.0,0.0,0.0,0.0,0.0,0.0,Restaurants,Consumer Cyclical,BLMN
