Quarters,Year,Quarter,FillingDate,Date,NetIncome,Revenue,OperatingIncome,EPSDiluted,GrossProfit,GrossProfitRatio,TotalAssets,CommonStockEquity,CurrentAssets,CurrentLiability,TotalLiability,Inventory,RetainedEarnings,MarketCap,EnterpriseValue,bookValuePerShare,currentRatio,debtToAssets,debtToEquity,roic,shareholdersEquityPerShare,roe,priceToSalesRatio,peRatio,pbRatio,payoutRatio,inventoryTurnover,dividendYield,assetTurnover,quickRatio,returnOnAssets,priceToFreeCashFlowsRatio,grossProfitMargin,epsdilutedGrowth,fiveYNetIncomeGrowthPerShare,fiveYRevenueGrowthPerShare,fiveYShareholdersEquityGrowthPerShare,grossProfitGrowth,netIncomeGrowth,operatingIncomeGrowth,threeYNetIncomeGrowthPerShare,threeYRevenueGrowthPerShare,threeYShareholdersEquityGrowthPerShare,Industry,Sector,Symbol
2023Q1,2023,Q1,2023-05-19,2023-03-31,1661759.0,0.0,-793597.0,0.13,-793597.0,0.0,119898372.0,112627531.0,161181.0,7270841.0,7270841.0,0.0,-7109771.0,11426207.649999999,14866168.649999999,103.0051032680121,0.022168137083454307,0.02873662871752754,0.03059176534731992,-0.026173755932032104,103.0051032680121,0.014754465318075737,0.0,1.7189928939756005,0.10145128414472657,0.0,0.0,0.0,0.0,0.0007583716931782719,0.013859729471556127,-241.00838747099766,0.0,0.0,2945.8022900388673,0.0,0.0,0.7654580043817197,0.26039693850540147,-0.11332501890387013,2945.8022900388673,0.0,0.0,Shell Companies,Financial Services,LIVB
2022Q4,2022,Q4,2023-04-13,2022-12-31,1318441.0,0.0,-712817.0,0.13,-3383603.0,0.0,118714652.0,112193450.0,191597.0,6521202.0,6521202.0,0.0,-6316174.0,104077162.98,107491373.98,11.060109288540101,0.029380626455061506,0.02877045876359053,0.03044273083678236,-0.02684567351030892,11.060109288540101,0.011751497079374954,0.0,19.73489200123479,0.9276581028571633,0.0,0.0,0.0,0.0,0.00019382929711424365,0.011105966936583363,-2006.3454327794273,0.0,4.170731707317073,0.0,0.0,0.0,-1.0433754919562845,3.3780330973531134,0.5695260974618468,0.0,0.0,0.0,Shell Companies,Financial Services,LIVB
2022Q3,2022,Q3,2022-11-18,2022-09-30,-554425.0,0.0,-1655889.0,-0.041,-1655889.0,0.0,117764468.0,111890637.0,210168.0,5873831.0,5873831.0,0.0,-5603357.0,20893216.35,24255553.35,53.82134004705312,0.035780396133290183,0.02858531997953746,0.030085940077363222,-0.00720746997293703,53.82134004705312,-0.004955061610740495,0.0,-9.421119335347433,0.18672890699514028,0.0,0.0,0.0,0.0,0.0006806460723844455,-0.004707914105297024,-232.4050761957731,0.0,0.7437499999999999,0.0,0.0,0.0,-0.768681346851408,0.15702704264241252,-0.768681346851408,0.0,0.0,0.0,Shell Companies,Financial Services,LIVB
2022Q2,2022,Q2,2022-08-08,2022-06-30,-657702.0,0.0,-936228.0,-0.16,-936228.0,0.0,117258925.0,116154629.0,208482.0,1104296.0,1104296.0,0.0,-870964.0,30164550.0,30278152.0,38.429984780810585,0.18879177322022356,0.0010660169364506795,0.001076151687420051,-0.006278859470151803,38.429984780810585,-0.00566229693695634,0.0,-11.465888046562121,0.25969305106213203,0.0,0.0,0.0,0.0,0.010321508001477865,-0.005608971769099878,-1006.0215448239061,0.0,-14.559322033898306,0.0,0.0,31265.515135179852,0.0,-7.205789662395501,-10.90085039850513,0.0,0.0,31265.515135179852,Shell Companies,Financial Services,LIVB
2022Q1,2022,Q1,2022-05-12,2022-03-31,105982.0,0.0,-78669.0,0.0118,0.0,0.0,117211969.0,116998015.0,207493.0,213954.0,213954.0,0.0,-27578.0,29038692.360000003,29076110.360000003,41.53938888486506,0.9698019200388869,0.0003412620770836125,0.0003418861422563451,0.004317948854546218,41.53938888486506,0.0009058444282152992,0.0,68.49911390613501,0.24819816267823006,0.0,0.0,0.0,0.0,0.01206801461996504,0.0009041909363368856,-71.50256293075218,0.0,0.0,73.91009176392497,0.0,0.0,0.0,0.0,0.0,73.91009176392497,0.0,0.0,Shell Companies,Financial Services,LIVB
2021Q2,2021,Q2,2021-06-30,2021-06-30,0.0,0.0,0.0,0.0,0.0,0.0,113738.0,17607.0,0.0,96131.0,96131.0,0.0,-7393.0,142104000.0,142119000.0,0.001229109947643979,0.0,0.13188204469922102,0.8519338899301414,,0.001229109947643979,0.0,0.0,0.0,8070.880899642188,0.0,0.0,,0.0,0.0,0.0,0.0,0.0,1.0,0.0,0.0,0.0,0.0,1.0,1.0,0.0,0.0,0.0,Shell Companies,Financial Services,LIVB
2021Q1,2021,Q1,2021-03-31,2021-03-31,-7393.0,0.0,-7393.0,-0.000516,0.0,0.0,,,,,,,,142104000.0,,,0.0,0.0,0.0,0.0,,0.0,0.0,-4805.356418233464,0.0,0.0,0.0,0.0,0.0,0.0,0.0,-19221.425672933856,0.0,0.0,0.0,0.0,0.0,0.0,0.0,0.0,0.0,0.0,0.0,Shell Companies,Financial Services,LIVB
2021Q4,2021,Q4,2021-12-31,2021-12-31,,,,,,,1003446.0,552164.0,1034.0,451282.0,451282.0,0.0,-11080.0,0.0,98976.0,0.0,0.002291250260369348,0.09965658341355688,0.1811056135495976,,0.0,,0.0,0.0,0.0,0.0,0.0,,,0.002291250260369348,,0.0,0.0,0.0,0.0,0.0,0.0,0.0,0.0,0.0,0.0,0.0,0.0,Shell Companies,Financial Services,LIVB
2021Q3,2021,Q3,2021-09-30,2021-09-30,,,,,,,519884.0,286729.0,844.0,233155.0,233155.0,0.0,-7393.0,0.0,74161.0,0.0,0.0036199095022624436,0.1442629509659847,0.2615710304852317,,0.0,,0.0,0.0,0.0,0.0,0.0,,,0.0036199095022624436,,0.0,0.0,0.0,0.0,0.0,0.0,0.0,0.0,0.0,0.0,0.0,0.0,Shell Companies,Financial Services,LIVB
