Quarters,Year,Quarter,FillingDate,Date,NetIncome,Revenue,OperatingIncome,EPSDiluted,GrossProfit,GrossProfitRatio,TotalAssets,CommonStockEquity,CurrentAssets,CurrentLiability,TotalLiability,Inventory,RetainedEarnings,MarketCap,EnterpriseValue,bookValuePerShare,currentRatio,debtToAssets,debtToEquity,roic,shareholdersEquityPerShare,roe,priceToSalesRatio,peRatio,pbRatio,payoutRatio,inventoryTurnover,dividendYield,assetTurnover,quickRatio,returnOnAssets,priceToFreeCashFlowsRatio,grossProfitMargin,epsdilutedGrowth,fiveYNetIncomeGrowthPerShare,fiveYRevenueGrowthPerShare,fiveYShareholdersEquityGrowthPerShare,grossProfitGrowth,netIncomeGrowth,operatingIncomeGrowth,threeYNetIncomeGrowthPerShare,threeYRevenueGrowthPerShare,threeYShareholdersEquityGrowthPerShare,Industry,Sector,Symbol
2023Q1,2023,Q1,2023-05-15,2023-03-31,-7020393.0,913444.0,-5070111.0,-1.53,192760.0,0.2110255254,26511368.0,9177184.0,10739717.0,8636470.0,17334184.0,1577762.0,-278561375.0,6087767.7700000005,12991472.77,2.0049474916156336,1.243530863883045,0.5259283489256382,1.5193200877306154,-0.23199224754729073,2.0049474916156336,-0.7649833543710141,6.664631624927199,-0.21678871004799874,0.663359018409133,0.0,0.4567761170569452,0.0,0.03445480444464428,0.8922789056176887,-0.2648068934051234,-1.1501405934256606,0.21102552537429772,0.625,0.8979615426268304,-0.952178306270028,-0.9562820860592758,0.03820839572134909,0.29606380313029523,-0.11119412618549435,-1.8712423930562054,1.3915079257163077,0.05257147200190772,Diagnostics & Research,Healthcare,OPGN
2022Q4,2022,Q4,2023-03-30,2022-12-31,-9973053.0,721630.0,-4562759.0,-4.08,185666.0,0.2572869753,25830632.0,7575945.0,10655488.0,10590385.0,18254687.0,1345137.0,-272824381.0,6885255.6,14284306.6,3.1028862457916593,1.0061473685800846,0.5744761103793357,1.958710233508823,-0.17019581828718375,3.1028862457916593,-1.3164104280060112,9.541254659590095,-0.17259648575015094,0.9088312547147583,0.0,0.39844566018182537,0.0,0.027936985823653095,0.7510965843073694,-0.3860940374978049,-1.565165194382436,0.2572869753197622,0.3387358184764992,0.8476663422570889,-0.9670221547792114,-0.7551261602418071,1.1276303225988284,0.32131475461912506,0.6623504491649633,-5.735355239984284,0.495249117969123,2.000621947329955,Diagnostics & Research,Healthcare,OPGN
2022Q3,2022,Q3,2022-11-14,2022-09-30,-14694666.0,448713.0,-13513298.0,-6.17,-1454717.0,-3.2419764972,32959167.0,13938311.0,13391560.0,12011654.0,19020856.0,771864.0,-262289652.0,13639421.952,18801358.952,5.849433534996777,1.1148805984587968,0.46838535087977196,1.1075654001406627,-0.4350500109544164,5.849433534996777,-1.0542644657591584,30.396761297310306,-0.23204715833622894,0.978556293657101,0.0,2.4660173294777317,0.0,0.013614209363968453,0.9108626505558685,-0.44584458096286234,-2.8082318347157873,-3.241976497226512,-1.2436363636363637,0.8223589389922664,-0.9762043491027189,-0.8535381051350933,-5.766969452691322,-1.2929514521445709,-1.5631207435977925,-0.5623790999565192,-0.7436954475895543,4.314667732362831,Diagnostics & Research,Healthcare,OPGN
2022Q2,2022,Q2,2022-08-12,2022-06-30,-6408625.0,967205.0,-5272205.0,-2.75,305166.0,0.3155132573,48808593.0,27360980.0,20209245.0,14393524.0,21447613.0,1196956.0,-248185670.0,25406389.75,26865647.75,11.749339230694908,1.4040512247035541,0.36972659711784767,0.6595463685876749,-0.1191809374721697,11.749339230694908,-0.23422498024559063,26.267843683603786,-0.9911014355653515,0.9285628566666838,0.0,0.5531022025872296,0.0,0.019816285218465526,1.2036472096756847,-0.13130116248177856,-3.7895358374572705,0.3155132572722432,0.17664670658682632,0.9631016580330308,-0.9666760811143147,1.3100944952511349,1.0733357792181322,0.17432629380294914,0.09811161632231334,0.06362096204607043,-0.6370181635666178,4.6739247349308615,Diagnostics & Research,Healthcare,OPGN
2022Q1,2022,Q1,2022-05-13,2022-03-31,-7761692.0,469745.0,-5845740.0,-3.34,147186.0,0.3133317012,64259433.0,34171134.0,33492711.0,19012875.0,30088299.0,1361221.0,-242345255.0,34867408.368,29901983.368,14.702422011338173,1.7615805605412123,0.399754305332884,0.7517451718166567,-0.10552482871462943,14.702422011338173,-0.2271417741067651,74.22624693823245,-1.1230608083907478,1.020376097790609,0.0,0.2369629913144155,0.0,0.007310132973006469,1.6262293314398795,-0.12078681117525578,-6.863510391993249,0.3133317012421633,0.02052785923753674,0.9650088780217605,-0.9863408355584267,0.3840589383555088,-0.7409992187005089,-0.12394058025264325,0.012397613632965558,0.5949985447596275,-0.9074238958453723,0.5833710660492353,Diagnostics & Research,Healthcare,OPGN
2021Q4,2021,Q4,2022-03-30,2021-12-31,-6905785.0,1425568.0,-5919123.0,-3.41,568284.0,0.3986368942,71666533.0,41217080.0,39742575.0,19916769.0,30449453.0,1239456.0,-235541539.0,40444800.0,29543760.0,20.381893345992562,1.9954328435500759,0.3513404506396312,0.6108960654175405,-0.08524460822819635,20.381893345992562,-0.16754668210363277,28.371007205548946,-1.4641637409794832,0.9812631074302207,0.0,0.6916615031110422,0.0,0.01989168361193083,1.870423259917309,-0.0963599704202239,-10.245082741262822,0.3986368942063795,-20.3125,0.9676451354342454,-0.9684149774307272,-0.7097999931141122,0.46646366639141207,-0.1401901300643123,-0.16367304121074527,0.6353715603406713,-0.6298374343053461,1.4549198760832855,Diagnostics & Research,Healthcare,OPGN
2021Q3,2021,Q3,2021-11-12,2021-09-30,-6056696.0,1239132.0,-5086586.0,-0.16,387520.0,0.312735043562752,62288918.0,33298852.0,29780253.0,19166482.0,28990066.0,1356912.0,-228729675.0,2204366400.0,2203807438.0,0.8700975823256969,1.5537673006449488,0.3980382995254469,0.7445714645057433,-0.08239670925434579,0.8700975823256969,-0.18188903329159817,1778.9601107872286,-90.98881634475299,66.19947138117554,0.0,0.6276103387692054,0.0,0.019893297873628178,1.3619297479840067,-0.09723553072474304,-421.25227575054623,0.312735043562752,0.15789473684210525,0.9986328454324523,-0.9982151124467886,-0.9888747763998547,0.1703981564537709,0.14532648487750263,0.1713648472732231,0.9851634538279689,-0.9821059195587357,-0.9341012259536529,Diagnostics & Research,Healthcare,OPGN
2021Q2,2021,Q2,2021-08-13,2021-06-30,-7086561.0,811615.0,-6138511.0,-0.19,331101.0,0.4079532783400997,68562363.0,39735919.0,35070381.0,4857269.0,28826444.0,1333880.0,-222672979.0,1737380502.2,1730769623.2,1.0383509659027645,7.220185046370707,0.35838184281950725,0.618370145157584,-0.08999694903778868,1.0383509659027645,-0.17834143964305946,2140.646121868127,-61.291383161733876,43.723174043111975,0.0,0.3602378025009746,0.0,0.011837617090297778,6.517026748981784,-0.10335934600153732,-205.231646829393,0.4079532783400997,0.62,0.9989355825342405,-0.9994792266599976,-0.9962039354163054,0.9399160993215294,0.5228094962685323,0.01959794404219754,0.9838089790213727,-0.9921675249810333,-0.9527220582623565,Diagnostics & Research,Healthcare,OPGN
2021Q1,2021,Q1,2021-05-14,2021-03-31,-14850591.0,829716.0,-6261218.0,-0.5,170678.0,0.2057065309093714,75155598.0,46031281.0,42773526.0,6573201.0,29124317.0,1417440.0,-215586418.0,1474253350.0,1458368513.0,1.561172677681214,6.507259704974791,0.31285227748437316,0.510796125791068,-0.0853680785631666,1.561172677681214,-0.32261954647753555,1776.816826480386,-24.818092256395726,32.027206672784104,0.0,0.4649494863980133,0.0,0.011039976024141276,6.067579555227354,-0.1975979354192618,-253.44692187973035,0.2057065309093714,-0.47058823529411753,0.9971903868439173,-0.9993429919609356,-0.9879419436534984,-0.5676290503585822,-1.088597890726657,-0.03830724499632435,0.9664918451143413,-0.9932566328128005,-0.9659586033774485,Diagnostics & Research,Healthcare,OPGN
2020Q4,2020,Q4,2021-03-29,2020-12-31,-7110316.0,1352359.0,-6030217.0,-0.34,394749.0,0.29189660437797954,49751045.0,21191255.0,16887643.0,7372030.0,28559790.0,1485986.0,-200735827.0,859092919.1999999,865810391.1999999,1.0064140731192748,2.290772419537088,0.40356810595636733,0.9474632342445032,-0.13952582000030353,1.0064140731192748,-0.3355306705525463,635.2550759080983,-30.205862833663087,40.53997364478885,0.0,0.6444273364621201,0.0,0.02718252450777667,1.900910197055628,-0.14291792262855987,-121.57668029385825,0.29189660437797954,0.15,0.9982045664450988,-0.9987857483447424,-0.9966228707504934,1.8707858600341918,0.07364627758499503,0.02359875271253288,0.9874064657437452,-0.9928337711390174,-0.9205757288699693,Diagnostics & Research,Healthcare,OPGN
2020Q3,2020,Q3,2020-11-16,2020-09-30,-7675595.0,1056765.0,-6175962.0,-0.4,-453325.0,-0.4289742752646047,44704840.0,17078948.0,14958928.0,8606508.0,27625892.0,2975060.0,-193625510.0,810555033.6,819382911.6,0.8933969504621678,1.7380949393180138,0.4320773768567341,1.1309800814429554,-0.16034658962436427,0.8933969504621678,-0.4494184887734303,767.0154041816298,-26.400397415444665,47.45930683786847,0.0,0.5075830403420435,0.0,0.023638715629001245,1.2678201193794278,-0.1716949439926415,-112.15923254807367,-0.4289742752646047,0.18367346938775503,0.997891953009181,-0.9986178874815173,-0.9981659147931626,-3.0437168077758843,-0.026747817376924887,0.05244887319582915,0.9884342079423725,-0.9930146680787062,-0.977630550129622,Diagnostics & Research,Healthcare,OPGN
2020Q2,2020,Q2,2020-08-14,2020-06-30,-7475638.0,1188385.0,-6517814.0,-0.49,221814.0,0.18665163225722303,46290344.0,18728544.0,16826550.0,9466932.0,27561800.0,2898185.0,-185949915.0,628482628.8,633769113.8,1.2158245274956754,1.7774026474469238,0.3925879660777634,0.9703387513733048,-0.16490864931078844,1.2158245274956754,-0.39915745719475043,528.8543938201844,-21.0176920284262,33.55747402467592,0.0,0.33350907550760217,0.0,0.025672416692345167,1.385662641286533,-0.1614945440889357,-91.24313589476421,0.18665163225722303,0.07547169811320761,0.9988318799528495,-0.9973475567630317,-0.9982236997087955,0.09422681327788548,-0.892904909079952,-0.6317028023129885,0.9934930818299015,-0.9938101548077671,1.0320886550098718,Diagnostics & Research,Healthcare,OPGN
2020Q1,2020,Q1,2020-05-08,2020-03-31,-3949294.0,616933.0,-3994486.0,-0.53,202713.0,0.32858187193747135,19763524.0,14082694.0,17144794.0,4912525.0,5680830.0,436683.0,-178474277.0,377054832.0,366097272.0,1.9048088846664084,3.490016641136686,0.025900998222786582,0.03634922409022024,-0.23970542743117035,1.9048088846664084,-0.28043597340111204,611.176306017023,-23.86849598940975,26.77433962564265,0.0,0.9485599393610468,0.0,0.031215738650657646,3.347382048946316,-0.1998274194419983,-160.73620629900515,0.32858187193747135,0.13114754098360648,0.9955877250760916,-0.9962119000235257,1.0046324603815031,-0.5623337536271936,-0.5684915919778958,-0.5959278028417963,0.9944029768770082,-0.994360557910207,-0.8206847986917786,Diagnostics & Research,Healthcare,OPGN
2019Q4,2019,Q4,2020-03-24,2019-12-31,-2517893.0,820674.0,-2502924.0,-0.61,463168.0,0.5643751355593085,10421824.0,4293339.0,6667303.0,4938541.0,6128485.0,473030.0,-174524983.0,93831584.0,91826416.0,1.034081033951212,1.350055208613232,0.06745988034340246,0.16375483044781697,-0.3358130316586179,1.034081033951212,-0.5864649868086355,114.33478336099353,-9.316478500079233,21.85515376260761,0.0,0.7557787032534934,0.0,0.07874571668068853,1.1739323415559373,-0.2415981118084512,-27.527120048253057,0.5643751355593085,0.8455696202531646,0.995955065976614,-0.9983485805513164,1.0012019540823243,1.4420577550708362,0.27697406242408334,0.2693105795830477,0.994254128737439,-0.9911436246213875,-0.9852766218486659,Diagnostics & Research,Healthcare,OPGN
2019Q3,2019,Q3,2019-11-14,2019-09-30,-3482438.0,648220.0,-3425428.0,-3.95,189663.0,0.292590478541236,6430152.0,-1556970.0,2005489.0,6434375.0,7987122.0,468374.0,-172007090.0,124930848.0,125141563.0,-1.7647118828489823,0.3116835745507528,0.13018899086677888,-0.5376693192547063,-1.6161323166261072,-1.7647118828489823,2.236676364990976,192.72908580420227,-8.968634043161716,-80.23972716237306,0.0,0.9790402541558669,0.0,0.10080943654209107,0.1559909082078679,-0.5415794214506904,-54.8006970997894,0.292590478541236,-0.3166666666666667,0.9769995004178473,-0.9917492706243427,0.0,-0.6607520717478522,-0.34300934319214227,-0.327208402252369,0.9659026914405867,-0.9594985492582515,-1.0225639223523086,Diagnostics & Research,Healthcare,OPGN
2019Q2,2019,Q2,2019-08-14,2019-06-30,-2593011.0,1009543.0,-2580927.0,-3.0,559069.0,0.5537842370260603,8932114.0,1827003.0,4574586.0,5158712.0,7105111.0,567422.0,-168524652.0,139401188.0,137183521.0,2.0707605016967285,0.8867690229654224,0.09384418962856945,0.4587989182283773,-0.4566358801750729,2.0707605016967285,-1.4192702475036987,138.08345756446235,-13.440088376023088,76.3004702236395,0.0,0.7938959011106372,0.0,0.11302397170479463,0.742202317167541,-0.2903020494364492,-48.83445959911244,0.5537842370260603,0.6341463414634146,0.9810874444408724,-0.9899953011260504,0.0,-0.1464504200808253,0.3270353137564506,0.3139419654510434,0.9831068544473996,-0.9719034366164735,-0.9924295918625445,Diagnostics & Research,Healthcare,OPGN
2019Q1,2019,Q1,2019-05-15,2019-03-31,-3853116.0,1020177.0,-3761966.0,-8.2,654993.0,0.6420385874215945,12091074.0,4338993.0,7485798.0,5483011.0,7752081.0,498852.0,-165931641.0,114901889.112,109732444.112,9.285518932730705,1.3652713809985062,0.06964335839810426,0.19406876203764328,-0.44897403374233863,9.285518932730705,-0.8880207919210747,112.62936638642118,-7.455127818108773,26.481234035639144,0.0,0.7320487840080826,0.0,0.08437439056282345,1.2447117104087517,-0.3186744204857236,-38.3738982670913,0.6420385874215945,0.1276595744680852,0.9355909926021637,-0.9813458159746691,0.0,1.211715803300388,-0.03234936673046874,-0.022760014343781512,0.954002500467789,-0.9490274810500877,-0.9282812772103631,Diagnostics & Research,Healthcare,OPGN
2018Q4,2018,Q4,2019-02-27,2018-12-31,-3732376.0,758959.0,-3678249.0,-9.4,296147.0,0.39020157874140765,8950363.0,3308741.0,5783010.0,4381107.0,5641622.0,543747.0,-162078525.0,207233000.0,203719448.0,8.302467850197603,1.3199883043258245,0.11831196120202052,0.3200416714393783,-0.7067833542458893,8.302467850197603,-1.128035104591142,273.04900528223527,-13.880769247256975,62.63197995854013,0.0,0.8511532017647914,0.0,0.08479644903787702,1.129017163926834,-0.41700833809757215,-73.92044116912672,0.39020157874140765,0.11320754716981125,0.93753387035556,-0.9840892711742265,1.0096502931571818,0.8388741244846257,-0.1465095955213221,-0.1387069770955217,0.9502044848874633,-0.9639952806623678,-0.9721401878522148,Diagnostics & Research,Healthcare,OPGN
2018Q3,2018,Q3,2018-11-14,2018-09-30,-3255425.0,552221.0,-3230198.0,-10.6,161048.0,0.2916368627777647,9222886.0,4029551.0,6038862.0,3864598.0,5193335.0,529815.0,-158346149.0,242928852.0,239323985.0,13.203547333274352,1.5626106518711649,0.12259058607034717,0.28058684453925514,-0.5391875159200796,13.203547333274352,-0.8078877770749148,439.9123756611936,-18.6556941106,60.286828979208856,0.0,0.7383199796155262,0.0,0.05987507597947107,1.3070228779293473,-0.3529724860526304,-85.0796470156841,0.2916368627777647,0.0701754385964913,0.9378412925825984,-0.9796800217642045,0.0,-0.4734171255182516,0.023044145137180606,0.007897633596976823,0.9439950323061729,-0.9547593831250862,-0.9728939853340566,Diagnostics & Research,Healthcare,OPGN
2018Q2,2018,Q2,2018-08-08,2018-06-30,-3332213.0,788901.0,-3255912.0,-11.4,305836.0,0.3876734850126949,12126707.0,6398765.0,9085372.0,4268320.0,5727942.0,614423.0,-155090724.0,207439064.0,201312549.0,21.962693969733685,2.1285592457922555,0.10740574502212348,0.20355146657206508,-0.3897970498413773,21.962693969733685,-0.5207587714191723,262.9468894069091,-15.563160578270356,32.41860952855746,0.0,0.7862091751122599,0.0,0.06505484135140727,1.8614970292761555,-0.27478300580693504,-62.276022362308545,0.3876734850126949,0.23999999999999996,0.9264000618237112,-0.9763244245415063,0.0,-0.0866232032516926,-0.09321560691896942,-0.07958829967873422,0.9724707402572007,-0.9069033596577147,-0.9679128535312336,Diagnostics & Research,Healthcare,OPGN
2018Q1,2018,Q1,2018-05-14,2018-03-31,-3048084.0,846226.0,-3015883.0,-15.0,334841.0,0.3956874404709853,14611352.0,9299924.0,11630078.0,4744187.0,5311428.0,509057.0,-151758511.0,136271520.0,127460037.0,45.8610054984343,2.4514375171130482,0.06728542300534543,0.10571387465101865,-0.2797672127750227,45.8610054984343,-0.32775364615882885,161.03442815512642,-11.176817961709718,14.652971357615396,0.0,1.004573161748095,0.0,0.05791565352747644,2.293970284054992,-0.20861067476849507,-61.0527004329241,0.3956874404709853,0.4360902255639098,0.8825891056324476,-0.9643438838320912,0.0,-0.04874445666038824,-0.028139136312718385,-0.029799089193416815,0.8758437638368695,-0.8105614751267967,1.1115331268861657,Diagnostics & Research,Healthcare,OPGN
2017Q4,2017,Q4,2018-03-29,2017-12-31,-2964661.0,990912.0,-2928613.0,-26.6,351999.0,0.3552273057546987,6619914.0,1400997.0,3501780.0,4789592.0,5218917.0,533425.0,-148710427.0,206533552.0,205982334.0,12.671366810173293,0.7311228179769801,0.1527151259064695,0.72160111691888,-1.0858981441999296,12.671366810173293,-2.11610802878236,208.42774333139573,-17.416287393398434,147.41898233900574,0.0,1.1977560106856635,0.0,0.14968653671331683,0.5546841985705672,-0.44783980577391186,-63.81431167284674,0.3552273057546987,0.23999999999999996,0.8211552983531519,-0.9251229588376882,1.014728440582573,0.42171268397499073,0.09300055955874097,0.08379230590426695,0.8211552983531519,-0.9251229588376882,1.014728440582573,Diagnostics & Research,Healthcare,OPGN
2017Q3,2017,Q3,2017-11-09,2017-09-30,-3268647.0,745114.0,-3196451.0,-35.0,247588.0,0.3322820400636681,9218669.0,3760427.0,6126037.0,4990827.0,5458242.0,461129.0,-145745766.0,291883600.0,288409830.0,39.93826203322146,1.227459296825957,0.11932438402984205,0.2925231629280398,-0.6217943979482902,39.93826203322146,-0.8692222984251522,391.730124517859,-22.324496955468117,77.61980221926925,0.0,1.0789301909010276,0.0,0.08082663560216773,1.066754067011339,-0.3545682136976607,-83.18601826376266,0.3322820400636681,0.5333333333333333,0.7977072438553515,-0.9111308403028726,0.0,0.06877438961218359,0.2232389514660839,0.2371235022069223,0.7977072438553515,-0.9111308403028726,0.0,Diagnostics & Research,Healthcare,OPGN
2017Q2,2017,Q2,2017-08-10,2017-06-30,-4208047.0,703210.0,-4189998.0,-75.0,231656.0,0.32942648710911393,4991040.0,-2137766.0,1625825.0,5514184.0,7128806.0,578903.0,-142477098.0,361207242.0,362529736.0,-37.88954467308272,0.29484416914633244,0.3073862361351542,-0.7176543176381325,25.93623026926648,-37.88954467308272,1.9684319986378302,513.6548712333442,-21.45931604376092,-168.96481747768465,0.0,0.8145647889197327,0.0,0.14089448291338078,0.11306205959032198,-0.8431202715265756,-107.88640434547688,0.32942648710911393,0.21052631578947367,0.5200510474004673,-0.8910235022871451,0.0,-0.06055444709393807,0.15465960563543255,0.15366040031680184,0.5200510474004673,-0.8910235022871451,0.0,Diagnostics & Research,Healthcare,OPGN
2017Q1,2017,Q1,2017-05-03,2017-03-31,-4977932.0,771771.0,-4950729.0,-95.0,246588.0,0.31950928448982924,6156949.0,554058.0,2960489.0,5120757.0,5602891.0,642961.0,-138269051.0,599817000.0,599423884.0,10.622684918900264,0.578135029645031,0.16224886709310082,1.8029845250858214,-2.703465332206964,10.622684918900264,-8.984496207978227,777.1955670788356,-30.123804423202248,1082.5888264405532,0.0,0.8168193716259617,0.0,0.1253495846725383,0.40024492472499673,-0.8085062910217382,-133.6635384313007,0.31950928448982924,0.09523809523809523,0.2545039926717986,-0.8735697420852109,0.0,-0.5215432436522812,-0.0457822759961748,-0.050400334550981786,0.2545039926717986,-0.8735697420852109,0.0,Diagnostics & Research,Healthcare,OPGN
2016Q4,2016,Q4,2017-03-24,2016-12-31,-4760008.0,1006563.0,-4713183.0,-105.0,515382.0,0.5120216022245999,8984045.0,3167481.0,5681758.0,5271937.0,5816564.0,692368.0,-133291119.0,518638500.0,515875933.0,70.23395197232755,1.077736323480345,0.11395924664224188,0.3232268796561053,-1.0422235627580858,70.23395197232755,-1.5027739708620194,515.2568691676527,-27.239371236350863,163.73847230654263,0.0,0.7094218681394865,0.0,0.11203895350034422,0.8838770266033149,-0.529829046938211,-117.33780598663454,0.5120216022245999,0.08695652173913043,0.29602773216620554,-0.8135332595915326,1.0816357543744377,0.6740791268758527,0.01808190874654447,0.019229880843034182,0.29602773216620554,-0.8135332595915326,1.0816357543744377,Diagnostics & Research,Healthcare,OPGN
2016Q3,2016,Q3,2016-11-14,2016-09-30,-4847663.0,759663.0,-4805594.0,-115.0,307860.0,0.405258647584521,9575530.0,3275177.0,6016479.0,5694049.0,6300353.0,830205.0,-128532586.0,686782800.0,684014080.0,78.20944671299281,1.0566257859740933,0.11487343259328726,0.3358517722858948,-1.0080195294588497,78.20944671299281,-1.4801224483440132,904.0624592747047,-35.41824173833866,209.69333871115973,0.0,0.5442065513939328,0.0,0.0793337810022004,0.8267563205023349,-0.5062553195488918,-189.76372056730494,0.405258647584521,0.39473684210526316,0.3254453048082899,-0.7962855842308736,0.0,-0.5502922968602555,0.040618044838391876,0.041681980244537314,0.3254453048082899,-0.7962855842308736,0.0,Diagnostics & Research,Healthcare,OPGN
2016Q2,2016,Q2,2016-08-11,2016-06-30,-5052902.0,1182820.0,-5014613.0,-190.0,684578.0,0.5787676907728987,13850841.0,7944508.0,10302552.0,4158694.0,5906333.0,844272.0,-123683448.0,441468800.0,434619177.0,273.5335353257127,2.4773527458379965,0.08486127304471981,0.14795126394233601,-0.5236094563960986,273.5335353257127,-0.636024534181349,373.23413537140055,-21.842339313131347,55.569054748261316,0.0,0.5901439346561298,0.0,0.08539698058767695,2.1392742529265196,-0.36480831741552733,-79.72352851839017,0.5787676907728987,-0.05555555555555555,-0.11954020050555404,-0.643917345428244,0.0,0.649732626764314,-0.1213271551513699,-0.12034682269472806,-0.11954020050555404,-0.643917345428244,0.0,Diagnostics & Research,Healthcare,OPGN
2016Q1,2016,Q1,2016-05-16,2016-03-31,-4506180.0,1076639.0,-4475947.0,-180.0,414963.0,0.3854244551794984,9679626.0,3254521.0,5989885.0,4691571.0,6425105.0,924345.0,-118630546.0,354431700.0,351978184.0,129.47133707284084,1.2767333159830683,0.10277173932133328,0.3056646431225978,-0.9385579084085803,129.47133707284084,-1.3845908506966156,329.20198878175506,-19.6636452605089,108.90441327617796,0.0,0.7158322920554555,0.0,0.11122733460982893,0.9825135333132547,-0.4655324492909127,-93.33386175657894,0.3854244551794984,0.042953770241726835,-0.40027192897152963,-0.6340344874134747,0.0,-0.39489302504637136,0.04686261959746466,0.07157406566181415,-0.40027192897152963,-0.6340344874134747,0.0,Diagnostics & Research,Healthcare,OPGN
2015Q4,2015,Q4,2016-03-30,2015-12-31,-4727734.0,1329587.0,-4821006.0,-188.0786887854557,685768.0,0.5157751993664198,13762746.0,7491046.0,9891367.0,4893792.0,6271700.0,826012.0,-114124366.0,477603000.0,471418488.0,298.00875203882725,2.0212070721436466,0.07265991830409425,0.133492705825061,-0.5143497826096232,298.00875203882725,-0.631118004081139,359.21154463754533,-25.2553866186211,63.756516780166606,0.0,0.7794305651733873,0.0,0.09660768279818577,1.7354366511694816,-0.34351676620348875,-144.61739612805704,0.5157751993664198,0.010112164287075207,-0.25445292619763277,-0.5580932411506524,1.3463875889037233,0.846152189480372,-0.012236590643307408,-0.03589530701977739,-0.25445292619763277,-0.5580932411506524,1.3463875889037233,Diagnostics & Research,Healthcare,OPGN
2015Q3,2015,Q3,2015-11-13,2015-09-30,-4670582.0,980786.0,-4653951.0,-190.0,371458.0,0.37873501456994696,16997489.0,11944854.0,13434867.0,3734781.0,5052635.0,1155488.0,-109396634.0,632667600.0,622481721.0,487.10765842916567,3.597230199039783,0.05890575955071952,0.08382270725117276,-0.3450897083865192,487.10765842916567,-0.39101206260034654,645.0618177665668,-33.86449483169335,52.965703892236775,0.0,0.5273339056744856,0.0,0.05770181701544269,3.1437096311671286,-0.27478070437345187,-96.53919696698502,0.37873501456994696,0.5476190476190477,-0.10987846216100315,-0.5508465701964609,0.0,0.3650471665178358,0.12839250070541022,-0.524104620043988,-0.10987846216100315,-0.5508465701964609,0.0,Diagnostics & Research,Healthcare,OPGN
2015Q2,2015,Q2,2015-08-14,2015-06-30,-5358584.0,375146.0,-3053564.0,-420.0,272121.0,0.7253735878831175,11797043.0,8828296.0,11267516.0,2757989.0,2968747.0,347463.0,-104726050.0,479805600.0,469921628.0,684.4701504109164,4.0854100578356185,0.0002119175118714071,0.0002831803555295382,-0.3333536751049357,684.4701504109164,-0.6069782889019579,1278.9836490326434,-22.384906161777067,54.34860815722536,0.0,0.29650639060849643,0.0,0.031800002763404354,3.781687309122698,-0.45423111537357286,-166.59291943218795,0.7253735878831175,-2.2538488810005948,-1.6735167913674165,-0.7456881862605733,0.0,0.04108944414475421,-1.064827277410793,-0.2066361026174386,-1.6735167913674165,-0.7456881862605733,0.0,Diagnostics & Research,Healthcare,OPGN
2015Q1,2015,Q1,2015-03-31,2015-03-31,-2595173.0,472200.0,-2530642.0,-129.077906,261381.0,0.5535387547649301,2648017.0,-8814211.0,1254543.0,6561862.0,11462228.0,320807.0,-99367465.0,1039646000.0,1042803814.0,-411.1873017353984,0.191187044165208,0.0,0.0,0.29672913907766213,-411.1873017353984,0.2944305508456741,2201.706903854299,-100.15189738795834,-117.951113264704,0.0,0.6571521194986394,0.0,0.1783221180226562,0.11028561710075585,-0.9800439347632587,-601.9308875424463,0.5535387547649301,0.13907227908277198,0.05432946426239432,-0.8117800157503631,0.0,-0.6665386646798717,-0.8463320913812987,-0.8860868930092373,0.05432946426239432,-0.8117800157503631,0.0,Diagnostics & Research,Healthcare,OPGN
2014Q4,2014,Q4,2014-12-31,2014-12-31,-1405583.0,1122132.0,-1341742.0,-149.92885333333334,783842.0,0.6985292282904328,2654931.0,-8065624.0,1713475.0,6021507.0,10720555.0,369742.0,-96772293.0,454687500.0,457177631.0,-860.3332266666666,0.28455916434208245,0.0,0.0,0.17133777449962814,-860.3332266666666,0.17426835171091537,405.1996556554844,-80.87169167526926,-56.37350563329012,0.0,0.9149352791946816,0.0,0.42265957194367765,0.20817047958260282,-0.5294235518738528,-307.1498921872213,0.6985292282904328,0.21215204035247318,0.0,0.0,0.0,0.29715247427099073,0.12633380841889744,0.15130058781521616,0.0,0.0,0.0,Diagnostics & Research,Healthcare,OPGN
2014Q3,2014,Q3,2014-09-30,2014-09-30,-1608833.0,834824.0,-1580939.0,-190.30176,604279.0,0.7238399950169138,,,,,,,,454687500.0,,,0.0,0.0,0.0,0.0,,0.0,544.6507287763649,-70.65486287265365,0.0,0.0,0.0,0.0,0.0,0.0,0.0,-347.9891536444581,0.7238399950169138,-0.09480102785160134,0.0,0.0,0.0,-0.30287270726211996,-0.10431999363010981,-0.09032907690875297,0.0,0.0,0.0,Diagnostics & Research,Healthcare,OPGN
2014Q2,2014,Q2,2014-06-30,2014-06-30,-1456854.0,1072217.0,-1449965.0,-173.823147,866813.0,0.8084305695582145,,,,,,,,454687500.0,,,0.0,0.0,0.0,0.0,,0.0,424.0629462133132,-78.02557771746517,0.0,0.0,0.0,0.0,0.0,0.0,0.0,-350.15340328892955,0.8084305695582145,-0.24299932208350394,0.0,0.0,0.0,0.004208855626868092,-0.21384168151834568,-0.21637685439030366,0.0,0.0,0.0,Diagnostics & Research,Healthcare,OPGN
2014Q1,2014,Q1,2014-03-31,2014-03-31,-1200201.0,1097205.0,-1192036.0,-139.841707,863180.0,0.7867080445313319,,,,,,,,454687500.0,,,0.0,0.0,0.0,0.0,,0.0,414.40523876577305,-94.71069845800828,0.0,0.0,0.0,0.0,0.0,0.0,0.0,-339.42465677751954,0.7867080445313319,0.0,0.0,0.0,0.0,0.0,0.0,0.0,0.0,0.0,0.0,Diagnostics & Research,Healthcare,OPGN
