Quarters,Year,Quarter,FillingDate,Date,NetIncome,Revenue,OperatingIncome,EPSDiluted,GrossProfit,GrossProfitRatio,TotalAssets,CommonStockEquity,CurrentAssets,CurrentLiability,TotalLiability,Inventory,RetainedEarnings,MarketCap,EnterpriseValue,bookValuePerShare,currentRatio,debtToAssets,debtToEquity,roic,shareholdersEquityPerShare,roe,priceToSalesRatio,peRatio,pbRatio,payoutRatio,inventoryTurnover,dividendYield,assetTurnover,quickRatio,returnOnAssets,priceToFreeCashFlowsRatio,grossProfitMargin,epsdilutedGrowth,fiveYNetIncomeGrowthPerShare,fiveYRevenueGrowthPerShare,fiveYShareholdersEquityGrowthPerShare,grossProfitGrowth,netIncomeGrowth,operatingIncomeGrowth,threeYNetIncomeGrowthPerShare,threeYRevenueGrowthPerShare,threeYShareholdersEquityGrowthPerShare,Industry,Sector,Symbol
2023Q1,2023,Q1,2023-05-22,2023-03-31,169640.0,0.0,-866046.0,0.0148,-866046.0,0.0,56849932.0,50164921.0,56849932.0,6685011.0,6685011.0,0.0,-6605704.0,690000.0,913509.0,4.3621670434782605,8.504089522066606,0.003999811292650271,0.0045328288267413,0.008467674399463271,4.3621670434782605,0.0033816459114926144,0.0,1.0168592313133695,0.013754631448537516,0.0,0.0,0.0,0.0,0.0005804029342659271,0.002983996533188465,-19.05024848150193,0.0,-0.9177777777777777,0.0,0.0,0.0,0.9999996519566552,-0.9190541493575961,-0.10752102387821497,0.0,0.0,0.0,Shell Companies,Financial Services,FATPW
2022Q4,2022,Q4,2023-03-13,2022-12-31,2095722.0,0.0,-781968.0,0.18,-2488328000000.0,0.0,116946189.0,111193441.0,116946189.0,5752748.0,5752748.0,0.0,-5569569.0,287500.0,304700.0,9.668994869565218,20.32875227630343,0.000769584719002686,0.0008094002594991192,-0.08307616925264848,9.668994869565218,0.01884753256264459,0.0,0.03429605644260069,0.002585584162288853,0.0,0.0,0.0,0.0,0.012654821660882764,0.017920395849752743,-0.923869906263356,0.0,3.326923076923077,13.294869613681028,0.0,37.21466695848551,-1983549.1824657507,3.379737682443616,0.37666064558917545,13.294869613681028,0.0,37.21466695848551,Shell Companies,Financial Services,FATPW
2022Q3,2022,Q3,2022-11-09,2022-09-30,478504.0,0.0,-1254482.0,0.0416,-1254482.0,0.0,116208331.0,111016179.0,400192.0,1167152.0,5192152.0,0.0,-4787601.0,573850.0,329859.0,9.653580782608696,0.3428790765898529,0.0,0.0,0.007988965535863531,9.653580782608696,0.004310218603362308,0.0,0.2998146305986993,0.005169066393466848,0.0,0.0,0.0,0.0,0.20904817881475593,0.004117639379916746,-2.554247435069993,0.0,0.6507936507936507,11.903340473043794,0.0,4390.205669552841,-3.7734691004288385,0.6487970945578091,-3.7734691004288385,11.903340473043794,0.0,4390.205669552841,Shell Companies,Financial Services,FATPW
2022Q2,2022,Q2,2022-08-12,2022-06-30,290214.0,0.0,-262803.0,0.0252,-262803.0,0.0,115909587.0,111692999.0,643381.0,191588.0,4216588.0,0.0,-3533119.0,808450.0,339794.0,9.712434695652174,3.358148735828966,0.0,0.0,0.008702665306193146,9.712434695652174,0.0025983186287262283,0.0,0.6964257410049136,0.007238143905510139,0.0,0.0,0.0,0.0,2.446165730630311,0.002503796342575183,-8.370520692047254,0.0,4.0,46.296394568440775,0.0,6006.260743290485,0.0,4.014677927015488,-1.0660125940425933,46.296394568440775,0.0,6006.260743290485,Shell Companies,Financial Services,FATPW
2022Q1,2022,Q1,2022-05-16,2022-03-31,-96267.0,0.0,-127203.0,-0.0084,0.0,0.0,115974597.0,111771463.0,857389.0,178134.0,4203134.0,0.0,-3228837.0,2010200.0000000002,1444961.0000000002,9.719257652173914,4.81316873814095,0.0,0.0,-0.0006927951971197602,9.719257652173914,-0.0008612842439040098,0.0,-5.220376660745635,0.017984912660577772,0.0,0.0,0.0,0.0,3.6783488834248375,-0.0008300697091450121,-10.599301886593482,0.0,0.4324324324324325,0.0,0.0,0.0,0.0,0.4352351060397172,0.33589675317556034,0.0,0.0,0.0,Shell Companies,Financial Services,FATPW
2021Q4,2021,Q4,2022-04-28,2021-12-31,-170455.0,0.0,-191541.0,-0.0148,0.0,0.0,116091073.0,-3070398.0,969848.0,136471.0,4161471.0,0.0,-3070698.0,4312488.5,3557595.5,-0.2669911304347826,7.106623385188062,0.0,0.0,0.05874934716159812,-0.2669911304347826,0.05551560416597457,0.0,-6.324966266756622,-1.4045372945136103,0.0,0.0,0.0,0.0,5.531526844531072,-0.0014682868854179684,-12.657506765363687,0.0,-2.8947368421052633,0.0,0.0,0.0,0.0,-2.8840404684865333,-3.3645126008294217,0.0,0.0,0.0,Shell Companies,Financial Services,FATPW
2021Q3,2021,Q3,2021-11-26,2021-09-30,-43886.0,0.0,-43886.0,-0.0038,0.0,0.0,156064.0,-25293.0,156064.0,181357.0,181357.0,0.0,-50293.0,4715000.0,4854023.0,-0.002199391304347826,0.8605347463842036,0.8919289522247283,-5.503419918554541,-0.38528598393398006,-0.002199391304347826,1.7351045743881706,0.0,-26.85936289477282,-186.41521369548886,0.0,0.0,0.0,0.0,0.0009649475895609213,-0.2812051466065204,-130.25581523841097,0.0,-5.333333333333334,0.0,0.0,0.0,0.0,-5.8496956453878575,-5.8496956453878575,0.0,0.0,0.0,Shell Companies,Financial Services,FATPW
2021Q2,2021,Q2,2021-06-30,2021-06-30,-6407.0,0.0,-6407.0,-0.0006,0.0,0.0,149807.0,18593.0,0.0,131214.0,131214.0,0.0,-6407.0,4715000.0,4773824.0,0.0016167826086956522,0.0,0.39266522926165,3.163771311784005,-0.08275960060451838,0.0016167826086956522,-0.34459205077179583,0.0,-183.9784610582176,253.59006077556066,0.0,0.0,0.0,0.0,0.0,-0.04276836195905398,0.0,0.0,0.0,0.0,0.0,0.0,0.0,0.0,0.0,0.0,0.0,0.0,Shell Companies,Financial Services,FATPW
2021Q1,2021,Q1,2021-04-30,2021-04-30,,,,,,,47462.0,21384.0,0.0,26078.0,26078.0,0.0,-3616.0,0.0,0.0,0.0,0.0,0.0,0.0,,0.0,,0.0,0.0,0.0,0.0,0.0,,,0.0,,0.0,0.0,0.0,0.0,0.0,0.0,0.0,0.0,0.0,0.0,0.0,0.0,Shell Companies,Financial Services,FATPW
