Quarters,Year,Quarter,FillingDate,Date,NetIncome,Revenue,OperatingIncome,EPSDiluted,GrossProfit,GrossProfitRatio,TotalAssets,CommonStockEquity,CurrentAssets,CurrentLiability,TotalLiability,Inventory,RetainedEarnings,MarketCap,EnterpriseValue,bookValuePerShare,currentRatio,debtToAssets,debtToEquity,roic,shareholdersEquityPerShare,roe,priceToSalesRatio,peRatio,pbRatio,payoutRatio,inventoryTurnover,dividendYield,assetTurnover,quickRatio,returnOnAssets,priceToFreeCashFlowsRatio,grossProfitMargin,epsdilutedGrowth,fiveYNetIncomeGrowthPerShare,fiveYRevenueGrowthPerShare,fiveYShareholdersEquityGrowthPerShare,grossProfitGrowth,netIncomeGrowth,operatingIncomeGrowth,threeYNetIncomeGrowthPerShare,threeYRevenueGrowthPerShare,threeYShareholdersEquityGrowthPerShare,Industry,Sector,Symbol
2023Q1,2023,Q1,2023-05-11,2023-04-01,-88166000.0,922396000.0,106996000.0,-0.59,401685000.0,0.4354799891,10067087000.0,3168223000.0,2457047000.0,781623000.0,6898864000.0,830939000.0,928133000.0,12254426260.0,17416468260.0,21.202622033648762,3.143519318136749,0.5831949202385953,1.8531126123382098,0.015514176126561925,21.202622033648762,-0.027828217900065746,13.285428666212777,-34.748163294240406,3.8679178391167546,-0.17206179252773177,0.6266537014149053,0.0012379200525704577,0.09162491592652373,1.5614522602328744,-0.008757846236950173,685.4089300296437,0.43547998907193874,-2.552631578947368,-2.4512561298389546,1.3800973767757132,1.930404151279708,-0.0070205796922316295,-2.535270865620701,-0.25581460048965055,-2.303212014527406,1.0172611496967658,1.439068941400653,Semiconductor Equipment & Materials,Technology,ENTG
2022Q4,2022,Q4,2023-02-23,2022-12-31,57427000.0,946070000.0,143776000.0,0.38,404525000.0,0.4275846396,10138857000.0,3218000000.0,2335185000.0,761931000.0,6920857000.0,812815000.0,1031391000.0,9775468010.0,15077638010.0,21.59166392689162,3.0648247675970657,0.5785276387663817,1.82274984462399,0.013816175572337613,21.59166392689162,0.0178455562461156,10.332711120741594,42.55606252285511,3.0377464294592915,0.25939018231842165,0.6662586197351181,0.0015238145104420427,0.09331130718186478,1.4422880812042036,0.005664050691315599,-84.78069096207383,0.42758463961440485,1.76,2.9214642884495703,1.5591149348809334,2.072983844324741,0.08839538193725095,1.7791677407975253,8.656524951306334,-0.09585954984176363,1.0036253135545259,1.4960191585464813,Semiconductor Equipment & Materials,Technology,ENTG
2022Q3,2022,Q3,2022-11-02,2022-10-01,-73703000.0,993828000.0,14889000.0,-0.5,371671000.0,0.3739791996,10133404000.0,3116317000.0,2222276000.0,841021000.0,7017087000.0,823637000.0,988848000.0,12334281400.0,17511849400.0,20.975412263579457,2.642354947141629,0.585228320118294,1.9030012030226706,0.0014891255394794552,20.975412263579457,-0.02365067481902515,12.410881359752391,-41.83778611454079,3.95796749817172,-0.20255620531050297,0.7553776724455069,0.0012103664182657613,0.09807444763872042,1.5131370084694675,-0.007273271646921409,656.3231735220561,0.373979199620055,-1.6849315068493151,-2.718423911792643,1.7424485605800721,1.9182859889656378,0.1974052584271111,-1.7408006754379792,-0.9057479268215484,-2.643898201504889,1.2927225949312113,1.5301967855756065,Semiconductor Equipment & Materials,Technology,ENTG
2022Q2,2022,Q2,2022-08-02,2022-07-02,99491000.0,692489000.0,157970000.0,0.73,310397000.0,0.4482338348,5861171000.0,1912714000.0,3876158000.0,393135000.0,3948457000.0,583766000.0,1077651000.0,12010400100.0,12736863100.0,14.074940211192464,9.859610566344895,0.5919796573073879,1.814016104864606,0.02467632649545688,14.074940211192464,0.052015617598867366,17.343813547940833,30.179614487742608,6.279245145902628,0.13658521876350624,0.6545293833488076,0.0011314360793026371,0.11814857474726467,7.947605784272578,0.01697459432594613,3732.2560907395896,0.4482338347612742,-0.20652173913043484,1.5940338831654908,1.1946660914498513,1.03036309622428,0.001862371699696598,-0.20853585776222108,-0.032911733375779025,-0.20068634191075546,0.8208018745986726,0.7282109510877188,Semiconductor Equipment & Materials,Technology,ENTG
2022Q1,2022,Q1,2022-04-26,2022-04-02,125705000.0,649646000.0,163346000.0,0.92,309820000.0,0.4769058841,3283440000.0,1820318000.0,1369335000.0,371661000.0,1463122000.0,545607000.0,991821000.0,16976387100.0,17623114100.0,13.417247733470923,3.6843655912242608,0.30439386740735325,0.5490573625047931,0.048942076708816167,13.417247733470923,0.06905661538258699,26.131750368662317,33.76235452050435,9.326055722132066,0.11053657372419554,0.6228402494836026,0.0008184898187200267,0.1978552981019906,1.9520234837661201,0.038284543040226104,-823.4169423291459,0.4769058841276634,0.05747126436781615,3.0323464167834597,1.1348973697459939,1.0089221452730235,0.04991697448236131,0.06332315448447373,0.023830416687559544,2.8386076935293407,0.6567560760859367,0.8144982738917966,Semiconductor Equipment & Materials,Technology,ENTG
2021Q4,2021,Q4,2022-02-04,2021-12-31,118219000.0,635204000.0,159544000.0,0.87,295090000.0,0.4645594171,3191896000.0,1713781000.0,1313370000.0,379001000.0,1478115000.0,475213000.0,879776000.0,18776897100.0,19371460100.0,12.648296985128603,3.4653470571317753,0.31239363688541233,0.5818293002431466,0.045921598329749236,12.648296985128603,0.06898139260500612,29.560420117001783,39.707866544294916,10.95641572639678,0.09215946675238329,0.715708534909609,0.0005802343135810229,0.19900523074686643,1.9788285519035569,0.03703723429585425,477.2978418912049,0.46455941713213394,0.011627906976744196,3.7243824567198396,1.1474360223286524,0.9877205399062837,0.11690209080861759,0.006453205744885536,0.14485817002375195,0.46860179050418643,0.5871436233380023,0.6994414553288597,Semiconductor Equipment & Materials,Technology,ENTG
2021Q3,2021,Q3,2021-10-26,2021-10-02,117461000.0,579493000.0,139357000.0,0.86,264204000.0,0.4559226772,3012275000.0,1610780000.0,1275705000.0,309413000.0,1401495000.0,429016000.0,788830000.0,16928893380.0,17442331380.0,11.880397984998119,4.1229844899858765,0.3283863525076562,0.6141062094140727,0.04817500562051758,11.880397984998119,0.07292181427631333,29.213283646221782,36.03088127123045,10.509748929090255,0.09239662526285321,0.7349119846346057,0.0006410932927737536,0.19237718999759318,2.555888084857456,0.03899411574308455,168.24748188711874,0.455922677236826,0.323076923076923,4.578651248321781,1.0358840504571878,0.8713550498960371,-0.004446387122057095,0.32320603807592657,0.0033695973043221567,1.5517197225886137,0.5178792062211555,0.5518931642208693,Semiconductor Equipment & Materials,Technology,ENTG
2021Q2,2021,Q2,2021-07-27,2021-07-03,88770000.0,571352000.0,138889000.0,0.65,265384000.0,0.4644842409,2872731000.0,1515331000.0,1159236000.0,260530000.0,1357400000.0,387605000.0,701213000.0,16067352840.0,16656448840.0,11.183419681471314,4.449529804629026,0.34466471103629265,0.6534077373194371,0.046019304412731464,11.183419681471314,0.05858126046388545,28.121635769193073,45.24995167286246,10.603196819704737,0.1226653148586234,0.7893809419383135,0.0006777096456668092,0.19888809637936863,2.7289333282155606,0.0309009092741367,400.8420526893524,0.46448424088827905,0.04838709677419359,1.8076552833642139,0.9612277800851007,0.8303316818531937,0.12936089809605678,0.04834900089753885,0.218559722051624,0.7081055053107588,0.5598330269483491,0.5050757212513632,Semiconductor Equipment & Materials,Technology,ENTG
2021Q1,2021,Q1,2021-04-27,2021-04-03,84676000.0,512844000.0,113978000.0,0.62,234986000.0,0.4582017144,2933539000.0,1428333000.0,1244606000.0,266271000.0,1505206000.0,358819000.0,637574000.0,16220316120.0,16800935120.0,10.574917819172565,4.674207855906201,0.38490676278720004,0.7905292393300442,0.037845490977716265,10.574917819172565,0.05928309434844676,31.628167863911834,47.88935507109453,11.356116619863855,0.12882044499031603,0.774368135466628,0.0006724899761078145,0.17482092448745354,3.121515298323888,0.028864794366122284,1657.6715503321411,0.45820171436148227,-0.015873015873015886,4.443926222290634,1.0018128524136825,0.8116576622482078,0.017819397761530197,-0.022487994089397858,0.006623803299537217,0.5419736963668292,0.4639838822203967,0.4615542845392213,Semiconductor Equipment & Materials,Technology,ENTG
2020Q4,2020,Q4,2021-02-05,2020-12-31,86624000.0,517594000.0,113228000.0,0.63,230872000.0,0.4460484472,2917696000.0,1379494000.0,1234257000.0,302626000.0,1538202000.0,323944000.0,577833000.0,12968214500.0,13512834500.0,10.222638852865982,4.078489620852141,0.3857540333194411,0.8158882894742565,0.03622492858406411,10.222638852865982,0.06279403897371065,25.054800673887254,37.426736527983,9.40070380878786,0.12466521980051717,0.885097424246166,0.0008327283605618954,0.17739819364320342,2.7931671436029952,0.02968917940731317,85.41497833045723,0.44604844723856923,0.08620689655172423,4.134745270554014,1.0209370048983186,0.7897572568242353,0.021557522123893804,0.09231681020894544,0.06057455437847154,4.20108755074775,0.5463182578399672,0.4549135327221626,Semiconductor Equipment & Materials,Technology,ENTG
2020Q3,2020,Q3,2020-10-22,2020-09-26,79303000.0,480987000.0,106761000.0,0.58,226000000.0,0.469867169,2801628000.0,1302301000.0,1146450000.0,247373000.0,1499327000.0,329741000.0,516111000.0,9341723540.0,10019538540.0,9.649747697414732,4.634499318842396,0.4018331484408351,0.8644599059664394,0.03577861397032736,9.649747697414732,0.060894524384147754,19.421987579705895,29.449464522149224,7.17324454177644,0.1361108659193221,0.7732947980384605,0.0011554612972415152,0.17168125104403584,3.0256373977758284,0.028306042058403185,136.28599518564448,0.46986716896714464,0.15999999999999992,2.529140658316849,0.853590089482557,0.7611461465978401,0.08982890650618212,0.16560350402727966,0.127217248078385,1.0354969974522952,0.46115506642553655,0.34255876111267464,Semiconductor Equipment & Materials,Technology,ENTG
2020Q2,2020,Q2,2020-07-23,2020-06-27,68036000.0,448405000.0,94712000.0,0.5,207372000.0,0.4624658512,2804040000.0,1231789000.0,1188847000.0,237955000.0,1572251000.0,332885000.0,447590000.0,7726392000.0,8419421000.0,9.144684484038605,4.996100102960644,0.4371178727835552,0.9950535359546157,0.03129199697743065,9.144684484038605,0.055233485605083336,17.230833732897715,28.39082250573226,6.272496344747355,0.15881298136280791,0.7240728780209381,0.0013984535084422328,0.15991390992995821,3.396541362862726,0.02426356257400037,73.07455572054137,0.4624658511836398,0.11111111111111108,1.8987260848715586,0.6638947544541227,0.6500808228417603,0.11804095364409795,0.11523456709176147,0.17299118200733182,0.7896434002773117,0.43371194431850574,0.3191551526621873,Semiconductor Equipment & Materials,Technology,ENTG
2020Q1,2020,Q1,2020-04-21,2020-03-28,61006000.0,412327000.0,80744000.0,0.45,185478000.0,0.4498322933,2598565000.0,1171327000.0,966306000.0,201990000.0,1427238000.0,300694000.0,390542000.0,6031186200.0,6818546200.0,8.692916249211473,4.78392989751968,0.4319449388412451,0.9582610150709409,0.03026788082982905,8.692916249211473,0.052082808643529946,14.627192010224894,24.715545192276167,5.149020043079345,0.17780218339179754,0.7544181127658017,0.0017984853460501684,0.15867488402252783,3.034174959156394,0.0234768035434942,-539.3656054373099,0.44983229330119057,0.0714285714285715,3.2615630093310157,0.6264333239557502,0.6127832955337121,-0.061517132506223565,0.062119154566663184,-0.03973360290182553,0.9703755025682563,0.3643103502012045,0.30156290671149544,Semiconductor Equipment & Materials,Technology,ENTG
2019Q4,2019,Q4,2020-02-07,2019-12-31,57438000.0,426998000.0,84085000.0,0.42,197636000.0,0.4628499431,2516086000.0,1165889000.0,932397000.0,264433000.0,1350197000.0,287098000.0,366127000.0,6751030020.0,7379430020.0,8.650439982786509,3.5260236052232514,0.3896174455086193,0.8408270427116132,0.03101954468670671,8.650439982786509,0.04926541034352327,15.810448807722754,29.383988039277135,5.790456913136671,0.18780250008705038,0.7988979372897059,0.001597830252279044,0.16970723576221164,2.2172724281765137,0.022828313499618058,65.72776326037854,0.46284994309106836,0.4,5.388896663860984,0.6282190531802264,0.6135006928227867,0.1601761080129146,0.4089336963720656,0.5927300967931355,1.307604291007584,0.45123288957020735,0.35944445748136217,Semiconductor Equipment & Materials,Technology,ENTG
2019Q3,2019,Q3,2019-10-24,2019-09-28,40767000.0,394147000.0,52793000.0,0.3,170350000.0,0.4321991541,2467684000.0,1119917000.0,884240000.0,213080000.0,1347767000.0,290270000.0,332579000.0,6253408680.0,6953115680.0,8.290031978207443,4.149802890932983,0.3981283665169446,0.8772569752937048,0.02407477414671197,8.290031978207443,0.03640180477660398,15.865676207100396,38.34847229376702,5.583814407674855,0.2652881006696593,0.77099596926999,0.0017294567736455696,0.15972344919365689,2.553285151116951,0.016520348634590166,-6065.381842870999,0.43219915412270044,-0.6703296703296704,41.94472382043492,0.49036275838636667,0.5248961267721086,0.024513754405379073,-0.6712259167560506,-0.7043187508051102,0.9432106386808571,0.3897563879586919,0.3058142686640467,Semiconductor Equipment & Materials,Technology,ENTG
2019Q2,2019,Q2,2019-07-25,2019-06-29,123997000.0,378874000.0,178547000.0,0.91,166274000.0,0.43886358,2424722000.0,1102549000.0,1048454000.0,215140000.0,1322173000.0,261934000.0,315511000.0,5052306960.0,5509211960.0,8.144225797396919,4.87335688388956,0.40346357231880603,0.8872957120273113,0.0624039328198383,8.144225797396919,0.11246393584321422,13.335058515495916,10.1863491858674,4.582387685263875,0.07656636854117438,0.8116548443501035,0.0018791415634809331,0.1562546139309991,3.439918192804685,0.05113864599735558,24.613582247338805,0.43886357997645653,2.791666666666667,9.723749662358877,0.5489301220600871,0.4820378559294053,-0.06268003810747888,2.7968338538796007,2.759596555136763,2.9253061464946444,0.301678940332126,0.33292274865075283,Semiconductor Equipment & Materials,Technology,ENTG
2019Q1,2019,Q1,2019-04-25,2019-03-30,32658000.0,391047000.0,47491000.0,0.24,177393000.0,0.4536360079,2314008000.0,1000464000.0,922812000.0,212780000.0,1313544000.0,271510000.0,213481000.0,4828821310.0,5465277310.0,7.394467069231849,4.336930162609268,0.422995944698549,0.9783620400134337,0.020164608110230322,7.394467069231849,0.03264285371587583,12.348442284431282,36.965072187519134,4.82658177605591,0.2899748912976912,0.7869102427166587,0.0019611411133372424,0.1689912048705104,2.6999624024814364,0.01411317506248898,-130.49810312677351,0.4536360079478937,-0.5932203389830508,1.3430487679460454,1.4217316948624497,0.33104488707098034,-0.013057750083453877,-0.595736779560309,-0.33400179503001065,1.0960390225778913,0.5237897057306398,0.26679404542777974,Semiconductor Equipment & Materials,Technology,ENTG
2018Q4,2018,Q4,2019-02-11,2018-12-31,80784000.0,401642000.0,71308000.0,0.59,179740000.0,0.4475129593,2317641000.0,1012025000.0,1029338000.0,269668000.0,1305616000.0,268140000.0,213753000.0,3793077884.995,4249878884.995,7.442620012279873,3.8170565287687084,0.40509423159151914,0.9277073194832144,0.0494553517557918,7.442620012279873,0.07982411501692152,9.443927390549295,11.73833272985678,3.7480080877399273,0.12242523271935037,0.8275602297307377,0.002607381208575694,0.17329776268196842,2.611051366865924,0.034856131730496655,67.1210540424873,0.447512959302065,0.7352941176470587,3.00911584413328,1.19818559257623,0.3631080329766868,-0.010874111250522794,0.6808988764044944,0.049032732622287606,3.7522297182856676,0.5563026859120608,0.30303763719763016,Semiconductor Equipment & Materials,Technology,ENTG
2018Q3,2018,Q3,2018-10-25,2018-09-29,48060000.0,398597000.0,67975000.0,0.34,181716000.0,0.4558890308,2103456000.0,1083671000.0,820946000.0,211012000.0,1019785000.0,264090000.0,258223000.0,4098046200.0,4453778200.0,7.655422588940066,3.890518074801433,0.3093123887545069,0.6003897861989478,0.03166559791076077,7.655422588940066,0.044349253601877324,10.281176727371255,21.317343945068664,3.7816331709531767,0.20597170203911777,0.8212389715627249,0.002415541337723328,0.1894962385711895,2.4056546547115802,0.022848112820044727,72.86322208986007,0.45588903077544485,-0.1052631578947368,1.6483749895661406,1.376458551329388,0.44856163895528733,-0.003629823772604152,-0.11571510055382804,-0.09285628494788678,1.0390611549756754,0.4644735068082562,0.3971679276860174,Semiconductor Equipment & Materials,Technology,ENTG
2018Q2,2018,Q2,2018-07-26,2018-06-30,54349000.0,383059000.0,74933000.0,0.38,182378000.0,0.4761094244,2066108000.0,1052905000.0,774226000.0,204262000.0,1013203000.0,265358000.0,222381000.0,4803663900.0,5196780900.0,7.430469792026874,3.790357482057358,0.3147091052355443,0.6175514410131968,0.037286307510190665,7.430469792026874,0.05161814218756678,12.540271603068978,22.09637665826418,4.562295648705248,0.18250565787778983,0.7562651210817085,0.0020648821829520585,0.18540124717584947,2.2397753865133994,0.026305014065092433,66.81127553929818,0.47610942439676396,-0.050000000000000044,1.7001083830384758,1.1203011696806942,0.44462309359648955,0.03625629982329244,-0.05581807442409923,-0.04511105730633466,1.2011753688454723,0.35118793027562656,0.34076530796978644,Semiconductor Equipment & Materials,Technology,ENTG
2018Q1,2018,Q1,2018-04-26,2018-03-31,57562000.0,367199000.0,78473000.0,0.4,175997000.0,0.4792959676,1961330000.0,1024394000.0,1011050000.0,266468000.0,936936000.0,214145000.0,186276000.0,4927018800.0,5026603800.0,7.235391754543335,3.7942642268490023,0.33131650461676515,0.6343467454905046,0.03794254332002667,7.235391754543335,0.05619127015581895,13.41784373051125,21.3987474375456,4.809691193037054,0.17169313088495883,0.8928623129188167,0.002005878280797305,0.18721938684464115,2.7977843493402585,0.029348452325717752,277.2661114237479,0.4792959675816111,3.0000000000000004,2.4471438482855685,1.1843451709020663,0.430528364777339,0.07525705802210424,3.0310504216506122,0.5742457069491254,2.8268366281023343,0.37849013616104926,0.3423710322100876,Semiconductor Equipment & Materials,Technology,ENTG
2017Q4,2017,Q4,2018-02-15,2017-12-31,-28341000.0,350562000.0,49848000.0,-0.2,163679000.0,0.4669045704,1976172000.0,993018000.0,1057608000.0,290971000.0,983154000.0,198089000.0,147418000.0,4303468050.0,4352440050.0,7.02628618330279,3.6347539789188614,0.3412557206558943,0.6791216272011182,-0.02021023107078838,7.02628618330279,-0.028540268152238934,12.275911393704964,-37.96150497512438,4.333726125810409,-0.34917610528915705,0.9434294685722074,0.002299540715772248,0.1773944778086118,2.7798027982170046,-0.014341362998767314,71.62538571642561,0.4669045703755684,-1.7142857142857142,-3.466704516841655,1.046502786607582,0.400180353304523,0.05322797557381585,-1.6929001026844652,-0.17817162641167258,-4.006280127297474,0.2747926505752933,0.3105596532996625,Semiconductor Equipment & Materials,Technology,ENTG
2017Q3,2017,Q3,2017-10-26,2017-09-30,40902000.0,345591000.0,60655000.0,0.28,155407000.0,0.4496847429,1757749000.0,1018365000.0,848501000.0,269879000.0,739384000.0,193302000.0,193658000.0,4087583400.0,4163851400.0,7.187579402049631,3.1440052764387003,0.29097726694767,0.5022413378307384,0.03233680002331044,7.187579402049631,0.040164381140357336,11.827806279677421,24.984006894528385,4.0138687013006145,0.0,0.9838697995882091,0.0,0.1966099824263874,2.2921902037579804,0.02326953393231912,64.27624304179639,0.4496847429475883,0.0,1.1999542676124575,0.8176888058405748,0.44658353534692236,0.033958071362514386,0.022780125528243853,0.02648502284650533,40.16900677860757,0.24596261162823055,0.32210732357421185,Semiconductor Equipment & Materials,Technology,ENTG
2017Q2,2017,Q2,2017-07-27,2017-07-01,39991000.0,329002000.0,59090000.0,0.28,150303000.0,0.4568452471,1727443000.0,982269000.0,808993000.0,251022000.0,745174000.0,194155000.0,160376000.0,3110227200.0,3240502200.0,6.932228150406504,3.2227972050258544,0.3102331017579162,0.5455837453895013,0.030500164026729906,6.932228150406504,0.04071288007663888,9.453520647290897,19.443294741316794,3.1663701083918965,0.0,0.920393500038629,0.0,0.19045606714664393,2.2975994135972146,0.02315040206825927,47.95515056200564,0.45684524714135477,0.21739130434782614,0.7879924022547549,0.6936560195088656,0.4599385874741,0.07669990544141667,0.22996247770191303,0.16044776119402984,3.6880960576990396,0.28506786561148356,0.26148572011911464,Semiconductor Equipment & Materials,Technology,ENTG
2017Q1,2017,Q1,2017-04-27,2017-04-01,32514000.0,317377000.0,50920000.0,0.23,139596000.0,0.4398428368,1696094000.0,945061000.0,791752000.0,236239000.0,751033000.0,188343000.0,123380000.0,3311123400.0,3480279400.0,6.67882912488251,3.351487265015514,0.33035610054631404,0.5928876548709554,0.02642162729019435,6.67882912488251,0.03440412841075867,10.43277679226913,25.459212954419634,3.5036081268828148,0.0,0.9439214624382112,0.0,0.1871222939294638,2.4009202544880397,0.01916992808181622,294.5315246397438,0.4398428367525057,0.2777777777777779,0.7575755089223598,0.7467838249631553,0.4516324553878064,0.05915022761760243,0.24584259330216876,0.13394944883643248,1.2304742939537776,0.8793496853624507,0.20222610704237082,Semiconductor Equipment & Materials,Technology,ENTG
2016Q4,2016,Q4,2017-02-17,2016-12-31,26098000.0,308502000.0,44905000.0,0.18,131800000.0,0.4272257554,1699532000.0,899218000.0,800131000.0,261571000.0,800314000.0,183529000.0,92303000.0,2529538500.0,2707826500.0,6.363216926723985,3.058943843163042,0.344022354389326,0.6502060679390315,0.022813096486280146,6.363216926723985,0.029022995536121386,8.19942334247428,24.231152770327224,2.81304255475313,0.0,0.9628015191059723,0.0,0.18152173657218576,2.187031436971224,0.015355992120183674,68.20553023970663,0.4272257554246002,0.2,-0.37686436725093775,0.8046817112647554,0.41765750006319985,0.07171897869572288,0.18913746753542626,0.29513728657129673,0.24625699992984085,0.6246520082063173,0.1654164923211884,Semiconductor Equipment & Materials,Technology,ENTG
2016Q3,2016,Q3,2016-10-26,2016-10-01,21947000.0,296692000.0,34672000.0,0.15,122980000.0,0.41450393,1713592000.0,897203000.0,801032000.0,237677000.0,816389000.0,186021000.0,68830000.0,2461864080.0000005,2658862080.0000005,6.34855367807308,3.3702545892114086,0.3552625128968856,0.6785253727417319,0.019515057342211144,6.34855367807308,0.024461576700033325,8.297709678724067,28.04328700961407,2.7439320644268914,0.0,0.9338300514458046,0.0,0.17314039748084725,2.4374929000281895,0.01280759947525432,41.85847043221003,0.414503930001483,-0.3478260869565218,-0.046564765306126035,0.6380469723364135,0.5271040394496791,-0.11655472145397076,-0.33271511097598055,-0.25275862068965516,0.21138791311238722,0.7717988500864202,0.2012754637727231,Semiconductor Equipment & Materials,Technology,ENTG
2016Q2,2016,Q2,2016-07-28,2016-07-02,32890000.0,303052000.0,46400000.0,0.23,139205000.0,0.459343611,1695482000.0,861230000.0,772173000.0,187139000.0,834252000.0,181086000.0,46883000.0,2043818500.0,2302310500.0,6.110050868019837,4.126200310998776,0.37289396171708106,0.734107032964481,0.02660857718501632,6.110050868019837,0.03818956608571462,6.744118171138947,15.535257677105504,2.3731389988737037,0.0,0.904802138210574,0.0,0.17874091261364025,2.9682695750217754,0.019398613491620673,43.60239151768571,0.4593436109974526,1.090909090909091,-0.03473271473088555,0.38267651279950204,0.5236197205435413,0.2135808065837881,1.028744140143104,0.5697418721878277,0.6426767279199018,0.6863496556231999,0.18790881788686895,Semiconductor Equipment & Materials,Technology,ENTG
2016Q1,2016,Q1,2016-04-28,2016-04-02,16212000.0,267024000.0,29559000.0,0.11,114706000.0,0.4295718737,1653830000.0,821754000.0,719781000.0,161703000.0,832076000.0,184030000.0,13993000.0,1894898800.0000002,2207125800.0,5.83715016337548,4.451253223502347,0.39703597104901955,0.7990590858091351,0.01537324234664211,5.83715016337548,0.019728531896406953,7.096361375756487,29.220620528003952,2.305919776478119,0.0,0.8276802695212737,0.0,0.16145794912415423,3.0634372893514654,0.009802700398469009,-3947.705833333334,0.4295718736892564,-0.0833333333333333,-0.47226860849815444,0.24845851883681028,0.5775931635973532,0.049479404929641896,-0.07744835827690207,0.4694273215350964,-0.023608159881983542,0.5974750684364851,0.154078336246263,Semiconductor Equipment & Materials,Technology,ENTG
2015Q4,2015,Q4,2016-02-29,2015-12-31,17573000.0,266786000.0,20116000.0,0.12,109298000.0,0.4096841663,1657940000.0,802883000.0,710762000.0,175550000.0,855057000.0,173176000.0,-416000.0,1865324090.0,2182786090.0,5.711746000128053,4.048772429507263,0.4024795830970964,0.8311136242765135,0.018206088506840717,5.711746000128053,0.021887373378188354,6.991836490670425,26.536790673191824,2.323282582891903,0.0,0.9094100799186954,0.0,0.16091414647092175,2.8106807177442326,0.010599297923929695,51.905392492417285,0.4096841663355648,-0.2941176470588236,-0.3837902411296485,0.3872277541118899,0.6540512742446326,-0.06028716361447855,-0.24911336153484595,-0.3524753750080474,0.537785557838025,0.5658798943170895,0.13822214521380125,Semiconductor Equipment & Materials,Technology,ENTG
2015Q3,2015,Q3,2015-10-29,2015-09-26,23403000.0,270253000.0,31066000.0,0.17,116310000.0,0.4303745009,1678448000.0,770135000.0,724244000.0,209065000.0,908313000.0,188439000.0,-17990000.0,1817376150.0,2183445150.0,5.479243000960478,3.4642049123478342,0.3974683755469338,0.8662507222759646,0.018455301315537697,5.479243000960478,0.03038817869594292,6.724721464701594,19.413922894500708,2.359815032429379,0.0,0.8169381072920149,0.0,0.16101362687435058,2.331982876139,0.013943238038950269,163.4331070143885,0.43037450093060947,0.0,-0.0203227081771305,0.4229776873448199,0.7070729346361011,-0.09194531841638887,-0.04274378272251309,-0.21046077210460773,0.26886421931202104,0.4328546656075184,0.10276106432911689,Semiconductor Equipment & Materials,Technology,ENTG
2015Q2,2015,Q2,2015-07-31,2015-06-27,24448000.0,280709000.0,39347000.0,0.17,128087000.0,0.4562981593,1696483000.0,777576000.0,726626000.0,167905000.0,918907000.0,184737000.0,-41392000.0,2083558950.0,2461862950.0,5.54196155573136,4.327601917751109,0.40792981715702425,0.8900043211210222,0.021334534091321355,5.54196155573136,0.03144129962858936,7.422487166425016,21.306026566590315,2.6795566606994043,0.0,0.8261582682407964,0.0,0.16546525959882888,2.9442065453679165,0.01441099026633335,92.58616023817989,0.456298159303763,0.5454545454545455,0.2469545860988823,0.5707896938060808,0.8774874935355768,0.09911958536417931,0.6438945669714901,0.4287737390609681,0.10388795241513248,0.45935604294481114,0.16714616858589074,Semiconductor Equipment & Materials,Technology,ENTG
2015Q1,2015,Q1,2015-04-30,2015-03-28,14872000.0,263373000.0,27539000.0,0.11,116536000.0,0.4424751208,1732804000.0,754515000.0,746349000.0,228043000.0,978289000.0,166227000.0,-65840000.0,1898183040.0,2298745040.0,5.390008858155218,3.2728432795569256,0.4281782590529569,0.9833455928642904,0.014027807442948187,5.390008858155218,0.019710675069415453,7.207204383137223,31.908671328671332,2.5157658098248543,0.0,0.8833522833234071,0.0,0.15199237767225837,2.3210885666299776,0.008582621000413203,-92.05543355965082,0.4424751208362285,0.5714285714285713,-0.15935671543299385,0.5349944853800622,0.9287389093670047,-0.011736770691994573,0.5970790378006873,0.32303627191928896,-0.18736770543768358,0.4652646480244643,0.1715095036906677,Semiconductor Equipment & Materials,Technology,ENTG
2014Q4,2014,Q4,2015-02-26,2014-12-31,9312000.0,271633000.0,20815000.0,0.07,117920000.0,0.434115148,1762091000.0,748441000.0,765655000.0,262520000.0,1013650000.0,163125000.0,-80712000.0,1844129210.0,2221226210.0,5.361286810266402,2.9165587383818377,0.4351625426836639,1.024524311201551,0.013129959207701502,5.361286810266402,0.012441862484818442,6.789047023005305,49.50948265678695,2.463960699640987,0.0,0.9423019157088123,0.0,0.15415378660920465,2.088454213012342,0.0052846305894530985,85.84132616487456,0.43411514801220763,10.45945945945946,-0.24229501955495564,0.5292422085789222,0.7809423186573816,0.1942112352268009,10.058365758754864,2.877608047690015,-0.7749297671153019,0.6085141919189672,0.19443805611025608,Semiconductor Equipment & Materials,Technology,ENTG
2014Q3,2014,Q3,2014-10-31,2014-09-27,-1028000.0,273054000.0,5368000.0,-0.0074,98743000.0,0.3616244406,1795220000.0,758277000.0,782896000.0,173288000.0,1036943000.0,164601000.0,-90024000.0,1612388800.0,2014744800.0,5.436456839690278,4.517889294123078,0.441644478114103,1.0455928374459464,0.0007353476015455587,5.436456839690278,-0.0013557051051264906,5.905018055036733,-392.11789883268483,2.1263849490357747,0.0,1.0589911361413358,0.0,0.1521005782021145,3.3095771201698905,-0.0005726317665801406,30.605485640529203,0.3616244405868436,0.9259999999999999,0.8866952380580039,1.0339961922880025,0.8677235353184712,0.1136261108855506,0.9296805527053834,1.2177687626774847,-1.0452494318798078,0.5274712352888526,0.3077049704815133,Semiconductor Equipment & Materials,Technology,ENTG
2014Q2,2014,Q2,2014-08-05,2014-06-28,-14619000.0,251578000.0,-24650000.0,-0.1,88668000.0,0.3524473523,1863529000.0,765153000.0,805486000.0,168328000.0,1098376000.0,191225000.0,-88956000.0,1881105380.0,2331822380.0,5.495288642468291,4.785216957368946,0.43879113230864664,1.0686751538581172,-0.006142451256745547,5.495288642468291,-0.01910598272502362,7.4772252740700695,-32.16884499623777,2.458469587128326,0.0,0.8519283566479279,0.0,0.1350008505368041,3.3238082790741883,-0.007844793400049047,-457.91270204479065,0.35244735231220536,-2.0,0.46322783962087,1.465822642443505,1.262066911182093,0.24268415741675076,-2.021450531022918,-2.329629429850585,-1.4343280991000524,0.1619639081001461,0.37032085764894684,Semiconductor Equipment & Materials,Technology,ENTG
2014Q1,2014,Q1,2014-05-05,2014-03-29,14312000.0,165804000.0,18539000.0,0.1,71352000.0,0.4303394369,883502000.0,771793000.0,616059000.0,90839000.0,111709000.0,100499000.0,-74287000.0,1639338600.0,1257677600.0,5.555385202300489,6.781877827805237,0.0,0.0,0.018527841978709034,5.555385202300489,0.018543832348829285,9.887207787508142,28.635735746226946,2.124065131453641,0.0,0.939830247067135,0.0,0.18766680777179903,5.401974922665375,0.016199171026211597,-1198.3469298245614,0.4303394369255265,-0.33333333333333326,1.3107165581420503,1.2711303182606026,1.1608827794098175,-0.10117907890758843,-0.30324716420816905,-0.21756562842913818,-0.5279033005374173,-0.21445127754199625,0.5014411949325398,Semiconductor Equipment & Materials,Technology,ENTG
2013Q4,2013,Q4,2014-02-20,2013-12-31,20541000.0,186260000.0,23694000.0,0.15,79384000.0,0.4261999356,875294000.0,756843000.0,612305000.0,97585000.0,118451000.0,94074000.0,-88599000.0,1606547850.0,1222121850.0,5.460036792554918,6.274581134395655,0.0,0.0,0.026401607606078233,5.460036792554918,0.027140371252690452,8.625297165252872,19.55294106908135,2.122696318787384,0.0,1.1360843591215426,0.0,0.21279707161250963,4.983337603115233,0.02346754347682036,68.71756063133581,0.42619993557392893,0.15384615384615377,1.1260028154182091,0.332565457458492,0.8158435119363414,0.13192266012661838,0.15353512663559274,-0.008992429629009997,-0.26957203467030116,-0.01785077338904404,0.5811593887307956,Semiconductor Equipment & Materials,Technology,ENTG
2013Q3,2013,Q3,2013-10-25,2013-09-28,17807000.0,164585000.0,23909000.0,0.13,70132000.0,0.4261141659,847659000.0,734086000.0,585906000.0,92537000.0,113573000.0,97426000.0,-108866000.0,1416820800.0,1058038800.0,5.284844208950066,6.331586284405157,0.0,0.0,0.025275411789846842,5.284844208950066,0.024257375838798178,8.608444268918795,19.89134609984837,1.9300474331345374,0.0,0.9694845318498142,0.0,0.19416416271165646,5.030841717367108,0.02100726825291774,80.78116198186898,0.4261141659324969,-0.07142857142857148,1.0351126265975228,-0.09139105598227668,0.29966353389980055,-0.09588758540672941,-0.09979273039785654,-0.09390987986508507,-0.24571787679695825,-0.12310142218553224,0.6465074666857371,Semiconductor Equipment & Materials,Technology,ENTG
2013Q2,2013,Q2,2013-07-26,2013-06-29,19781000.0,177544000.0,26387000.0,0.14,77570000.0,0.4369057811,831938000.0,716263000.0,570428000.0,93523000.0,115675000.0,98140000.0,-124569000.0,1306908175.0,963497175.0,5.143535241104448,6.099333853704437,0.0,0.0,0.026696284559574616,5.143535241104448,0.02761695075691471,7.36103824967332,16.517215699408524,1.824620530447615,0.0,1.0186875891583451,0.0,0.21341013392824945,4.828534157373053,0.023777012229276702,77.6581006001545,0.43690578110214934,0.16666666666666682,2.250160851689251,-0.027325423838462835,-0.31985404482893093,0.15555356930044095,0.20637921571019088,0.3032548031807181,0.0165390908868003,0.0010050013752292098,0.7425099381546859,Semiconductor Equipment & Materials,Technology,ENTG
2013Q1,2013,Q1,2013-04-26,2013-03-30,16397000.0,165070000.0,20247000.0,0.12,67128000.0,0.4066638396,805849000.0,703167000.0,569738000.0,81967000.0,102682000.0,100246000.0,-142149000.0,1370786500.0,1031940500.0,5.057845711203021,6.950821672136348,0.0,0.0,0.02186318301658788,5.057845711203021,0.023318784869028268,8.30427394438723,20.899958833933034,1.9494465752801253,0.0,0.9770165393132894,0.0,0.20483986454037914,5.397525833567167,0.02034748445428362,-157.4711659965537,0.4066638395832071,0.47601476014760147,10.821100909870399,-0.08555395808850831,-0.33852834397385073,0.010035960939498352,0.4567341862117982,0.4522306699182327,-0.06676232436622992,-0.03130018765111635,0.8098789960265723,Semiconductor Equipment & Materials,Technology,ENTG
2012Q4,2012,Q4,2013-02-22,2012-12-31,11256000.0,167818000.0,13942000.0,0.0813,66461000.0,0.3960302232,811544000.0,694799000.0,579324000.0,93263000.0,116745000.0,99144000.0,-157038000.0,1271042319.42,940623319.4200001,5.018129390774742,6.211723834746898,0.0,0.0,0.015223127382179864,5.018129390774742,0.01620036873973624,7.573933186070625,28.23032870069296,1.8293669383807403,0.0,1.0223210683450334,0.0,0.2067885413483434,4.765341024843721,0.013869857949784608,46.172708493897126,0.39603022321801,-0.3746153846153847,-0.12235191854389499,-0.1255990809293386,-0.31467312783722806,-0.18882732021676513,-0.37594943726783836,-0.48617970074445344,-0.07655197064996429,-0.04741555144544696,0.6669503626285281,Semiconductor Equipment & Materials,Technology,ENTG
2012Q3,2012,Q3,2012-10-25,2012-09-29,18037000.0,184449000.0,27134000.0,0.13,81932000.0,0.4441986674,797147000.0,682957000.0,559507000.0,91624000.0,114190000.0,102817000.0,-168294000.0,1117492890.0,809662890.0,4.9686583777727655,6.10655505107832,0.0,0.0,0.02789137651104234,4.9686583777727655,0.026410154665667093,6.058546752760925,15.488896296501638,1.636256587164346,0.0,0.9970821945787175,0.0,0.2313864318626301,4.6621081812625516,0.022626943336674414,45.957101908208585,0.4441986673823116,-0.1875,0.7824787218939182,0.010625937457256663,-0.3296101932924703,-0.009837333526696154,-0.16776634522216582,-0.14162791433361804,3.0173305663171908,0.394233820245748,0.7070088965614207,Semiconductor Equipment & Materials,Technology,ENTG
2012Q2,2012,Q2,2012-07-27,2012-06-30,21673000.0,188233000.0,31611000.0,0.16,82746000.0,0.4395934825,768727000.0,651956000.0,534976000.0,94418000.0,116771000.0,102905000.0,-186331000.0,1172567620.0,885702620.0,4.7483012024500555,5.6660382554174,0.0,0.0,0.032582344263891026,4.7483012024500555,0.03324304094141323,6.229341401348329,13.525672726433811,1.7985379688199816,0.0,1.0250911034449248,0.0,0.2448632609495959,4.261729754919613,0.02819336383397487,49.6429983065199,0.4395934825455685,0.23076923076923075,0.3803819508722245,0.15406764337125853,-0.2568747974307789,0.08527884161376632,0.2135617895738843,0.18141047202601188,1.8069917558811588,0.8709521907643515,0.9545788644077384,Semiconductor Equipment & Materials,Technology,ENTG
2012Q1,2012,Q1,2012-04-27,2012-03-31,17859000.0,175403000.0,26757000.0,0.13,76244000.0,0.4346789964,735654000.0,628498000.0,514600000.0,85224000.0,107156000.0,100533000.0,-207907000.0,1275872020.0,1008941020.0,4.600909204043835,6.038205200413029,0.0,0.0,0.028237517160061978,4.600909204043835,0.028415364885807114,7.273946397724099,17.860350803516432,2.0300335402817513,0.0,0.9863328459311868,0.0,0.23843138214432327,4.520475452924059,0.024276358179252746,-124.70648225979865,0.43467899636836316,-0.5666666666666667,0.6645076288627759,0.053798770477894824,-0.4187359715668471,0.12763628834265092,-0.5553148576977665,0.23162255466052933,1.3943189308928021,1.4434895652472712,0.7896194605064387,Semiconductor Equipment & Materials,Technology,ENTG
2011Q4,2011,Q4,2012-02-24,2011-12-31,40161000.0,163922000.0,21725000.0,0.3,67614000.0,0.4124766657,724663000.0,608238000.0,502999000.0,92594000.0,116425000.0,93937000.0,-225766000.0,1182316025.0,908723025.0,4.488543196392859,5.43230662893924,0.0,0.0,0.06573061028132267,4.488543196392859,0.0660284296607578,7.2126744732250705,7.359851752944399,1.9438378151315767,0.0,1.0252403206404292,0.0,0.2262044564162928,4.1127502861956495,0.055420243616688035,30.793489386638885,0.4124766657312624,0.8749999999999999,1.495160865414184,-0.03030452500758737,-0.4012006459254165,-0.09640776180039558,0.8264962706931054,-0.19036261320016398,1.2520027462288417,0.19963267373561785,0.4927540510953437,Semiconductor Equipment & Materials,Technology,ENTG
2011Q3,2011,Q3,2011-10-28,2011-10-01,21988000.0,173014000.0,26833000.0,0.16,74828000.0,0.4324967922,676310000.0,561208000.0,467742000.0,90710000.0,115102000.0,102950000.0,-265927000.0,861268100.0,634231100.0,4.157250268528464,5.156454635652078,0.0,0.0,0.03956323881776691,4.157250268528464,0.03917976935467777,4.978025477707006,9.792478852101146,1.5346682513435304,0.0,0.9537251092763478,0.0,0.2558205556623442,3.750777202072539,0.0325117179991424,21.512878731110277,0.43249679216710785,-0.3333333333333333,0.23878816553067403,0.014293459907114588,-0.4296349065689537,-0.21352070041936874,-0.32390381895332393,-0.3453130337188308,1.0446123762895385,-0.017200172292610186,0.022362507139072594,Semiconductor Equipment & Materials,Technology,ENTG
2011Q2,2011,Q2,2011-07-29,2011-07-02,32522000.0,209198000.0,40986000.0,0.24,95143000.0,0.454798803,672266000.0,539515000.0,461098000.0,103630000.0,132751000.0,104090000.0,-287915000.0,1404545400.0,1215100400.0,4.010220388746423,4.449464440798996,0.0,0.0,0.058424294257196925,4.010220388746423,0.06028006635589372,6.71395233224027,10.796886722833774,2.603348192357951,0.0,1.0957344605629744,0.0,0.311183370868079,3.1831901958892215,0.04837668422915929,31.772732208297516,0.45479880304783027,0.09090909090909087,0.826276742802396,0.18274367658185642,-0.4822480550124303,0.07694832757937631,0.11472150814053128,0.09781968179139658,4.531072765589241,0.18630020931099808,-0.4697158571106125,Semiconductor Equipment & Materials,Technology,ENTG
2011Q1,2011,Q1,2011-04-22,2011-04-02,29175000.0,203125000.0,37334000.0,0.22,88345000.0,0.4349292308,617510000.0,494691000.0,406371000.0,88310000.0,117805000.0,100447000.0,-320437000.0,1164518290.0,1021940290.0,3.700035153591276,4.601641943154796,0.0,0.0,0.05886804658698467,3.700035153591276,0.058976209391317,5.73301312,9.978734275921166,2.354031688468155,0.0,1.1426921660179,0.0,0.3289420414244304,3.152768655871362,0.047246198442130495,265.68977640885237,0.4349292307692308,0.09999999999999995,1.6311197756571167,0.31909701874636803,-0.5105476401261322,0.09733073320995168,0.08043550716587046,0.30808310851056375,20.871025024231013,0.17008673603754657,-0.5161045788763587,Semiconductor Equipment & Materials,Technology,ENTG
2010Q4,2010,Q4,2011-02-24,2010-12-31,27003000.0,182100000.0,28541000.0,0.2,80509000.0,0.442114223,601385000.0,459619000.0,387091000.0,107634000.0,137372000.0,101043000.0,-349612000.0,994257000.0,860303000.0,3.453185574755823,3.596363602579111,0.0,0.0,0.06252404850776622,3.453185574755823,0.05875083493067084,5.459950576606261,9.205060548827907,2.1632199713240747,0.0,1.0054234335876804,0.0,0.3028010342792055,2.403385547317762,0.04490135271082584,28.126877705168464,0.44211422295442065,0.1764705882352941,3.654538189634004,-0.08402858624018063,-0.53823033070252,0.008177218994189541,0.20452315103934338,-0.02169740179611983,1.1902193613447907,-0.012990610455522352,-0.5283977983318517,Semiconductor Equipment & Materials,Technology,ENTG
2010Q3,2010,Q3,2010-10-27,2010-10-02,22418000.0,178230000.0,29174000.0,0.17,79856000.0,0.4480502721,565292000.0,423373000.0,344127000.0,111127000.0,137372000.0,97625000.0,-376615000.0,613348950.0,520611950.0,3.209729877258288,3.0967001718754217,0.046848354478747266,0.06255240650679188,0.0530815882514923,3.209729877258288,0.05295094396666769,3.4413339505133815,6.839916027299492,1.4487200411929908,0.0,1.0076722151088349,0.0,0.31528838193358477,2.0031405509012212,0.03965738061037481,15.107116995073891,0.448050272120294,0.21428571428571425,0.29262096148951194,0.06936556551364237,-0.5596325063251819,0.03538319913908229,0.21936361163992385,0.10361263476451674,1.3086413156396264,0.01764075610463142,-0.5669313467747179,Semiconductor Equipment & Materials,Technology,ENTG
2010Q2,2010,Q2,2010-07-28,2010-07-03,18385000.0,167575000.0,26435000.0,0.14,77127000.0,0.4602536178,531410000.0,388362000.0,307964000.0,90352000.0,139261000.0,90554000.0,-399033000.0,510483840.0,461462840.0,2.9517967894928856,3.4084912342836904,0.04947592254568036,0.06769972345389096,0.04946326598523326,2.9517967894928856,0.04733985302372529,3.0463007011785765,6.941580636388359,1.3144536283158497,0.0,0.9988294277447711,0.0,0.31534032103272425,2.1256308659465204,0.034596639129862064,21.507640193806616,0.4602536177830822,0.16666666666666682,0.05569383988369239,-0.031215136193193577,-0.6188991175505582,0.054353323946357536,0.1108761329305136,0.1866499079768371,0.22200681747868484,0.07219674025238601,-0.5380338159670169,Semiconductor Equipment & Materials,Technology,ENTG
2010Q1,2010,Q1,2010-04-29,2010-04-03,16550000.0,160511000.0,22277000.0,0.12,73151000.0,0.455738236,519956000.0,365961000.0,290294000.0,86296000.0,150402000.0,88689000.0,-417418000.0,646912760.0,624812760.0,2.7945767215968966,3.363933438398072,0.09837947826354537,0.13977718937263806,0.041385533105026726,2.7945767215968966,0.04522339812165777,4.030332874382441,9.772096072507553,1.7677095646803895,0.0,0.9850150525995331,0.0,0.3087011208640731,2.045540928895893,0.031829616352152874,26.491104013104014,0.4557382360087471,0.36363636363636365,0.5238321868541983,0.06421052896805889,-0.6303245470771889,0.13788168681070823,0.6347293559857764,0.5322236742554508,0.6090447382279925,0.005928098908179819,-0.6469421910058086,Semiconductor Equipment & Materials,Technology,ENTG
2009Q4,2009,Q4,2010-02-26,2009-12-31,10124000.0,146324000.0,14539000.0,0.088,64287000.0,0.4393469287,504672000.0,346192000.0,267458000.0,73910000.0,155015000.0,83233000.0,-433968000.0,607200000.0,610288000.0,3.0103652173913042,3.6186984169936407,0.14224684547587343,0.20736469935758192,0.03093403096544165,3.0103652173913042,0.02924388778481305,4.14969519696017,14.994073488739629,1.7539400101677682,0.0,0.9856306993620318,0.0,0.28993881174307273,2.162386686510621,0.02006055418172595,62.746719024491064,0.4393469287334955,2.353846153846154,2.151885504026076,-0.14814092530790005,-0.5974455120334176,0.43571476427630257,2.3531141406041165,5.310329861111111,-0.25883232714967436,0.019961994649850073,-0.5983987078143441,Semiconductor Equipment & Materials,Technology,ENTG
2009Q3,2009,Q3,2009-10-27,2009-09-26,-7482000.0,110706000.0,2304000.0,-0.065,44777000.0,0.4044676892,518029000.0,334802000.0,260170000.0,80678000.0,179985000.0,84116000.0,-444092000.0,464692920.0,477916920.0,2.9107395912121925,3.22479486353157,0.1768240774165153,0.273594542445983,0.00589413586791384,2.9107395912121925,-0.022347536753065993,4.197540512709338,-15.527028869286289,1.387963393289168,0.0,0.7837866755432974,0.0,0.21370618247240986,1.963831527801879,-0.014443206847493093,-242.65948825065274,0.40446768919480425,0.675,-1.5540170280340175,-0.26383657903761026,-0.40484629178702025,0.886936367467341,0.6605725173524475,1.156426098173671,-1.4947229026295314,-0.23829548451271054,-0.6006532800146187,Semiconductor Equipment & Materials,Technology,ENTG
2009Q2,2009,Q2,2009-07-24,2009-06-27,-22043000.0,82576000.0,-14729000.0,-0.2,23730000.0,0.2873716334,506747000.0,273770000.0,245191000.0,83754000.0,232977000.0,81924000.0,-436484000.0,290750520.0,358351520.0,2.429321880490532,2.9275139097834133,0.29929530909901786,0.5539942287321474,-0.03141172609943939,2.429321880490532,-0.08051649194579391,3.5210051346638247,-3.297537993920973,1.0620247653139496,0.0,0.7182998877007959,0.0,0.1629531107238918,1.7065334192993769,-0.043499024167878646,386.1228685258964,0.287371633404379,0.3939393939393939,-2.5584507868211905,-0.45687512497735966,-0.5053113231354108,3.7289756875249105,0.4082257241805149,0.6183010262257697,-2.477728102686527,-0.4426584292534834,-0.6863548616543711,Semiconductor Equipment & Materials,Technology,ENTG
2009Q1,2009,Q1,2009-05-06,2009-03-28,-37249000.0,59038000.0,-38588000.0,-0.33,5018000.0,0.0849961042,534675000.0,288834000.0,265519000.0,73193000.0,245841000.0,92737000.0,-413992000.0,114594960.0,184233960.0,2.5708868871720014,3.627655650130477,0.30876513770047226,0.5715705214760035,-0.07946741193784222,2.5708868871720014,-0.12896334919019228,1.9410372980114503,-0.7691143386399635,0.39675024408483767,0.0,0.5825075212698275,0.0,0.11041847851498574,2.007773967455904,-0.0696666199092907,-6.554275909402882,0.08499610420407196,0.7203389830508474,-6.4342371617478245,-0.5468908362601269,-0.5100391036935289,-0.8443644935177719,0.7167031730096438,0.5808112629543529,-4.997672249608872,-0.5437448174845466,-0.6599149463015833,Semiconductor Equipment & Materials,Technology,ENTG
2008Q4,2008,Q4,2009-03-02,2008-12-31,-131484000.0,112736000.0,-92054000.0,-1.18,32242000.0,0.2859956003,597824000.0,336170000.0,313128000.0,79356000.0,261654000.0,102189000.0,-376247000.0,244842000.0,293491000.0,3.0068872987477637,3.945864206865265,0.27379630125254256,0.48690246006484816,-0.18829988523214328,3.0068872987477637,-0.391123538685784,2.171817343173432,-0.46553573058318887,0.7283279293214743,0.0,0.7876973059722671,0.0,0.1885772401241837,2.338424315741721,-0.21993764050958142,16.101670393265817,0.28599560034061877,0.6767123287671233,-16.013008200178234,-0.18473582551287066,-0.4184225758929819,-0.41799342936568107,0.6778679367319339,0.7544748711082424,-14.38813971980618,-0.32489574107846575,-0.5979105890781068,Semiconductor Equipment & Materials,Technology,ENTG
2008Q3,2008,Q3,2008-11-06,2008-09-27,-408168000.0,145789000.0,-374927000.0,-3.65,55398000.0,0.3799875162,740622000.0,454598000.0,334895000.0,101865000.0,286024000.0,107899000.0,-244449000.0,520969360.0,582040360.0,4.066317220651902,3.2876355961321355,0.18232242628493348,0.29703606263115984,-0.6566155231819351,4.066317220651902,-0.897865806712744,3.573447653801041,-0.319090031555634,1.1460001143867768,0.0,0.8377371430689812,0.0,0.19684670452673564,1.7855887694497619,-0.5511151437575443,119.92848987108655,0.3799875162049263,-92.25,-120.3325307783368,0.3890404289068208,-0.0895900318917159,-0.07495783726017333,-83.74234745590918,-48.65213523131673,-33.226155289343616,-0.08138103668144493,-0.7079435621322182,Semiconductor Equipment & Materials,Technology,ENTG
2008Q2,2008,Q2,2008-08-07,2008-06-28,4933000.0,147947000.0,7868000.0,0.04,59887000.0,0.4047868493,1005395000.0,853568000.0,348428000.0,100932000.0,151827000.0,70886000.0,148913000.0,759615100.0,658126100.0,7.5623992203419865,3.4521063686442357,0.03075308709512182,0.03622324173352328,0.006510581022667999,7.5623992203419865,0.005779270075729174,5.134373120103821,38.49660956821407,0.889929214778436,0.0,1.2422763310103546,0.0,0.1471531089770687,2.3778385447628105,0.004906529274563728,29.819231373164797,0.4047868493446978,3.0,-0.20738721355573567,0.343844287716465,0.658677969736239,-0.02597423719992193,3.33099209833187,1.457981880662293,-0.5481014392912759,0.10649902839090801,0.4238944509112367,Semiconductor Equipment & Materials,Technology,ENTG
2008Q1,2008,Q1,2008-05-05,2008-03-29,1139000.0,148227000.0,3201000.0,0.01,61484000.0,0.4147962247,1042114000.0,872900000.0,371446000.0,110448000.0,169214000.0,76284000.0,144616000.0,793405050.0,702517050.0,7.646352893770969,3.3630848906272637,0.046065017838739335,0.054994844770305876,0.0023888141755852633,7.646352893770969,0.0013048459159124756,5.352635147442774,174.145094381036,0.9089300607171498,0.0,1.1371060772901265,0.0,0.14223683781236984,2.3114950021729683,0.0010929706346906386,-103.99856468737711,0.4147962247093984,-0.8920086393088553,-0.8553081145801833,0.18272520670798809,0.5987523506458332,-0.0785462720119895,-0.8943609719903542,-0.6034440039643211,-0.8796983784371292,0.1273497751230298,0.01148375972916413,Semiconductor Equipment & Materials,Technology,ENTG
2007Q4,2007,Q4,2008-03-03,2007-12-31,10782000.0,161348000.0,8072000.0,0.0926,66725000.0,0.4135471156,1035241000.0,852309000.0,382621000.0,125749000.0,182932000.0,73120000.0,145462000.0,1004532000.0000001,891362000.0000001,7.322242268041237,3.042735926329434,0.045868546550996335,0.055713362172639266,0.010501502573191747,7.322242268041237,0.012650341601461442,6.22587202816273,23.291875347801895,1.17860071875341,0.0,1.294078227571116,0.0,0.155855496449619,2.1686693333545395,0.01041496617695783,33.87166604848771,0.41354711555147877,0.32285714285714273,3.10667842230885,0.4648685085142065,0.5553986403053343,0.018546786750114487,0.28097897112985626,-0.3338834791219673,2.2119964951839903,-0.07197294831961382,-0.020849207946631088,Semiconductor Equipment & Materials,Technology,ENTG
2007Q3,2007,Q3,2007-11-01,2007-09-29,8417000.0,151811000.0,12118000.0,0.07,65510000.0,0.4315234074,1012096000.0,847390000.0,369802000.0,104861000.0,164706000.0,81148000.0,135985000.0,992410440.0,904618440.0,7.411595952174788,3.526592346058115,0.037625877387125334,0.044939166145458405,0.010146573610753863,7.411595952174788,0.009932852641640804,6.5371444756967545,29.476370440774623,1.1711377759945243,0.0,1.0635012569625868,0.0,0.1499966406348805,2.1902041750507815,0.008316404767927154,54.83839531414046,0.43152340739472106,-0.3636363636363636,0.14706157392506616,0.5791191114661207,0.7393251941182382,0.00024429718752862857,-0.4303985924071192,0.053922421290659245,1.6901303964071779,-0.06466204848670774,-0.46767450859123694,Semiconductor Equipment & Materials,Technology,ENTG
2007Q2,2007,Q2,2007-08-03,2007-06-30,14777000.0,153508000.0,11498000.0,0.11,65494000.0,0.426648774,977067000.0,825701000.0,378635000.0,103242000.0,151366000.0,80401000.0,130649000.0,1535193000.0,1426866000.0,6.389638227897079,3.667451231088123,0.02887007748700959,0.03416248738950298,0.010481280916706243,6.389638227897079,0.017896308712233605,10.000736117987335,25.972677133382962,1.8592601922487682,0.0,1.094687877016455,0.0,0.15711102718646724,2.3358516882664033,0.015123834905896935,37.17174334140436,0.4266487740052636,0.375,0.5458163769897035,0.40550453707704914,0.4289407478569706,-0.04803848893152517,0.4231917557545989,-0.029786515905830733,0.18235556600192435,0.0027850979138814855,0.20307988919176911,Semiconductor Equipment & Materials,Technology,ENTG
2007Q1,2007,Q1,2007-05-09,2007-03-31,10383000.0,161076000.0,11851000.0,0.08,68799000.0,0.4271213589,1167121000.0,1046362000.0,564780000.0,72616000.0,120759000.0,88921000.0,240429000.0,1414475800.0,1285420800.0,7.91535168010651,7.777624765891814,0.0028300407584132235,0.0031566513309925245,0.007985837491865178,7.91535168010651,0.009922952094972869,8.781418709180759,34.05749301743234,1.3518034867474162,0.0,1.0377413659315573,0.0,0.13801139727586087,5.802963534207337,0.008896249831851196,81.85150164921012,0.42712135886165536,-0.3333333333333333,4.965491226425913,0.6816790540610722,0.806538320832137,-0.014623317101117158,-0.35505310888875086,-0.3477710511832691,0.2873612296402365,0.050644150034640595,0.5085116436343827,Semiconductor Equipment & Materials,Technology,ENTG
