Quarters,Year,Quarter,FillingDate,Date,NetIncome,Revenue,OperatingIncome,EPSDiluted,GrossProfit,GrossProfitRatio,TotalAssets,CommonStockEquity,CurrentAssets,CurrentLiability,TotalLiability,Inventory,RetainedEarnings,MarketCap,EnterpriseValue,bookValuePerShare,currentRatio,debtToAssets,debtToEquity,roic,shareholdersEquityPerShare,roe,priceToSalesRatio,peRatio,pbRatio,payoutRatio,inventoryTurnover,dividendYield,assetTurnover,quickRatio,returnOnAssets,priceToFreeCashFlowsRatio,grossProfitMargin,epsdilutedGrowth,fiveYNetIncomeGrowthPerShare,fiveYRevenueGrowthPerShare,fiveYShareholdersEquityGrowthPerShare,grossProfitGrowth,netIncomeGrowth,operatingIncomeGrowth,threeYNetIncomeGrowthPerShare,threeYRevenueGrowthPerShare,threeYShareholdersEquityGrowthPerShare,Industry,Sector,Symbol
2023Q1,2023,Q1,2023-05-05,2023-03-31,-140000000.0,2665000000.0,5000000.0,-0.92,2251000000.0,0.8446529081,24986000000.0,1832000000.0,12126000000.0,14612000000.0,21696000000.0,2483000000.0,-1554000000.0,14794843310.0,15438843310.0,12.014926841425265,0.8298658636736929,0.2620667573841351,3.574235807860262,0.0013212907122700718,12.014926841425265,-0.07641921397379912,5.551535951219512,-26.41936305357143,8.075787832969432,0.0,0.16673378977043898,0.0,0.10665972944849116,0.5833561456337257,-0.0056031377571440005,5.059795933652531,0.8446529080675422,-1.8288288288288288,-0.01747450339405017,0.05800019526567763,-0.5651799408141456,0.020398912058023574,-1.7909604519774012,-0.9790794979079498,0.9006151944076423,0.11421949001366724,-0.2546352235286212,Travel Services,Consumer Cyclical,EXPE
2022Q4,2022,Q4,2023-02-10,2022-12-31,177000000.0,2618000000.0,239000000.0,1.11,2206000000.0,0.8426279603,21561000000.0,2283000000.0,8791000000.0,10778000000.0,17833000000.0,1755000000.0,-1409000000.0,13613390400.0,16069390400.0,14.690741551054026,0.8156429764334756,0.30388200918324754,2.8699080157687256,0.02498654340967596,14.690741551054026,0.07752956636005257,5.199919938884645,19.22795254237288,5.962939290407358,0.3785310734463277,0.23475783475783477,0.004921624814344559,0.12142293956681044,0.5809983299313416,0.00820926673159872,-37.92030752089136,0.8426279602750191,-0.6275167785234899,2.1438201667394163,0.10593793464466719,-0.5054115224477891,-0.3027812895069532,-0.6327800829875518,-0.6800535475234271,1.1677386038969397,-0.11292932908799064,-0.4643378640949554,Travel Services,Consumer Cyclical,EXPE
2022Q3,2022,Q3,2022-11-04,2022-09-30,482000000.0,3619000000.0,747000000.0,2.98,3164000000.0,0.8742746615,21879000000.0,2268000000.0,9270000000.0,11119000000.0,18166000000.0,1778000000.0,-1586000000.0,14768167320.0,16732167320.0,14.388306646027356,0.8337080672722367,0.2994652406417112,2.888888888888889,0.05641179410294852,14.388306646027356,0.21252204585537918,4.080731505940868,7.6598378215767635,6.511537619047619,0.0,0.2559055118110236,0.0,0.16540975364504776,0.6019426207392751,0.022030257324374972,-12.654813470437018,0.874274661508704,3.5254237288135597,0.3202993677540813,0.17733831304977227,-0.5246384685340446,0.14554670528602462,3.6054054054054054,746.0,0.10075984042898063,-0.04993901081566833,-0.4936856682342496,Travel Services,Consumer Cyclical,EXPE
2022Q2,2022,Q2,2022-08-05,2022-06-30,-185000000.0,3181000000.0,1000000.0,-1.18,2762000000.0,0.868280415,24744000000.0,1910000000.0,11786000000.0,13837000000.0,21363000000.0,2756000000.0,-2068000000.0,14915810700.0,16408810700.0,12.143175027020154,0.8517742285177423,0.2853621079857743,3.6968586387434557,0.00015654948021341503,12.143175027020154,-0.0968586387434555,4.689031971078277,-20.156500945945943,7.809324973821989,0.0,0.15203193033381712,0.0,0.12855641771742646,0.5689094456890944,-0.007476559974135144,10.153717290673928,0.8682804149638479,-0.4936708860759492,-4.144991332196245,0.18542187245541214,-0.5644455231303714,0.47071352502662406,-0.5040650406504065,1.009433962264151,-1.9579626856104781,-0.043978514781069164,-0.5831579699211592,Travel Services,Consumer Cyclical,EXPE
2022Q1,2022,Q1,2022-05-03,2022-03-31,-123000000.0,2249000000.0,-106000000.0,-0.79,1878000000.0,0.8350377946,24577000000.0,2078000000.0,11147000000.0,12469000000.0,21010000000.0,2583000000.0,-1883000000.0,30590265119.999996,33107265119.999996,13.29188414696551,0.893977063116529,0.32831509134556697,3.883060635226179,-0.0059714863587398605,13.29188414696551,-0.05919153031761309,13.601718594931079,-62.1753356097561,14.721013051010587,0.0,0.14363143631436315,0.0,0.09150832078772836,0.5919480311171705,-0.0050046791715831875,10.790216973544972,0.8350377945753669,-1.2337278106508875,-0.37517495851345156,-0.010620232275548775,-0.5107098249940661,-0.0005321979776476849,-1.2248628884826325,-1.451063829787234,-0.12959875816389493,-0.18459814359801513,-0.5185818242905821,Travel Services,Consumer Cyclical,EXPE
2021Q4,2021,Q4,2022-02-11,2021-12-31,547000000.0,2279000000.0,235000000.0,3.38,1879000000.0,0.824484423,21548000000.0,3552000000.0,8181000000.0,9450000000.0,17996000000.0,0.0,-1761000000.0,27747206640.0,32446206640.0,23.13448875515348,0.8657142857142858,0.40885465008353444,2.4802927927927927,0.022077278805571896,23.13448875515348,0.15399774774774774,12.175167459412023,12.681538683729434,7.811713581081081,0.031078610603290677,0.0,0.0006126742853997068,0.10576387599777241,0.58994708994709,0.02538518656023761,195.40286366197182,0.8244844229925405,0.49557522123893816,5.7536148338908415,0.06829625664886345,-0.15673876751566798,-0.25436507936507935,0.45478723404255317,-0.5515267175572519,30.122761748557256,-0.13858235697905746,-0.16284605493686935,Travel Services,Consumer Cyclical,EXPE
2021Q3,2021,Q3,2021-11-05,2021-09-30,376000000.0,2962000000.0,524000000.0,2.26,2520000000.0,0.8507765023632681,21944000000.0,2114000000.0,9043000000.0,9751000000.0,18342000000.0,0.0,-2147000000.0,24752014100.0,28572014100.0,13.998238632225084,0.9273920623525792,0.4033448778709442,4.186849574266793,0.037526322819362225,13.998238632225084,0.17786187322611163,8.356520627954085,16.457456183510637,11.708615941343426,0.0,0.0,0.0,0.1349799489609916,0.6786996205517383,0.017134524243528983,-17.680010071428573,0.8507765023632681,2.9590126744186045,0.3391209450540933,0.1417318838246088,-0.45877163314761293,0.45077720207253885,3.186046511627907,4.96969696969697,-0.29109857195515293,-0.10505062147570716,-0.5229173034148951,Travel Services,Consumer Cyclical,EXPE
2021Q2,2021,Q2,2021-08-06,2021-06-30,-172000000.0,2111000000.0,-132000000.0,-1.153642357454743,1737000000.0,0.822832780672667,24181000000.0,1607000000.0,11113000000.0,11713000000.0,21088000000.0,0.0,-2531000000.0,24408015030.0,27832015030.0,10.778507374591697,0.948774865534022,0.36756130846532403,5.5308027380211575,-0.00956650201124199,10.778507374591697,-0.10703173615432483,11.562299872098531,-35.476766031976744,15.188559446172995,-0.29069767441860467,0.0,0.0020485074242434205,0.08729994623878251,0.6244343891402715,-0.007113022621066127,10.47104891891892,0.822832780672667,0.7233471564856732,-6.451341964740488,-0.035689762446292454,-0.6164134401307145,0.8577540106951872,0.7024221453287197,0.6422764227642277,-174.13403043737804,-0.26218116470182296,-0.5922371382028677,Travel Services,Consumer Cyclical,EXPE
2021Q1,2021,Q1,2021-05-07,2021-03-31,-578000000.0,1246000000.0,-369000000.0,-4.17,935000000.0,0.7504012841091493,21866000000.0,1209000000.0,8836000000.0,8774000000.0,19178000000.0,0.0,-2359000000.0,24988553720.0,29600553720.0,8.327535972337978,1.0070663323455664,0.40716180371352784,7.363937138130686,-0.027092408302530565,8.327535972337978,-0.47808105872622003,20.05501903691814,-10.808197975778546,20.668778924731182,0.0,0.0,0.0,0.05698344461721394,0.6511283337132436,-0.02643373273575414,12.481795064935065,0.7504012841091493,-0.44290657439446357,-3.934916369345236,-0.3191104160206908,-0.7284170037581025,0.47709320695102686,-0.5091383812010444,0.20302375809935205,-3.4118210960121917,-0.48048136293861504,-0.698626572416583,Travel Services,Consumer Cyclical,EXPE
2020Q4,2020,Q4,2021-02-12,2020-12-31,-383000000.0,920000000.0,-463000000.0,-2.89,633000000.0,0.6880434782608695,18690000000.0,2532000000.0,5634000000.0,5406000000.0,14664000000.0,0.0,-1959000000.0,18859850400.0,24462850400.0,17.7751569015627,1.042175360710322,0.4395933654360621,3.244865718799368,-0.03247697649615774,17.7751569015627,-0.15126382306477093,20.499837391304347,-12.310607310704961,7.448598104265402,-0.1514360313315927,0.0,0.003075316016292473,0.04922418405564473,0.7783943766185719,-0.02049224184055645,-36.76384093567251,0.6880434782608695,-0.8525641025641025,-27.763365428936254,-0.48999511555992364,-0.5098780557469642,-0.43932683790965454,-0.9947916666666666,-3.0973451327433628,-8.421558887515998,-0.5760048636771327,-0.4015695014684396,Travel Services,Consumer Cyclical,EXPE
2020Q3,2020,Q3,2020-11-05,2020-09-30,-192000000.0,1504000000.0,-113000000.0,-1.56,1129000000.0,0.7506648936170213,19679000000.0,1632000000.0,6735000000.0,5636000000.0,16567000000.0,0.0,-1637000000.0,12956347140.0,17951347140.0,11.549403422359985,1.1949964513839602,0.44849839930890795,5.408088235294118,-0.009188784803538902,11.549403422359985,-0.11764705882352941,8.614592513297872,-16.870243671875002,7.938938198529411,0.0,0.0,0.0,0.07642664769551298,0.944819020581973,-0.009756593322831445,-13.0214544120603,0.7506648936170213,0.7078651685393258,-1.6236335108473234,-0.2860045926749204,-0.38497915589158754,5.378531073446328,0.7391304347826086,0.866902237926973,-1.5866774128655274,-0.45420029999359374,-0.6184302827680539,Travel Services,Consumer Cyclical,EXPE
2020Q2,2020,Q2,2020-07-31,2020-06-30,-736000000.0,566000000.0,-849000000.0,-5.34,177000000.0,0.3127208480565371,21905000000.0,1734000000.0,8944000000.0,7872000000.0,18702000000.0,0.0,-1479000000.0,11596118400.0,16096118400.0,12.29159578087785,1.136178861788618,0.436110477060032,5.509227220299885,-0.05572649966870647,12.29159578087785,-0.4244521337946944,20.487841696113072,-3.9388989130434786,6.687496193771626,-0.02309782608695652,0.0,0.00146600779791969,0.025838849577721982,0.8363821138211383,-0.03359963478657841,-5.651129824561403,0.3127208480565371,0.4220779220779221,-2.4954686160968262,-0.6889738198359493,-0.24957491219768044,-0.8879746835443038,0.4342813220599539,0.34389489953632146,-14.9503732565117,-0.7648277971013545,-0.5591219299466086,Travel Services,Consumer Cyclical,EXPE
2020Q1,2020,Q1,2020-05-21,2020-03-31,-1301000000.0,2209000000.0,-1294000000.0,-9.24,1580000000.0,0.7152557718424627,20417000000.0,2270000000.0,7652000000.0,9608000000.0,16676000000.0,0.0,-771000000.0,7924110210.0,10849110210.0,16.119525929713188,0.7964196502914238,0.33452515060978594,3.0088105726872247,-0.1266981372818856,16.119525929713188,-0.5731277533039647,3.5871933952014485,-1.5226960434281323,3.490797449339207,-0.03689469638739431,0.0,0.006057462444101973,0.10819415193221335,0.5824313072439634,-0.06372140863006319,-7.398795714285714,0.7152557718424627,-18.769230769230766,-27.697253420873317,0.4569704843001782,0.2360711795934115,-0.27787934186471663,-18.11842105263158,-9.0875,-15.147881155587795,0.07883415997717157,-0.406620944332963,Travel Services,Consumer Cyclical,EXPE
2019Q4,2019,Q4,2020-02-14,2019-12-31,76000000.0,2747000000.0,160000000.0,0.52,2188000000.0,0.7965052784856207,21416000000.0,3967000000.0,7735000000.0,10714000000.0,15880000000.0,0.0,662000000.0,15642126580.0,17265126580.0,27.425387322239658,0.7219525854022774,0.230575270825551,1.244769347113688,0.011020451414644484,27.425387322239658,0.019158053945046636,5.69425794685111,51.454363750000006,3.9430619057222085,0.6578947368421053,0.0,0.003196496316807072,0.12826858423608517,0.6006160164271047,0.0035487485991781845,347.6028128888889,0.7965052784856207,-0.8081180811808119,0.016944703837812894,0.7882558870798562,0.9625738353427632,-0.2679826028772165,-0.8141809290953546,-0.7372742200328407,-0.003984322255376153,0.36681476201720414,-0.0003338236916850727,Travel Services,Consumer Cyclical,EXPE
2019Q3,2019,Q3,2019-11-07,2019-09-30,409000000.0,3558000000.0,609000000.0,2.71,2989000000.0,0.8400786958965711,21381000000.0,4184000000.0,7969000000.0,10582000000.0,15642000000.0,0.0,592000000.0,19789453120.0,20911453120.0,28.41773527494023,0.7530712530712531,0.23006407558112343,1.1756692160611855,0.04628362973096215,28.41773527494023,0.09775334608030593,5.561959842608207,12.096242738386309,4.7297928107074565,0.12224938875305623,0.0,0.00252659837019286,0.16640942893222954,0.6804951804951805,0.019129133342687434,-17.17834472222222,0.8400786958965711,1.2396694214876034,0.3822804856934622,0.8050117436309618,0.9285675294796444,0.13606993538578488,1.2349726775956285,1.2981132075471697,0.4941171285479494,0.406741816593307,0.0987442675175037,Travel Services,Consumer Cyclical,EXPE
2019Q2,2019,Q2,2019-07-25,2019-06-30,183000000.0,3153000000.0,265000000.0,1.21,2631000000.0,0.8344433872502379,22201000000.0,4342000000.0,8824000000.0,11676000000.0,16294000000.0,0.0,292000000.0,19859288760.0,19947288760.0,29.13135948580668,0.7557382665296334,0.1673348047385253,0.8555964993090741,0.024741562879916922,29.13135948580668,0.0421464762782128,6.298537507136061,27.130175901639344,4.5737652602487335,0.26229508196721313,0.0,0.002417004988450553,0.1420206297013648,0.6774580335731415,0.008242871942705284,23.670189225268178,0.8344433872502379,2.7536231884057973,0.7795609794868784,0.8334024838318062,1.0118816703359905,0.25524809160305345,2.7766990291262137,3.0229007633587788,4.8016864807170805,0.4407237047849949,0.03672963065531687,Travel Services,Consumer Cyclical,EXPE
2019Q1,2019,Q1,2019-05-03,2019-03-31,-103000000.0,2609000000.0,-131000000.0,-0.69,2096000000.0,0.8033729398236872,20963000000.0,4083000000.0,7702000000.0,10726000000.0,15329000000.0,0.0,156000000.0,17782810500.0,18244810500.0,27.60985109749665,0.7180682453850457,0.1766922673281496,0.9071760960078373,-0.01124927974554301,27.60985109749665,-0.025226549106049472,6.81594883096972,-43.162161407766995,4.35532953710507,-0.4563106796116505,0.0,0.0026430017909711175,0.12445737728378571,0.6467462241282864,-0.004913418880885369,9.4841656,0.8033729398236872,-7.2727272727272725,-5.357278285422984,0.9188900192495275,0.806728654699077,0.006240998559769563,-7.0588235294117645,-2.3645833333333335,0.13665644456771378,0.39967496684347004,-0.09956965520671372,Travel Services,Consumer Cyclical,EXPE
2018Q4,2018,Q4,2019-02-08,2018-12-31,17000000.0,2559000000.0,96000000.0,0.11,2083000000.0,0.8139898397811646,18033000000.0,4104000000.0,5197000000.0,8060000000.0,12382000000.0,0.0,297000000.0,16729538850.0,18031538850.0,27.634688806738986,0.644789081885856,0.20612210946597903,0.9057017543859649,0.0054797523151953525,27.634688806738986,0.004142300194931774,6.537529835873388,246.02263014705883,4.076398355263158,2.823529411764706,0.0,0.0028691765164824013,0.14190650474130762,0.5764267990074442,0.0009427161315366273,-43.006526606683806,0.8139898397811646,-0.967930029154519,-0.8413088215951126,0.9640111533879065,0.691289366056792,-0.24855699855699856,-0.9676190476190476,-0.8571428571428571,2.2245804758329,0.3606746027450972,-0.23801699856749126,Travel Services,Consumer Cyclical,EXPE
2018Q3,2018,Q3,2018-10-26,2018-09-30,525000000.0,3276000000.0,672000000.0,3.43,2772000000.0,0.8461538461538461,19141000000.0,4386000000.0,6172000000.0,8763000000.0,13214000000.0,0.0,349000000.0,19480494240.0,20745494240.0,29.341325376968463,0.7043250028529042,0.19471291991014053,0.8497492020063839,0.0718672283408618,29.341325376968463,0.11969904240766074,5.946426813186813,9.276425828571428,4.441517154582764,0.08952380952380952,0.0,0.0024126697927146635,0.17115093255315814,0.651375099851649,0.02742803406300611,-32.79544484848485,0.8461538461538461,522.47631,1.8033881254725124,1.1320679186194582,0.8225438354373753,0.163727959697733,524.0,5.054054054054054,0.6119784128130372,0.47015517856957245,0.5624639681099075,Travel Services,Consumer Cyclical,EXPE
2018Q2,2018,Q2,2018-07-27,2018-06-30,1000000.0,2880000000.0,111000000.0,0.0065523500003276175,2382000000.0,0.8270833333333333,20554000000.0,3967000000.0,7794000000.0,10497000000.0,15002000000.0,0.0,-116000000.0,18037634440.0,19196634440.0,26.43327380793731,0.7424978565304373,0.20584801011968473,1.06654902949332,0.008704213571254312,26.43327380793731,0.00025207965717166626,6.263067513888889,4509.40861,4.54692070582304,45.0,0.0,0.002494783900277336,0.14011871168628978,0.6760979327426884,4.8652330446628395e-05,30.26448731543624,0.8270833333333333,1.0072003846157447,-0.98729305823045,1.1714328089858865,0.6178278326935674,0.17862444334487879,1.0072992700729928,1.6727272727272726,-0.998090018913877,0.48765621448779917,0.6138011834951047,Travel Services,Consumer Cyclical,EXPE
2018Q1,2018,Q1,2018-04-27,2018-03-31,-137000000.0,2508000000.0,-165000000.0,-0.91,2021000000.0,0.8058213716108453,20429000000.0,4195000000.0,7431000000.0,9991000000.0,14621000000.0,0.0,-8000000.0,16762114970.0,17610114970.0,27.631951625970743,0.7437693924532078,0.20906554407949485,1.0181168057210965,-0.017183247434569466,27.631951625970743,-0.03265792610250298,6.683458919457736,-30.587801040145983,3.995736584028605,-0.3357664233576642,0.0,0.0027442837662388377,0.12276665524499486,0.6889200280252227,-0.006706153017768858,11.29522572102426,0.8058213716108453,-3.6,-0.17439738125291623,1.2134011423631528,0.7359251382748031,0.07389754135382294,-3.4837288565782556,-2.4540647719762063,-3.607732510478272,0.5343899908962279,1.118862501894276,Travel Services,Consumer Cyclical,EXPE
2017Q4,2017,Q4,2018-02-09,2017-12-31,55159000.0,2319208000.0,113475000.0,0.35,1881930000.0,0.8114537376552685,18515628000.0,4522335000.0,5539589000.0,7878690000.0,12387060000.0,0.0,182145000.0,18235222040.0,19637547040.0,29.702959567033602,0.7031104155640088,0.22948473581344364,0.9395708190569695,0.00901168689063177,29.702959567033602,0.01219701769108215,7.862693660939424,82.64844377164198,4.032258123292502,0.8251056037999238,0.0,0.0024958292199659996,0.12525678308075752,0.6602449138118139,0.0029790509941115687,-59.281292696802716,0.8114537376552685,-0.8430493273542601,6.265441175202624,1.1101659638733543,0.7591273086476665,-0.24941640153967093,-0.8434041755858255,-0.7644417596652052,-0.2987924958748156,0.4343565762792579,1.1255579946261134,Travel Services,Consumer Cyclical,EXPE
2017Q3,2017,Q3,2017-10-27,2017-09-30,352238000.0,2965848000.0,481728000.0,2.23,2507289000.0,0.845386884290766,19035232000.0,4603420000.0,5983802000.0,8272556000.0,12819922000.0,0.0,197603000.0,21891546720.0,22887396720.0,30.268134238072694,0.7233317006255382,0.2225208497590153,0.9201280786893223,0.04583071865337812,30.268134238072694,0.07651658983972785,7.381209933887374,15.537468075562545,4.75549628754274,0.1293954655658958,0.0,0.002081990851672449,0.1558083452831045,0.6831042304216496,0.018504528865211624,-35.75186580850831,0.845386884290766,5.194444444444445,0.8364203226505016,1.2113843048094242,0.7400894234731318,0.1677859569780792,5.213515849635732,3.687529191966371,0.15243473110822128,0.45656624237528765,1.0541447200035847,Travel Services,Consumer Cyclical,EXPE
2017Q2,2017,Q2,2017-07-28,2017-06-30,56689000.0,2586052000.0,102768000.0,0.36,2147045000.0,0.8302404592019031,18623248000.0,4226077000.0,6026561000.0,8744502000.0,12801132000.0,0.0,-173424000.0,22578138900.0,23830600900.0,27.87980762887414,0.6891828717061304,0.17295296717307315,0.7621597997386228,0.013066571193390983,27.87980762887414,0.01341409538917535,8.730736620918682,99.57019395297147,5.3425763184154,0.7486108416094833,0.0,0.001879605763254473,0.13886149182999658,0.6559298631299987,0.003043991037438797,44.96078829250419,0.8302404592019031,1.631578947368421,-0.5289515409652041,1.1745230893254686,0.653847243049125,0.21504553637165694,1.65824063537772,2.411008746035451,-0.4579466729638388,0.4786062298364484,0.9254464924080825,Travel Services,Consumer Cyclical,EXPE
2017Q1,2017,Q1,2017-04-28,2017-03-31,-86122000.0,2188736000.0,-72833000.0,-0.57,1767049000.0,0.8073376597268926,17668906000.0,4089272000.0,5328413000.0,8019571000.0,12009848000.0,0.0,-250747000.0,18992496270.0,20511614270.0,27.165646943154567,0.6644261893809532,0.17946402567312317,0.7754272643150174,-0.006461309810010734,27.165646943154567,-0.021060472377479416,8.677381040929559,-55.13253370218992,4.644468812541694,-0.49054829195792016,0.0,0.0022244048070043402,0.12387501523863446,0.6312065819979648,-0.00487421235927114,12.606414467526985,0.8073376597268926,-2.1176470588235294,-22.226976227815026,1.3720747681311285,0.7661303489399244,0.026168010462326103,-2.083881848043596,-1.4948364654247006,-4.22200728864265,0.5814619774629101,0.7776609001736285,Travel Services,Consumer Cyclical,EXPE
2016Q4,2016,Q4,2017-02-10,2016-12-31,79457000.0,2092829000.0,147186000.0,0.51,1721988000.0,0.8228039653502508,15777546000.0,4132301000.0,3450251000.0,6127198000.0,10084443000.0,0.0,-151365000.0,17062686720.0,18497524720.0,27.43454562353941,0.5631042117457278,0.20024254722502474,0.7645464355089332,0.014882765922754768,27.43454562353941,0.019228270157474008,8.152929226420314,53.68528487106234,4.129100643926955,0.49271933246913424,0.0,0.0022944803853258582,0.13264604013830794,0.5274471299931878,0.005036081022993056,-105.55457982777394,0.8228039653502508,-0.7182320441988951,0.021433960647945213,3.0922020465526505,0.6982534760472022,-0.20425619617023674,-0.7155453565841242,-0.6188392135739295,-0.26870159780081204,0.5836747981551146,0.6790402671144637,Travel Services,Consumer Cyclical,EXPE
2016Q3,2016,Q3,2016-10-28,2016-09-30,279331000.0,2580905000.0,386152000.0,1.81,2163998000.0,0.8384648020752411,16131766000.0,3885756000.0,3620294000.0,6619438000.0,12179138000.0,0.0,-307112000.0,17535896080.0,18941312080.0,25.86383029706002,0.5469186356908246,0.19862735425247305,0.8246040152804242,0.04474001433496924,25.86383029706002,0.07188588269567106,6.794475612236793,15.694548832746813,4.512865985409274,0.13984126359050733,0.0,0.002227545134950412,0.15998899314557377,0.5009444910580022,0.017315587146503365,-47.46075879203858,0.8384648020752411,7.6190476190476195,0.20832155077365544,1.0505344561785057,0.21541825923933375,0.20928264996320178,7.825902872128661,14.047619047619047,0.4840525442092564,0.6712267440130324,0.6065383503673015,Travel Services,Consumer Cyclical,EXPE
2016Q2,2016,Q2,2016-07-29,2016-06-30,31649000.0,2195869000.0,25662000.0,0.21,1789489000.0,0.8149343152984081,16728542000.0,4202304000.0,4163977000.0,7446755000.0,12461620000.0,0.0,-292197000.0,15897377600.0,16836200600.0,28.09928319246817,0.5591666437260256,0.19110135240716136,0.760736729184752,-0.001708379838930701,28.09928319246817,0.007531344709949589,7.239674862207171,125.5756706373029,3.783014651010493,1.1303042750165881,0.0,0.0022502453486416525,0.13126481674254695,0.5270830046107331,0.0018919162231831083,38.35952812410269,0.8149343152984081,1.2592592592592593,-0.7937966525901956,0.9621983142890496,0.3346421685535535,0.1921025634193136,1.2597139363701266,1.2507156465243516,-0.5964289055199642,0.6614197004882311,0.7197946330001327,Travel Services,Consumer Cyclical,EXPE
2016Q1,2016,Q1,2016-04-29,2016-03-31,-121861000.0,1903961000.0,-102355000.0,-0.81,1501120000.0,0.7884195106937589,16390044000.0,4631700000.0,3796132000.0,6957960000.0,11692835000.0,0.0,85932000.0,16286426639.999998,17461175640.0,30.662950507110136,0.545581176091843,0.19581954752531475,0.6929401731545652,-0.009301163079582222,30.662950507110136,-0.026310210074054884,8.553970716837162,-33.41189273024183,3.5162956668177987,-0.2968464069718778,0.0,0.002221113372478863,0.11616570400909235,0.513540319288987,-0.007435062407398052,17.48061484299951,0.7884195106937589,-8.000000000000002,-3.1227943521529546,1.0992533409035172,0.5532899284923464,0.1037046513645581,-8.719333226989951,-4.472368287139125,-0.04991265381879898,0.6888246961133728,0.9263419145877512,Travel Services,Consumer Cyclical,EXPE
2015Q4,2015,Q4,2016-02-11,2015-12-31,-12538000.0,1698567000.0,29477000.0,-0.09,1360074000.0,0.8007184879960578,15503812000.0,4864394000.0,2978761000.0,5926017000.0,10574045000.0,0.0,222772000.0,16672110400.0,18230827400.0,36.26680484313491,0.5026581935218883,0.20648321844975934,0.6581039693741914,0.00793755151717626,36.26680484313491,-0.002577505029403457,9.81539756747894,-332.4316158877014,3.427376647533074,-2.5007178178337854,0.0,0.0018806257424974825,0.1095580235364051,0.4735472409208411,-0.0008087043367140933,-49.75516633192373,0.8007184879960578,-1.042452830188679,-1.1843615764643038,1.202731347200535,0.9080639128789244,-0.15506927744337876,-1.0442700977345913,-0.9145589249792753,-2.8746380585668434,0.7542971308963636,1.1478643113988354,Travel Services,Consumer Cyclical,EXPE
2015Q3,2015,Q3,2015-10-30,2015-09-30,283216000.0,1937753000.0,344998000.0,2.12,1609687000.0,0.8306977205041096,12403273000.0,2441048000.0,3173472000.0,5941246000.0,9897075000.0,0.0,381931000.0,15297105520.0,16352669520.0,18.778881289955304,0.5341425014214191,0.19957836935460502,1.014082885711383,0.05664756696716276,18.778881289955304,0.11602229861928155,7.894249432203176,13.50303789333936,6.266613978913975,0.11009971188068471,0.0,0.0020384248483630778,0.1562291662853829,0.4655730464619711,0.02283397293601455,-55.18097923287533,0.8306977205041096,-0.37278106508875736,0.7352096195822369,1.121802228488806,-0.02562156706492842,0.19989966590086752,-0.3701328161834696,2.829396616791724,0.7275953025077849,0.6904490950238402,0.07958199406311976,Travel Services,Consumer Cyclical,EXPE
2015Q2,2015,Q2,2015-07-31,2015-06-30,449644000.0,1662600000.0,90092000.0,3.38,1341518000.0,0.8068795861903043,11831926000.0,2111106000.0,4990392000.0,5968228000.0,9657017000.0,0.0,160736000.0,14093793450.0,13575184450.0,16.379510734209035,0.8361597445673993,0.20897155712434307,1.17120409870466,0.015033427904974798,16.379510734209035,0.21298977881735925,8.476959852038975,7.836084463486668,6.676023586688683,0.051365079929900095,0.0,0.00163873552439496,0.14051812021136711,0.7674765441266654,0.03800260414069527,57.55152701212789,0.8068795861903043,8.941176470588236,3.3369134946285377,1.1971329343678654,-0.1071872032330872,0.2758390800006467,9.186077067711755,2.7664751671535854,3.394142247258363,0.6441940189758536,-0.02835740364973621,Travel Services,Consumer Cyclical,EXPE
2015Q1,2015,Q1,2015-05-01,2015-03-31,44143000.0,1373397000.0,-51001000.0,0.34,1051479000.0,0.7656045557111308,10135088000.0,1663541000.0,3485928000.0,5382649000.0,8306092000.0,0.0,-239480000.0,12007505190.0,12314026190.0,13.040936635231219,0.6476231312872156,0.17235785224558484,1.050086532282643,-0.015384496534056045,13.040936635231219,0.026535564798222586,8.742923706692238,68.00345009401263,7.2180398258894725,0.5186552794327527,0.0,0.001906724139421338,0.1355091342078135,0.5723100280178032,0.0043554629224728985,12.660615712125717,0.7656045557111308,-0.31999999999999995,-0.1592699421378064,1.1640398982073172,-0.2587798092335633,-0.01889104014555973,-0.3308523700526005,-1.5385192068084388,15.04887783089976,0.7564359178552489,-0.15216471677336013,Travel Services,Consumer Cyclical,EXPE
2014Q4,2014,Q4,2015-02-06,2014-12-31,65969000.0,1355978000.0,94706000.0,0.5,1071725000.0,0.7903704927366079,9020538000.0,1784267000.0,2924489000.0,4186615000.0,7126809000.0,0.0,-110496000.0,10899020880.0,11598887880.0,13.974193902085634,0.6985330631070686,0.1936455453100469,0.9789941751991154,0.017153651237495772,13.974193902085634,0.03697260555735212,8.037756423776788,41.303570161742634,6.1084024308021165,0.34743591687004505,0.0,0.00210294119557646,0.15032118926831192,0.6100334040746522,0.007313200166109826,-37.77142726440988,0.7903704927366079,-0.7422680412371134,-0.2711303504361329,1.1956775287937658,-0.24878864643188078,-0.24141560423444008,-0.7433701990593599,-0.6809484024848738,0.0004125443072198852,2.127786245132268,-0.13496933046296808,Travel Services,Consumer Cyclical,EXPE
2014Q3,2014,Q3,2014-10-31,2014-09-30,257059000.0,1712504000.0,296836000.0,1.94,1412796000.0,0.8249884379832105,9424988000.0,1884788000.0,3836818000.0,4541707000.0,7423109000.0,0.0,767000.0,11207561820.0,11097566820.0,14.735151785225664,0.8447964608901455,0.18532776911758403,0.9267418935179977,0.07075577795784549,14.735151785225664,0.13638616120221478,6.544546360183684,10.899795202657756,5.946324902323233,0.0892557739662879,0.0,0.0020471892431640406,0.18169826847524898,0.7829148820036167,0.027274199182004265,577.8583047177108,0.8249884379832105,1.8955223880597014,1.47680323008436,1.2650114668805554,-0.17307982583595827,0.18311642524982602,1.8762489789981314,1.2971366661507506,0.30608363822688256,0.598090747082406,-0.3075514211650962,Travel Services,Consumer Cyclical,EXPE
2014Q2,2014,Q2,2014-08-01,2014-06-30,89373000.0,1494632000.0,129220000.0,0.67,1194131000.0,0.7989464965289115,9234829000.0,1875666000.0,3640965000.0,4857877000.0,7243954000.0,0.0,-108344000.0,10202412880.0,10956021880.0,14.479658478593153,0.7494971568856107,0.13529736175948684,0.6661356552819105,0.03330019922871244,14.479658478593153,0.04764867519057231,6.826036696658441,28.5388564779072,5.439354810504643,0.21517684311816768,0.0,0.0018849462598890625,0.16184728488204816,0.6947341400368927,0.009677818614724755,24.820973335928375,0.7989464965289115,7.090909090909091,1.4305157836821756,1.159787767079159,-0.13949445899102678,0.3183862690891105,7.248112416107382,44.10206804536357,-0.32774027598030336,0.5419339996622013,-0.3122542429493576,Travel Services,Consumer Cyclical,EXPE
2014Q1,2014,Q1,2014-05-02,2014-03-31,-14304000.0,1200371000.0,-2998000.0,-0.11,905752000.0,0.7545600485183331,8888377000.0,1995161000.0,3314954000.0,4449255000.0,6782443000.0,0.0,-195230000.0,9465527500.0,9918290500.0,15.281681079052383,0.7450582176117125,0.14056897001556076,0.6262301638815113,-0.0009391266758991879,15.281681079052383,-0.007169346233211255,7.885501649073495,-165.4349744826622,4.744242444594697,-1.3703859060402686,0.0,0.0020708830015020293,0.1350495146639257,0.6968117134216852,-0.0016092926751419298,10.556087450609967,0.7545600485183331,-1.157142857142857,-1.3996713349771253,1.0778797355612977,-0.06014882146073499,0.00250695361416379,-1.1510182966099012,-1.0216132822919595,-1.2882838757651411,0.531235412582074,-0.22587745412757973,Travel Services,Consumer Cyclical,EXPE
2013Q4,2013,Q4,2014-02-07,2013-12-31,94717000.0,1152015000.0,138711000.0,0.7,903487000.0,0.7842666979162598,7739481000.0,2145464000.0,2219287000.0,3294381000.0,5480496000.0,0.0,-191021000.0,9146775960.0,9700664960.0,16.339420894703974,0.6736582684273617,0.16143356382682508,0.5823504845571867,0.031879265742277084,16.339420894703974,0.044147559688720014,7.939806304605408,24.142381937772523,4.263308990502754,0.20777685104046792,0.0,0.0021515777893831786,0.1488491282554993,0.6148572372169461,0.01223815912203932,-32.05121578246548,0.7842666979162598,-0.42622950819672134,1.0374623850529,1.0256875993673342,0.005862226403342153,-0.19728717364611895,-0.4456423132524479,-0.4188679087188038,0.4226725726110531,0.5260608859761867,-0.14035274126372144,Travel Services,Consumer Cyclical,EXPE
2013Q3,2013,Q3,2013-10-31,2013-09-30,170859000.0,1401860000.0,238691000.0,1.22,1125542000.0,0.8028918722268985,8201610000.0,2195596000.0,2705806000.0,3721419000.0,5896304000.0,0.0,-294746000.0,7065847800.0,7338665800.0,16.09910544068045,0.7270898547032731,0.15233533416000028,0.569045944700209,0.05446861831220295,16.09910544068045,0.07781896122966156,5.0403376942062685,10.338711744772006,3.2181912337242373,0.11974200949320785,0.0,0.00289547702966373,0.17092497692526223,0.6738171649040325,0.020832373156002296,-23.4147569829903,0.8028918722268985,1.392156862745098,0.8937699164913169,0.7680380351509032,-0.5483784238024141,0.1943230653324986,1.3896363636363636,1.5315635407165433,-0.002235750713029709,0.46307653094518475,-0.16466689954862387,Travel Services,Consumer Cyclical,EXPE
2013Q2,2013,Q2,2013-07-26,2013-06-30,71500000.0,1205017000.0,94286000.0,0.51,942410000.0,0.7820719541716009,8744096000.0,2227804000.0,3263710000.0,4210912000.0,6405883000.0,0.0,-491408000.0,8468760610.0,9364738610.0,16.338743390220827,0.7750601294921385,0.1428824660662463,0.5608114537903693,0.019545105714135678,16.338743390220827,0.032094385322945826,7.027917954684456,29.61105108391608,3.8013939332185416,0.24668531468531468,0.0,0.002082713257849427,0.13780921435446272,0.7017741049919828,0.008176945907272748,34.170962979401615,0.7820719541716009,1.6623376623376622,-0.2196511072767909,0.5894844179400863,-0.5336700845588395,0.2371059588913422,1.6860092491316945,1.8926231680993675,-0.3481183043789629,0.5052634603023599,-0.10940934570080163,Travel Services,Consumer Cyclical,EXPE
2013Q1,2013,Q1,2013-04-26,2013-03-31,-104226000.0,1012367000.0,-105628000.0,-0.77,761786000.0,0.7524800788646805,8432420000.0,2159094000.0,2980871000.0,3984307000.0,6162189000.0,0.0,-565076000.0,8206280500.0,9379181500.0,15.917709247204016,0.7481529410258798,0.1481616190844384,0.5786505821423246,-0.027897256464815383,15.917709247204016,-0.048273025630194887,8.10603318756933,-19.683861272619115,3.800798158857373,-0.17253852205783585,0.0,0.002191370377846577,0.12005651995512558,0.6819072927864244,-0.012360152838686878,10.336238070466903,0.7524800788646805,-16.4,-3.1350598221721935,0.5469176997033518,-0.5356114858114311,0.016084521432468087,-16.477576477576477,-70.95231788079471,-2.8668290132634153,0.5001714312681094,-0.0952699323066649,Travel Services,Consumer Cyclical,EXPE
2012Q4,2012,Q4,2013-02-06,2012-12-31,6734000.0,974859000.0,1510000.0,0.05,749727000.0,0.769061987425874,7085195000.0,2280259000.0,2614502000.0,2982311000.0,4695807000.0,0.0,-442046000.0,8297226240.0,8898392240.0,16.88505398160627,0.8766698040546409,0.176331773507998,0.547896094259468,-0.00019003958030700248,16.88505398160627,0.0029531733018047512,8.511206482168191,308.0348321948322,3.63872096985474,13.061033561033561,0.0,0.010600289476980683,0.13759099079136142,0.8046357338319176,0.0009504325569021036,-30.12320603536848,0.769061987425874,-0.9586776859504131,-0.8885432464131228,0.5850696948069104,-0.48804066319558703,-0.2152635528848519,-0.9607294272701296,-0.9933506539257563,-0.9296548061599268,0.4924818979797288,-0.09230941366141374,Travel Services,Consumer Cyclical,EXPE
2012Q3,2012,Q3,2012-10-26,2012-09-30,171477000.0,1199020000.0,227090000.0,1.21,955387000.0,0.7968065586895965,7507565000.0,2365107000.0,3091410000.0,3298579000.0,5035256000.0,0.0,-448802000.0,7741392467.2,8718316467.2,17.394585490703694,0.9371944707099633,0.1664092152382297,0.5282331835303857,0.051713443687518366,17.394585490703694,0.07250285082239408,6.456433143066838,11.286342289636512,3.273167965423975,0.10532607871609603,0.0,0.0023330428054802546,0.15970824095429076,0.8862576885380038,0.022840561486980132,-1200.2158863875968,0.7968065586895965,0.5921052631578947,0.8498594941647705,0.6959543576906932,-0.47522375584600496,0.1791422037201369,0.6293744833287407,0.4703996995616449,0.5543032437969104,0.49188869346500436,-0.02383539218739534,Travel Services,Consumer Cyclical,EXPE
2012Q2,2012,Q2,2012-07-27,2012-06-30,105241000.0,1039980000.0,154441000.0,0.76,810239000.0,0.7790909440566165,7505096000.0,2234569000.0,3086511000.0,3450185000.0,5163118000.0,0.0,-620279000.0,6371966920.0,7328039920.0,16.857546999004196,0.894592898641667,0.16646182806988744,0.559084100781851,0.03487831357462289,16.857546999004196,0.04709677794688819,6.127009096328775,15.13660769091894,2.851541805153477,0.11597191208749441,0.0,0.0019154211177229402,0.1385698464083604,0.842363235594613,0.014022605440356791,13.30906328521688,0.7790909440566165,39.0,0.2513025325101654,0.7230098877324173,-0.5300925593555156,0.3144908256136537,33.07589149649497,2.1723805024341147,1.796886693268019,0.4685866814678913,0.0018200789685825444,Travel Services,Consumer Cyclical,EXPE
2012Q1,2012,Q1,2012-04-27,2012-03-31,-3281000.0,816488000.0,48683000.0,-0.02,616390000.0,0.7549284251575038,6818183000.0,2048840000.0,2584642000.0,3002189000.0,4662684000.0,0.0,-725520000.0,4454274880.0,5156241880.0,15.381450728968034,0.8609191493273741,0.18323004824012498,0.6097577165615665,0.011877607103365792,15.381450728968034,-0.0016013939595087951,5.455407648367153,-339.399183175861,2.1740472072001715,-3.719597683633039,0.0,0.0027398398906176174,0.11975155257639755,0.8034943835981012,-0.00048121324992303667,5.588787581461527,0.7549284251575038,-1.0387259697417814,-1.1090169387067104,0.713764665638557,-0.5530953535840527,1.146548541897379,-1.0466528267546353,1.3358513735391917,-1.0898561484646776,0.3853221827910035,-0.05401280654388079,Travel Services,Consumer Cyclical,EXPE
2011Q4,2011,Q4,2012-02-10,2011-12-31,70328000.0,462363000.0,-144954000.0,0.5164493009047115,287154000.0,0.621057480810532,6505258000.0,2199864000.0,2274429000.0,2553357000.0,4200091000.0,0.0,-722239000.0,3951827520.0,5160793520.0,16.15456468100106,0.8907602814647541,0.19204172993599947,0.5678901059338214,-0.023223617206141953,16.15456468100106,0.0319692490081205,8.547023702156098,14.04784552383119,1.796396286315881,0.26757479240131954,0.0,0.004761847500874735,0.07107527480078422,0.656931247765197,0.010810947083113384,-17.22980258109522,0.621057480810532,-0.6557004660635256,0.2705814313194787,0.05562250432166482,-0.5480569354273902,-0.6916162455780867,-0.6643599606746399,-1.5009590361945444,1.0268212957344571,-0.21606255909189823,-0.005517606693433866,Travel Services,Consumer Cyclical,EXPE
2011Q3,2011,Q3,2011-11-07,2011-09-30,209534000.0,1140835000.0,289353000.0,1.5,931158000.0,0.8162074270161768,7676683000.0,2897795000.0,2598173000.0,2616269000.0,4638663000.0,0.0,-792567000.0,7013064000.0,7757381000.0,21.27977764070027,0.99308328004498,0.21433918790185813,0.5678158737936949,0.0494148782617387,21.27977764070027,0.07230808252481628,6.147307892903005,8.367453492034706,2.4201380704984308,0.09138373724550669,0.0,0.00273033298997414,0.14861040894876082,0.9314726429124834,0.027294861595822048,-118.55203191561296,0.8162074270161768,0.5,3.309505113257092,1.2539852302495182,-0.3933882920782944,0.12855324873650148,0.4924818188941044,0.27485691878626595,1.325915697619092,0.4409864900700888,-0.4030471596923086,Travel Services,Consumer Cyclical,EXPE
2011Q2,2011,Q2,2011-07-29,2011-06-30,140393000.0,1023634000.0,226969000.0,1.0,825090000.0,0.806040049470807,8045277000.0,2880075000.0,2954000000.0,2998119000.0,5031429000.0,0.0,-1002101000.0,7931432080.0,9049263080.0,21.05379543261499,0.9852844400105533,0.20449724726693685,0.5712479709729781,0.03599062590529231,21.05379543261499,0.04874630000954836,7.74830855559702,14.123624539685027,2.7538977561348226,0.13698688681059598,0.0,0.0024247827890370084,0.1272341524101656,0.9206098890671117,0.017450362492180193,18.32840061006609,0.806040049470807,1.631578947368421,0.8595772479895456,1.1632230533075285,-0.374960384529843,0.2805295382060574,1.69784200311305,1.096885653310668,0.5272606418299862,0.3458378321671082,-0.39909609880505353,Travel Services,Consumer Cyclical,EXPE
2011Q1,2011,Q1,2011-04-29,2011-03-31,52039000.0,822177000.0,108241000.0,0.38,644335000.0,0.7836937788335115,7457588000.0,2703087000.0,2427450000.0,2652880000.0,4688489000.0,0.0,-1142494000.0,6205667600.0,7766225600.0,19.740648506536186,0.9150244262838877,0.2205892843637916,0.6085871449938534,0.017519288005013327,19.740648506536186,0.019251692601828945,7.5478486992460265,29.812580948903708,2.295770576381744,0.3718749399488845,0.0,0.0031184396663462926,0.11024703965947166,0.8503501854588221,0.006977993420929126,9.1527535688949,0.7836937788335115,-0.2505456356164,1.8157146170084262,1.1018201636237568,-0.41686709507115777,0.019240016957410323,-0.27006859018416957,-0.2747525913418695,0.055979031452211024,0.2444771496657494,-0.4240797914637501,Travel Services,Consumer Cyclical,EXPE
2010Q4,2010,Q4,2011-02-11,2010-12-31,71293000.0,808370000.0,149247000.0,0.5070355422008073,632172000.0,0.7820329799473014,6650994000.0,2672544000.0,1701627000.0,1889420000.0,3914291000.0,0.0,-1194533000.0,7055684350.0,8501873350.0,19.007122664153762,0.9006081231277323,0.24731551404196125,0.6154787348683501,0.021648242099678652,19.007122664153762,0.026676080917657483,8.728285747862984,24.741855266295428,2.640062932546667,0.27002651031658087,0.0,0.002728438383159814,0.1215412312806176,0.82481766891427,0.010719149648909621,-34.91202009906036,0.7820329799473014,-0.5911003691928973,2.37979154545913,0.9545842119661574,-0.442410932547674,-0.20763273240940705,-0.5961880487114132,-0.4608206528807387,0.13332222562504442,0.2623796457995321,-0.42369897518239424,Travel Services,Consumer Cyclical,EXPE
2010Q3,2010,Q3,2010-10-29,2010-09-30,176550000.0,987860000.0,276804000.0,1.24,797827000.0,0.8076316482092604,7132741000.0,2709883000.0,2208322000.0,2380223000.0,4360887000.0,0.0,-1265826000.0,7938699450.0,9236017450.0,19.272677488754155,0.9277794559585384,0.23058849325946365,0.6069369046560312,0.04742600587742589,19.272677488754155,0.06515041424297655,8.036259642054542,11.241432242990655,2.9295358692607762,0.11160011328235628,0.0,0.0024818926732388135,0.13849654711982393,0.8244693879523053,0.02475205534590419,-221.6770761197364,0.8076316482092604,0.5499999999999999,1.5745282596139463,1.0212793625484464,-0.4364700567993581,0.19903845720323,0.5451331151213877,0.4291083690433166,0.8417420790854634,0.3511742379504696,-0.4185637069221992,Travel Services,Consumer Cyclical,EXPE
2010Q2,2010,Q2,2010-07-30,2010-06-30,114262000.0,833960000.0,193690000.0,0.8,665389000.0,0.7978668041632693,6622894000.0,2605934000.0,1815691000.0,2587222000.0,3956340000.0,0.0,-1442376000.0,5335172640.0,5765978640.0,18.3459632226634,0.7017917287345269,0.13519376876634293,0.3435904362888699,0.036356464289443065,18.3459632226634,0.04384685107143926,6.397396325962876,11.673112320806569,2.047316869882353,0.17417864206822917,0.0,0.003730338518155244,0.12592078327087827,0.5866620645619124,0.0172525787065292,19.734098160553053,0.7978668041632693,1.0,0.8378407446662598,0.7747540293677633,0.0,0.1884302067016855,0.923764626652075,0.7266924599283257,0.2678143866633071,0.2893905997822412,-0.48860266415814546,Travel Services,Consumer Cyclical,EXPE
2010Q1,2010,Q1,2010-04-30,2010-03-31,59395000.0,717919000.0,112174000.0,0.4,559889000.0,0.7798776742223008,6420471000.0,2538814000.0,1713378000.0,2444635000.0,3813604000.0,0.0,-1556638000.0,7200619900.0,7144889900.0,17.593876688311237,0.700872727421476,0.13943338424860108,0.3526166154747847,0.021484840562929867,17.593876688311237,0.023394781972999993,10.02985002486353,30.308190504251197,2.836214035372422,0.340432696354912,0.0,0.0028080915644498883,0.11181718599772508,0.5811227442951606,0.009250878946419974,12.207502729498247,0.7798776742223008,-0.43570911509792026,0.4377762521312793,0.7208280777676743,0.0,0.014332092945733345,-0.41898342887328077,-0.20359812851878936,0.8217091670110164,0.39097149547581045,-0.4888138070313841,Travel Services,Consumer Cyclical,EXPE
2009Q4,2009,Q4,2010-02-11,2009-12-31,102226000.0,697518000.0,140851000.0,0.7088542641786801,551978000.0,0.7913458864144007,5937156000.0,2682681000.0,1225049000.0,1835057000.0,3187430000.0,0.0,-1616033000.0,7421200980.0,7719591980.0,18.60221339268998,0.6675808980320502,0.15076006087763233,0.33365353539984816,0.03518067678655343,18.60221339268998,0.038105909722400834,10.639440100470525,18.14900558566314,2.7663374735945125,0.0,0.0,0.0,0.11748352241376174,0.5428768697648084,0.01721800808333148,-42.794951820221094,0.7913458864144007,-0.11393216977664988,1.6954777856132632,0.8484247780808423,-0.6171917867363279,-0.19182362311710827,-0.12637804023450186,-0.36830751567447323,0.7439409134629476,0.5037552216892535,-0.4795810661234739,Travel Services,Consumer Cyclical,EXPE
2009Q3,2009,Q3,2009-10-29,2009-09-30,117014000.0,852428000.0,222974000.0,0.8,682992000.0,0.8012313063390691,6147193000.0,2569777000.0,1455981000.0,2177639000.0,3511045000.0,0.0,-1718259000.0,6907802700.0,7013003700.0,17.819315873048893,0.6686053106139264,0.14558628629359774,0.34825862321905754,0.03825423555409132,17.819315873048893,0.04553469036418335,8.103678785774282,14.758496205582237,2.688094219848648,0.0,0.0,0.0,0.13866947076494915,0.5764715822962392,0.01903535483593894,-153.17314958534746,0.8012313063390691,1.857142857142857,1.34331887099953,0.9684095843851329,0.0,0.09981546072018628,1.8608381008263655,0.9449590900368102,1.2725156560331463,0.5903111278650827,-0.4920339009994076,Travel Services,Consumer Cyclical,EXPE
2009Q2,2009,Q2,2009-07-30,2009-06-30,40902000.0,769768000.0,114642000.0,0.28,621006000.0,0.806744369732179,6206065000.0,2424591000.0,1516966000.0,2392649000.0,3715999000.0,0.0,-1835273000.0,4354399800.0,4434777800.0,16.82692067457839,0.634011089800468,0.14418331100302686,0.3690564717925621,0.018969681880575694,16.82692067457839,0.016869649355293326,5.656769052493738,26.614834237934573,1.7959316849728468,0.0,0.0,0.0,0.12403479499489613,0.5356289200797945,0.006590649630643572,13.444484994442385,0.806744369732179,0.0,-0.35145569403333254,0.6148859482541381,0.0,0.2616969965400173,0.03854357099329677,0.23341258997062841,-0.48565695564714356,0.5443865483407493,-0.5004467454978504,Travel Services,Consumer Cyclical,EXPE
2009Q1,2009,Q1,2009-04-30,2009-03-31,39384000.0,635712000.0,92947000.0,0.28,492199000.0,0.7742484017920065,5748771000.0,2336061000.0,1090503000.0,2040563000.0,3348210000.0,0.0,-1876175000.0,2609083520.0,3118501520.0,16.25968177515452,0.5344128066616909,0.1556294380137946,0.3829857182667747,0.017063614606695702,16.25968177515452,0.016859148797912383,4.104191080237592,16.561824091001423,1.1168730268601719,0.0,0.0,0.0,0.1105822444484221,0.4356047816215427,0.006850855600266562,5.4512858271105555,0.7742484017920065,1.0145415296186715,-0.04245664790952723,0.530451773870182,0.0,0.017181768395383202,1.01426965828038,1.032171855519304,1.0309815886250822,0.5488776421174174,-0.519693820411977,Travel Services,Consumer Cyclical,EXPE
2008Q4,2008,Q4,2009-02-19,2008-12-31,-2759982000.0,620811000.0,-2889078000.0,-19.255195797316812,483885000.0,0.7794401194566463,5894249000.0,2328394000.0,1198714000.0,1566168000.0,3512918000.0,0.0,-1915559000.0,2362193760.0,3334091760.0,16.24419375318306,0.7653802146385318,0.26204322213058867,0.6633533671706764,-0.7055335055922259,16.24419375318306,-1.1853586635251594,3.8050127333439647,-0.21396822153187958,1.014516340447536,0.0,0.0,0.0,0.1053248683589716,0.6547471280220257,-0.46824998400983736,-8.211071036275914,0.7794401194566463,-30.174539086843655,-74.21949680226297,0.655205293108666,-0.665716619022953,-0.26274804368494187,-30.106365477094407,-15.47535398274428,-129.35105736267639,0.47249482850156066,-0.5234636506327033,Travel Services,Consumer Cyclical,EXPE
2008Q3,2008,Q3,2008-10-30,2008-09-30,94824000.0,833337000.0,199586000.0,0.66,656336000.0,0.7875997345611679,8989229000.0,5109582000.0,1285790000.0,2050899000.0,3821790000.0,0.0,844423000.0,4331644140.0,4816394140.0,35.647334603068295,0.6269396981518837,0.12731025096813087,0.22397546413777095,0.018419118451204464,35.647334603068295,0.018558073830696915,5.197950097019573,11.420220988357377,0.8477492170592428,0.0,0.0,0.0,0.09270394602251206,0.4929184713630462,0.010548624359219239,-28.539717346616065,0.7875997345611679,0.0,0.9105479270630881,0.9360854890637543,0.0,0.048168719876583825,-0.013164878393988905,0.17031095161867235,0.35643313047294223,0.6726373183346528,0.04232224380048631,Travel Services,Consumer Cyclical,EXPE
2008Q2,2008,Q2,2008-07-31,2008-06-30,96089000.0,795048000.0,170541000.0,0.66,626174000.0,0.7875926988056067,9121482000.0,5010028000.0,1683359000.0,2579271000.0,4052139000.0,0.0,749599000.0,5256422680.0,5123165680.0,35.03687593098963,0.6526491400089405,0.09804283996832971,0.17850119799729663,0.017066223302097446,35.03687593098963,0.019179333927874256,6.611453245590203,13.675922009803411,1.0491802999903392,0.0,0.0,0.0,0.08716215193978347,0.5528899444843136,0.010534362727460297,19.487719868016164,0.7875926988056067,0.9411764705882353,0.5352808879289621,0.6807163135916777,0.0,0.1685097616230681,0.8728608739718552,0.8949421098246628,0.5352808879289621,0.6807163135916777,0.0,Travel Services,Consumer Cyclical,EXPE
2008Q1,2008,Q1,2008-05-02,2008-03-31,51306000.0,687817000.0,89998000.0,0.34,535874000.0,0.7790938578139244,8630773000.0,4886436000.0,1298540000.0,2368397000.0,3684365000.0,0.0,653510000.0,6241211130.0,6283343130.0,34.27670745693873,0.5482780125122604,0.0857397130013731,0.15143961775003295,0.010110072106062757,34.27670745693873,0.010499677065247555,9.073941368125533,30.41170199391884,1.277252199762772,0.0,0.0,0.0,0.07969355699657493,0.4500081700829717,0.00594454285844385,11.762753476783436,0.7790938578139244,-0.2400344263047569,0.2571462373963098,0.6688264158372069,0.0,0.032715485509676276,-0.21498844806218156,-0.2987423833938506,0.2571462373963098,0.6688264158372069,0.0,Travel Services,Consumer Cyclical,EXPE
2007Q4,2007,Q4,2008-02-22,2007-12-31,65357000.0,665302000.0,128338000.0,0.44738868676220434,518898000.0,0.7799435444354594,8295422000.0,4818081000.0,1045655000.0,1774352000.0,3415406000.0,0.0,602204000.0,9238447020.0,9706061020.0,32.9812404379627,0.5893165504927996,0.13079503369448836,0.2251933913107729,0.0122287634697771,32.9812404379627,0.013564944217417682,13.886095367216692,35.3383991768288,1.9174536542660867,0.0,0.0,0.0,0.08020110369309723,0.5020362363274029,0.007878682965134264,-32.722738050119546,0.7799435444354594,-0.30095517693405577,0.701233000410132,0.7404537668603386,-0.3212909960361251,-0.14731087203369359,-0.34377227772478536,-0.2861068464499477,0.701233000410132,0.7404537668603386,-0.3212909960361251,Travel Services,Consumer Cyclical,EXPE
2007Q3,2007,Q3,2007-11-08,2007-09-30,99595000.0,759596000.0,179772000.0,0.64,608543000.0,0.8011403430244498,8462126000.0,4842248000.0,1318720000.0,2090838000.0,3557288000.0,0.0,536847000.0,9770198240.0,9933667240.0,33.14667095639198,0.6307136181760614,0.11817361263587897,0.20651565140818892,0.018535128792605687,33.14667095639198,0.020567926301998576,12.862361360512693,24.52482112555851,2.0176988539207406,0.0,0.0,0.0,0.08976420346376313,0.552138424880359,0.011769500950470366,405.45288791135823,0.8011403430244498,0.06666666666666674,0.9689214958942516,0.7315607520541019,0.0,0.11398246677052118,0.03598027793958559,0.17020016273393002,0.9689214958942516,0.7315607520541019,0.0,Travel Services,Consumer Cyclical,EXPE
2007Q2,2007,Q2,2007-08-03,2007-06-30,96136000.0,689923000.0,153625000.0,0.6,546277000.0,0.7917941567392304,8675587000.0,5435567000.0,1526384000.0,2216739000.0,3177365000.0,0.0,437252000.0,8875895150.0,8364491150.0,35.874186150114674,0.6885718165286937,0.057632987831255686,0.09198672374013603,0.015530623222748067,35.874186150114674,0.017686471346963436,12.865051824623908,23.081611337064157,1.6329290302189265,0.0,0.0,0.0,0.07952464772700683,0.5976071156775786,0.011081209836291192,24.390022807523735,0.7917941567392304,1.7272727272727273,0.44961341660049675,0.37642854668514936,0.0,0.27274103999645866,1.7644352426961123,1.2815368164671637,0.44961341660049675,0.37642854668514936,0.0,Travel Services,Consumer Cyclical,EXPE
2007Q1,2007,Q1,2007-05-09,2007-03-31,34776000.0,550511000.0,67334000.0,0.22,429213000.0,0.7796628950193547,8258753000.0,5297373000.0,1114657000.0,1928712000.0,2899119000.0,0.0,341116000.0,7135453040.0,6997731040.0,34.417746273893215,0.5779281717539996,0.060541827561618564,0.09438640624324547,0.0068806889942326435,34.417746273893215,0.006564763327030209,12.961508562045081,51.295814929836666,1.3469795387260817,0.0,0.0,0.0,0.0666578840655484,0.4809676094720207,0.004210805190565694,13.729312173384335,0.7796628950193547,-0.45875052129877864,-0.21075423115407496,0.23714115160859545,0.0,0.048121277536159336,-0.48203753351206435,-0.3235483222824995,-0.21075423115407496,0.23714115160859545,0.0,Travel Services,Consumer Cyclical,EXPE
