Quarters,Year,Quarter,FillingDate,Date,NetIncome,Revenue,OperatingIncome,EPSDiluted,GrossProfit,GrossProfitRatio,TotalAssets,CommonStockEquity,CurrentAssets,CurrentLiability,TotalLiability,Inventory,RetainedEarnings,MarketCap,EnterpriseValue,bookValuePerShare,currentRatio,debtToAssets,debtToEquity,roic,shareholdersEquityPerShare,roe,priceToSalesRatio,peRatio,pbRatio,payoutRatio,inventoryTurnover,dividendYield,assetTurnover,quickRatio,returnOnAssets,priceToFreeCashFlowsRatio,grossProfitMargin,epsdilutedGrowth,fiveYNetIncomeGrowthPerShare,fiveYRevenueGrowthPerShare,fiveYShareholdersEquityGrowthPerShare,grossProfitGrowth,netIncomeGrowth,operatingIncomeGrowth,threeYNetIncomeGrowthPerShare,threeYRevenueGrowthPerShare,threeYShareholdersEquityGrowthPerShare,Industry,Sector,Symbol
2023Q1,2023,Q1,2023-05-02,2023-03-31,148000000.0,1603000000.0,285000000.0,0.35,439000000.0,0.2738615097,10174000000.0,3761000000.0,3057000000.0,1403000000.0,6413000000.0,1662000000.0,1159000000.0,17463430287.34,20914430287.34,9.124986751057858,2.178902352102637,0.7839591114605858,2.1207125764424357,0.01618088216113366,9.124986751057858,0.039351236373304975,10.894217272202122,29.499037647533783,4.643294413012496,0.11486486486486487,0.7003610108303249,0.0009734628145951394,0.1575584824061333,0.8610121168923734,0.014546884214664832,-425.93732408146343,0.27386150966936995,0.34615384615384603,0.21142592700561208,-0.4553525402628772,-0.16434165699591186,0.08933002481389578,0.3333333333333333,0.29545454545454547,-0.27346448231877724,-0.47277329493223236,-0.17007939488701254,Specialty Industrial Machinery,Industrials,HWM
2022Q4,2022,Q4,2023-02-14,2022-12-31,111000000.0,1513000000.0,220000000.0,0.26,403000000.0,0.2663582287,10255000000.0,3601000000.0,3143000000.0,1482000000.0,6654000000.0,1609000000.0,1028000000.0,16302226626.279999,19673226626.28,8.705277705514492,2.120782726045884,0.4089712335446124,1.1646764787559012,0.020859671302149177,8.705277705514492,0.030824770896973063,10.774769746384665,36.71672663576576,4.527138746537072,0.15315315315315314,0.689869484151647,0.0010428023355162513,0.14753778644563628,0.8960863697705803,0.010823988298391029,39.76152835678049,0.2663582286847323,0.368421052631579,1.1776639072959747,-0.4617686067458371,-0.14660072322410717,0.06896551724137931,0.3875,0.36645962732919257,-0.6241507278507468,-0.534540916245083,-0.1821867863358667,Specialty Industrial Machinery,Industrials,HWM
2022Q3,2022,Q3,2022-10-31,2022-09-30,80000000.0,1433000000.0,161000000.0,0.19,377000000.0,0.2630844382,9929000000.0,3273000000.0,2846000000.0,1381000000.0,6656000000.0,1612000000.0,917000000.0,12835950000.0,16664950000.0,7.886746987951807,2.060825488776249,0.43126195991539934,1.3082798655667582,0.016155250958277308,7.886746987951807,0.024442407577146347,8.957397069085834,40.11234375,3.921769019248396,0.1125,0.6550868486352357,0.0007011557383754222,0.14432470540839965,0.7624909485879797,0.008057206163762716,558.0847826086956,0.2630844382414515,-0.45714285714285713,-0.2847824902298269,-0.5288786453624138,-0.41457649161933546,-0.07142857142857142,-0.4557823129251701,-0.33195020746887965,-0.11528218135700692,-0.5769841941522763,-0.2677551774388867,Specialty Industrial Machinery,Industrials,HWM
2022Q2,2022,Q2,2022-08-04,2022-06-30,147000000.0,1393000000.0,241000000.0,0.35,406000000.0,0.2914572864,10052000000.0,3421000000.0,2837000000.0,1322000000.0,6631000000.0,1563000000.0,863000000.0,13114650000.0,16861650000.0,8.203836930455635,2.1459909228441756,0.42618384401114207,1.2522654194679919,0.02475894154424175,8.203836930455635,0.04296989184448992,9.414680545585068,22.303826530612245,3.8335720549546917,0.061224489795918366,0.6314779270633397,0.0006862554471526118,0.13857938718662952,0.8222390317700454,0.014623955431754874,115.04078947368421,0.2914572864321608,0.12903225806451607,-0.26691976472784046,-0.5483829242320956,-0.3698974770774322,0.0855614973262032,0.12213740458015267,0.04782608695652174,2.2964504429514236,-0.5972541933941332,-0.24789710876539808,Specialty Industrial Machinery,Industrials,HWM
2022Q1,2022,Q1,2022-05-03,2022-03-31,131000000.0,1324000000.0,230000000.0,0.31,374000000.0,0.2824773414,10129000000.0,3457000000.0,2782000000.0,1255000000.0,6672000000.0,1483000000.0,725000000.0,15058860000.0,18879860000.0,8.250596658711217,2.2167330677290837,0.42857142857142855,1.255713045993636,0.02228108629354536,8.250596658711217,0.037894127856523,11.373761329305136,28.73828244274809,4.3560485970494645,0.06870229007633588,0.6405933917734322,0.000597654802554775,0.1307137920821404,0.8358565737051793,0.012933162207522953,-2151.2657142857142,0.2824773413897281,0.7222222222222223,-0.572842505892468,-0.5644904241809775,-0.3378857201002369,0.07780979827089338,0.7012987012987013,0.6911764705882353,-0.21286289164422553,-0.5798709072488051,-0.2480903205477896,Specialty Industrial Machinery,Industrials,HWM
2021Q4,2021,Q4,2022-02-14,2021-12-31,77000000.0,1285000000.0,136000000.0,0.18,347000000.0,0.2700389105,10219000000.0,3508000000.0,2737000000.0,1253000000.0,6711000000.0,1402000000.0,603000000.0,13548778489.5,17174778489.5,8.241306778063699,2.184357541899441,0.42528623152950384,1.2388825541619157,0.016849449078364744,8.241306778063699,0.02194982896237172,10.543796489883269,43.989540550324676,3.8622515648517677,0.1038961038961039,0.6690442225392297,0.0005904591329912007,0.12574615911537332,0.9098164405426975,0.007534983853606028,55.9866879731405,0.27003891050583656,2.0,1.0630526346121667,-0.5538522210567072,-0.2935082405654201,-0.022535211267605635,1.8518518518518519,-0.33658536585365856,-0.5990105351905445,-0.5798328042631488,-0.2853896982989828,Specialty Industrial Machinery,Industrials,HWM
2021Q3,2021,Q3,2021-11-04,2021-09-30,27000000.0,1283000000.0,205000000.0,0.06,355000000.0,0.2766952455183164,10357000000.0,3579000000.0,2820000000.0,1208000000.0,6778000000.0,1420000000.0,534000000.0,13384800000.0,16946800000.0,8.342657342657343,2.334437086092715,0.41382639760548423,1.197541212629226,0.03059786063738633,8.342657342657343,0.0075440067057837385,10.432424006235387,123.93333333333332,3.7398155909471917,0.37037037037037035,0.6535211267605634,0.0007471161317315165,0.12387757072511345,0.984271523178808,0.002606932509413923,669.24,0.2766952455183164,-0.6470588235294118,-0.8339371471901591,-0.5825633894467547,-0.6896744020310899,0.05029585798816568,-0.6351351351351351,-0.00966183574879227,-0.8111178138817703,-0.5899433407834126,-0.24808455855485675,Specialty Industrial Machinery,Industrials,HWM
2021Q2,2021,Q2,2021-08-04,2021-06-30,74000000.0,1195000000.0,207000000.0,0.17,338000000.0,0.2828451882845188,10379000000.0,3598000000.0,2799000000.0,1227000000.0,6781000000.0,1456000000.0,517000000.0,14877031633.289999,18531031633.29,8.336546097171453,2.2811735941320292,0.42094614124674823,1.2142857142857142,0.017200413223140497,8.336546097171453,0.02056698165647582,12.449398856309623,50.260242004358105,4.1348059014146745,0.013513513513513514,0.5885989010989011,6.721771013528818e-05,0.11513633298005588,0.921760391198044,0.007129781289141536,303.61289047530613,0.2828451882845188,-0.055555555555555455,-0.44371537252893345,-0.6250036874811137,-0.7039799602301503,0.005952380952380952,-0.075,0.09523809523809523,-0.31003775804306566,-0.6257948672981885,-0.22643159734890542,Specialty Industrial Machinery,Industrials,HWM
2021Q1,2021,Q1,2021-05-06,2021-03-31,80000000.0,1209000000.0,189000000.0,0.18,336000000.0,0.27791563275434245,10971000000.0,3662000000.0,3328000000.0,1680000000.0,7309000000.0,1453000000.0,443000000.0,13944420000.000002,17419420000.0,8.43778801843318,1.980952380952381,0.42958709324582994,1.2870016384489351,0.015976753401135912,8.43778801843318,0.02184598580010923,11.533846153846156,43.5763125,3.8078700163844896,0.0,0.6008258774948383,0.0,0.1101996171725458,0.9958333333333333,0.007291951508522469,-228.5970491803279,0.27791563275434245,-0.263700042264151,4.046082949308756,-0.6006079027355623,-0.6977137942030319,-0.08196721311475409,-0.24528301886792453,-0.14479638009049775,-0.37812013277045525,-0.6098877191374663,-0.22727471869631088,Specialty Industrial Machinery,Industrials,HWM
2020Q4,2020,Q4,2021-02-16,2020-12-31,106000000.0,1238000000.0,221000000.0,0.2444655851312378,366000000.0,0.2956381260096931,11443000000.0,3577000000.0,3672000000.0,1660000000.0,7866000000.0,1488000000.0,364000000.0,12374911578.56,15839911578.56,8.24956035862677,2.212048192771084,0.443502577995281,1.4187866927592956,0.03813495861902808,8.24956035862677,0.029633771316745876,9.995889804975766,29.186112213584902,3.4595782998490354,0.009433962264150943,0.5860215053763441,8.080865819942808e-05,0.10818841212968627,1.1849397590361446,0.009263305077339858,118.98953440923077,0.2956381260096931,2.055819814140473,2.562346049138215,-0.31464948011561283,-0.13778876876049287,0.5641025641025641,1.9444444444444444,2.0273972602739727,1.1618581049290062,-0.5798512290776181,-0.19127578901802783,Specialty Industrial Machinery,Industrials,HWM
2020Q3,2020,Q3,2020-11-09,2020-09-30,36000000.0,1134000000.0,73000000.0,0.08,234000000.0,0.20634920634920634,11339000000.0,3501000000.0,3600000000.0,1577000000.0,7838000000.0,1592000000.0,258000000.0,7249773006.08,10965773006.08,8.074283146645882,2.28281547241598,0.44809947967192876,1.4512996286775206,-0.02551852714984852,8.074283146645882,0.010282776349614395,6.393097888959436,50.34564587555555,2.0707720668608967,0.0,0.5653266331658291,0.0,0.10000881911985184,1.1382371591629676,0.0031748831466619633,-7249.7730060799995,0.20634920634920634,1.3636363636363635,1.375677139898847,-0.4091712693522695,-0.1928281339028771,-0.2909090909090909,1.375,-0.013513513513513514,-0.6919575187134719,-0.64317143352826,-0.4006559137006274,Specialty Industrial Machinery,Industrials,HWM
2020Q2,2020,Q2,2020-08-07,2020-06-30,-96000000.0,1253000000.0,74000000.0,-0.22,330000000.0,0.2633679169992019,11363000000.0,3449000000.0,3702000000.0,1658000000.0,7914000000.0,1673000000.0,223000000.0,6912351345.75,10717351345.75,7.908546204557632,2.232810615199035,0.4475930652116519,1.4746303276311974,0.008468549474802795,7.908546204557632,-0.02783415482748623,5.516641137869114,-18.000914962890626,2.0041610164540447,-0.010416666666666666,0.5517035265989241,0.0001446685722384238,0.11027017512980727,1.0904704463208685,-0.008448473114494412,-6912.35134575,0.2633679169992019,-1.4489795918367347,-2.921400348649847,-0.404619493739479,-0.21518243771565487,-0.5497953615279673,-1.4465116279069767,-0.8145363408521303,-1.457767468155233,-0.6115726286323101,-0.39257752702981885,Specialty Industrial Machinery,Industrials,HWM
2020Q1,2020,Q1,2020-05-07,2020-03-31,215000000.0,3209000000.0,399000000.0,0.49,733000000.0,0.22842006855718291,18465000000.0,4783000000.0,6948000000.0,4107000000.0,13668000000.0,2512000000.0,335000000.0,6986347756.224546,11772347756.224546,10.995011685263025,1.691745799853908,0.39951259138911455,1.5423374451181266,0.023739234533176817,10.995011685263025,0.044950867656282666,2.177110550397179,8.123660181656449,1.460662294841009,0.04186046511627907,0.9856687898089171,0.0012882267407861815,0.17378824803682644,1.004382761139518,0.011643650148930408,-19.406521545068184,0.22842006855718291,-0.3,2.0946734348218565,0.5478623556408644,0.15991958421515054,0.0027359781121751026,-0.3042071197411003,-0.040865384615384616,-0.3247500950986919,0.016690528989205457,-0.11764511760600688,Specialty Industrial Machinery,Industrials,HWM
2019Q4,2019,Q4,2020-02-27,2019-12-31,309000000.0,3401000000.0,416000000.0,0.7,731000000.0,0.2149367832990297,17578000000.0,4607000000.0,5842000000.0,4126000000.0,12957000000.0,2429000000.0,129000000.0,13317331232.65,17874331232.65,10.644579422373642,1.4158991759573436,0.3529980657640232,1.3468634686346863,0.03817298052389256,10.644579422373642,0.06707184718906013,3.915710447706557,10.7745398322411,2.8906731566420665,0.02912621359223301,1.0992177850967477,0.0006758110797706052,0.19348048697235182,0.7510906446921959,0.01757879167140744,39.753227560149256,0.2149367832990297,2.3333333333333335,2.0955662847893985,-0.6180415350543101,0.005119558654166408,-0.03689064558629776,2.2526315789473683,0.27607361963190186,1.248854094400436,0.16133105042228296,-0.08748602047298366,Specialty Industrial Machinery,Industrials,HWM
2019Q3,2019,Q3,2019-11-05,2019-09-30,95000000.0,3559000000.0,326000000.0,0.21,759000000.0,0.2132621522899691,17484000000.0,4696000000.0,5908000000.0,4460000000.0,12774000000.0,2555000000.0,-179000000.0,11336000000.0,16354000000.0,10.770642201834862,1.3246636771300448,0.36256005490734383,1.3498722316865417,0.013428347818923261,10.770642201834862,0.02022998296422487,3.185164372014611,29.83157894736842,2.41396933560477,0.09473684210526316,1.095890410958904,0.0007939308398023995,0.2035575383207504,0.6937219730941704,0.005433539235872798,-192.135593220339,0.2132621522899691,1.7777777777777777,3.018858307849133,0.0,0.009639096364320011,0.009308510638297872,1.7851239669421488,5.0246913580246915,-0.42508566375594115,0.13936446401319139,-0.5993595512183719,Specialty Industrial Machinery,Industrials,HWM
2019Q2,2019,Q2,2019-08-02,2019-06-30,-121000000.0,3691000000.0,-81000000.0,-0.27,752000000.0,0.20373882416689243,17913000000.0,4854000000.0,6018000000.0,3621000000.0,13047000000.0,2606000000.0,-256000000.0,11605600000.0,16583600000.0,10.907865168539326,1.6619718309859155,0.35365377100429857,1.3051091882983106,-0.004492049196669806,10.907865168539326,-0.024927894519983517,3.1442969384990516,-23.978512396694214,2.390935311083642,-0.08264462809917356,1.1277820414428243,0.000861652995105811,0.206051470998716,0.8704777685722176,-0.006754870764249428,-386.85333333333335,0.20373882416689243,-1.6923076923076923,-3.6464639788499666,0.0,0.0854619616205101,0.040110650069156296,-1.6470588235294117,-1.2165775401069518,-1.8821972534332083,0.1233578620416501,-0.6126757240518668,Specialty Industrial Machinery,Industrials,HWM
2019Q1,2019,Q1,2019-05-01,2019-03-31,187000000.0,3541000000.0,374000000.0,0.39,723000000.0,0.20417961027958204,18361000000.0,5166000000.0,6053000000.0,3659000000.0,13183000000.0,2612000000.0,-134000000.0,9255891058.86,14270891058.86,10.9728560280299,1.654277124897513,0.3449703175208322,1.2260936895083236,0.023663677888682122,10.9728560280299,0.03619821912504839,2.6139200956961313,12.374185907566845,1.7916939719047618,0.15508021390374332,1.0788667687595712,0.0031331397285883546,0.19285441969391645,0.8567914730800765,0.010184630466750177,-21.727443800140847,0.20417961027958204,-0.1136363636363636,3.342862427070723,0.0,0.11934498328248119,0.15311004784688995,-0.14220183486238533,0.15789473684210525,9.87329105971517,0.0783359939071086,-0.6068942466647231,Specialty Industrial Machinery,Industrials,HWM
2018Q4,2018,Q4,2019-02-21,2018-12-31,218000000.0,3472000000.0,323000000.0,0.44,627000000.0,0.18058755760368664,18693000000.0,5573000000.0,6581000000.0,3520000000.0,13108000000.0,2492000000.0,-358000000.0,8147414862.059287,12200414862.059288,11.53258882281233,1.8696022727272728,0.3386294334777724,1.1358334828638077,0.02617544918771872,11.53258882281233,0.03911717207966984,2.346605663035509,9.343365667499183,1.461944170475379,0.13761467889908258,1.141653290529695,0.00368214955392825,0.1857379767827529,1.0724431818181819,0.011662119509976997,52.5639668519954,0.18058755760368664,0.375,1.2336025257887715,0.0,0.2650682726430595,-0.024883359253499222,0.35403726708074534,-0.06376811594202898,3.8830605443456236,0.7246370797559032,0.20534030615313995,Specialty Industrial Machinery,Industrials,HWM
2018Q3,2018,Q3,2018-11-01,2018-09-30,161000000.0,3524000000.0,345000000.0,0.32,643000000.0,0.18246311010215663,18327000000.0,5361000000.0,6132000000.0,3014000000.0,12952000000.0,2622000000.0,-943000000.0,10697640561.47838,15519640561.47838,11.095206831533051,2.0345056403450563,0.3468652807333443,1.1857862339115837,0.01903672035813505,11.095206831533051,0.030031710501772058,3.0356528267532292,16.611243107885684,1.9954561763623169,0.18012422360248448,1.0987795575896262,0.00271087814488995,0.1922846074098325,1.059389515593895,0.008784852949200632,-67.70658583214164,0.18246311010215663,0.3333333333333334,4.86648093824893,0.0,0.0028492795769606196,-0.04029850746268657,0.3416666666666667,0.06481481481481481,8.534293676319368,0.6476394509412353,0.10916828655709955,Specialty Industrial Machinery,Industrials,HWM
2018Q2,2018,Q2,2018-08-02,2018-06-30,120000000.0,3573000000.0,324000000.0,0.24,670000000.0,0.18751749230338652,18219000000.0,5204000000.0,6075000000.0,2977000000.0,13001000000.0,2659000000.0,-1073000000.0,8213989960.260001,13115989960.260002,10.776740710454686,2.0406449445750754,0.34892145562325044,1.2215603382013835,0.017335210720008706,10.776740710454686,0.023059185242121444,2.298905670377834,17.112479083875,1.5783993005880093,0.25,1.0917638209853329,0.0036523054137079076,0.1961139469784291,1.0386294927779645,0.006586530545035402,1642.7979920520002,0.18751749230338652,-0.17241379310344826,12.125469260235144,0.0,-0.022819141197944304,-0.0103397341211226,-0.16083916083916083,-0.02702702702702703,1.1690749667578169,0.5332862470629063,0.0694475514191673,Specialty Industrial Machinery,Industrials,HWM
2018Q1,2018,Q1,2018-05-01,2018-03-31,143000000.0,3445000000.0,333000000.0,0.29,677000000.0,0.1965166908563135,18219000000.0,5268000000.0,5895000000.0,2802000000.0,12937000000.0,2648000000.0,-1164000000.0,11115391678.598854,16264391678.598854,10.919518517884548,2.1038543897216275,0.3487567923596246,1.2061503416856492,0.020589524805234224,10.919518517884548,0.027145026575550492,3.226528789143354,19.43250293461338,2.109983234358173,0.2097902097902098,1.0453172205438066,0.002698960222675809,0.189088314397058,1.0235546038543897,0.00784894889950052,-20.100165784084727,0.1965166908563135,1.1920529801324504,1.0260537697561345,0.0,-0.05458009702839988,0.1008130081300813,1.1966987620357634,1.7070063694267517,0.8559864997938164,0.49835339369222253,0.15195542684785138,Specialty Industrial Machinery,Industrials,HWM
2017Q4,2017,Q4,2018-02-26,2017-12-31,-727000000.0,3271000000.0,-471000000.0,-1.51,615000000.0,0.18801589727911955,18718000000.0,4910000000.0,6378000000.0,2824000000.0,13794000000.0,2480000000.0,-1248000000.0,13116490202.5,17810490202.5,10.200709026146203,2.258498583569405,0.36563735441820705,1.3938900203665987,-0.06402627489916923,10.200709026146203,-0.1480651731160896,4.009932804188321,-4.510484938961485,2.6713829332993893,-0.04126547455295736,1.070967741935484,0.0022871972255414795,0.1747515760230794,1.2478753541076488,-0.0388396196174805,34.884282453457445,0.18801589727911955,-7.863636363636363,-11.83363979640144,0.0,-0.10196046000591795,0.00819672131147541,-7.109243697478991,-2.738007380073801,-7.548692712750125,-0.6696847501756527,-0.036793118122713485,Specialty Industrial Machinery,Industrials,HWM
2017Q3,2017,Q3,2017-11-06,2017-09-30,119000000.0,3236000000.0,271000000.0,0.22,610000000.0,0.188504326328801,19237000000.0,5948000000.0,6148000000.0,2677000000.0,13276000000.0,2453000000.0,-519000000.0,10984835758.407291,16026835758.407291,13.47186588008274,2.2966006723944714,0.35644851068253885,1.1528244788164088,0.014642263650645188,13.47186588008274,0.02000672494956288,3.3945722368378526,23.077386047074143,1.84681166079477,0.3697478991596639,1.0705258866693845,0.004005521881956625,0.1682174975308,1.2469181920059769,0.006185995737381088,267.9228233757876,0.188504326328801,-0.4883720930232558,4.296751973535698,0.0,0.15359676880295825,-0.10029498525073746,-0.4386792452830189,-0.03558718861209965,3.9712926585062105,0.0,0.2628515773359265,Specialty Industrial Machinery,Industrials,HWM
2017Q2,2017,Q2,2017-08-02,2017-06-30,212000000.0,3261000000.0,281000000.0,0.43,678000000.0,0.20791168353265868,19106000000.0,5740000000.0,6033000000.0,2658000000.0,13353000000.0,2416000000.0,-567000000.0,9985603054.05,15044603054.05,13.019844599898214,2.269751693002257,0.35821207997487703,1.1923344947735193,0.01759831922048887,13.019844599898214,0.036933797909407665,3.0621291180772765,11.775475299587264,1.7396521000087106,0.2028301886792453,1.0691225165562914,0.0043061996123068295,0.1706793677378834,1.2460496613995484,0.011095990788234063,109.73190169285714,0.20791168353265868,-0.3384615384615385,5.984670292067348,2.431085255777657,0.10770679638905575,-0.03142857142857143,-0.3416149068322981,-0.11635220125786164,9.217259167138055,0.0,0.2956289650665175,Specialty Industrial Machinery,Industrials,HWM
2017Q1,2017,Q1,2017-05-02,2017-03-31,322000000.0,3192000000.0,318000000.0,0.65,700000000.0,0.21929824561403508,20157000000.0,5482000000.0,6710000000.0,2587000000.0,14662000000.0,2328000000.0,-768000000.0,11587837590.6,17127837590.6,12.460985828549518,2.5937379203710864,0.401498238825222,1.4762860269974463,0.01558467649879001,12.460985828549518,0.05873768697555637,3.6302749343984964,8.99676831568323,2.1137974444728203,0.13975155279503104,1.070446735395189,0.0038833820070539988,0.15835689834796846,1.5705450328565906,0.015974599394751203,-28.753939430769233,0.21929824561403508,1.2256944444444444,7.300391819302784,0.2877991390587477,-0.06071200019560274,0.18243243243243243,1.2559618441971383,1.1059602649006623,5.3172693480957545,0.0,0.2711496385545201,Specialty Industrial Machinery,Industrials,HWM
2016Q4,2016,Q4,2017-02-28,2016-12-31,-1258000000.0,2967000000.0,151000000.0,-2.88,592000000.0,0.19952814290529153,20038000000.0,5115000000.0,5892000000.0,2749000000.0,14897000000.0,2253000000.0,-1027000000.0,8129548213.386935,14350548213.386936,11.665113807780841,2.1433248453983267,0.4034334763948498,1.5804496578690128,0.3282083659536497,11.665113807780841,-0.24594330400782013,2.7399892866150775,-1.6155699947112352,1.5893544894207106,-0.04531001589825119,1.054150022192632,0.007011459739686155,0.148068669527897,1.205529283375773,-0.06278071663838707,23.1611060210454,0.19952814290529153,-9.727272727272727,-4.7813204795467685,0.19873161468605072,-0.105989183035577,-0.06771653543307087,-8.578313253012048,-0.3628691983122363,-0.4856183626639695,0.0,0.2796056116908655,Specialty Industrial Machinery,Industrials,HWM
2016Q3,2016,Q3,2016-11-09,2016-09-30,166000000.0,3138000000.0,237000000.0,0.33,635000000.0,0.20235818992989166,37448000000.0,11775000000.0,9368000000.0,5500000000.0,25673000000.0,3455000000.0,8940000000.0,9642234865.000801,18053234865.0008,26.883561643835616,1.7032727272727273,0.27435377056184573,0.8725265392781316,0.0058149174454214855,26.883561643835616,0.014097664543524416,3.0727325892290636,14.521438049700002,0.8188734492569683,0.3433734939759036,0.7244573082489146,0.0059114925946159545,0.0837961973937193,0.9096363636363637,0.004432813501388592,482.11174325004004,0.20235818992989166,0.24574841167077519,1.3356695338218116,0.1830887327219918,0.9100861547332766,-0.09415121255349501,0.22962962962962963,-0.1625441696113074,5.672616576726164,0.0,1.4298925505707052,Specialty Industrial Machinery,Industrials,HWM
2016Q2,2016,Q2,2016-07-29,2016-06-30,135000000.0,3234000000.0,283000000.0,0.264901,701000000.0,0.21675943104514533,13489000000.0,12335000000.0,8093000000.0,5488000000.0,21610000000.0,3438000000.0,8871000000.0,8789612229.8904,7667612229.8904,28.162100456621005,1.4746720116618075,0.0598265253169249,0.06542359140656669,0.006484674395760988,28.162100456621005,0.010944466963923795,2.717876385247495,16.277059684982223,0.7125749679684151,0.4222222222222222,0.7367655613728912,0.0064849277202653965,0.23975090814737934,0.6186224489795918,0.010008154792794129,159.81113145255273,0.21675943104514533,6.504277620396601,0.012720156555772966,0.18630345014093888,0.9036226861171112,0.07022900763358779,7.4375,-0.01048951048951049,15.279576587795766,0.0,1.5535981842055095,Specialty Industrial Machinery,Industrials,HWM
2016Q1,2016,Q1,2016-05-05,2016-03-31,16000000.0,3055000000.0,286000000.0,0.0353,655000000.0,0.2144026186579378,13067000000.0,12226000000.0,7665000000.0,5555000000.0,21779000000.0,3549000000.0,8753000000.0,9057013263.9186,8485013263.9186,27.91324200913242,1.3798379837983799,0.06214127190632892,0.06641583510551284,0.014987247024702754,27.91324200913242,0.0013086864060199575,2.9646524595478234,141.51583224872815,0.7407993836020448,3.5625,0.6762468300929839,0.006293465443743694,0.2337950562485651,0.5522952295229523,0.0012244585597306192,-13.299578948485463,0.2144026186579378,1.2256023518885408,-0.8752297930380122,0.23155084066394746,0.9875951396783069,-0.2211652794292509,1.0812182741116751,0.1532258064516129,-0.7503088906795595,0.0,1.4167489169668337,Specialty Industrial Machinery,Industrials,HWM
2015Q4,2015,Q4,2016-02-19,2015-12-31,-197000000.0,5245000000.0,248000000.0,-0.15647,841000000.0,0.16034318398474737,36528000000.0,12046000000.0,7953000000.0,5211000000.0,24482000000.0,3442000000.0,8834000000.0,26715666472.9926,33861666472.9926,9.56791104050834,1.5261945883707542,0.24816579062636882,0.7525319608168687,0.00966320875373028,9.56791104050834,-0.016353976423709116,5.093549375213079,-33.90313004186878,2.217803957578665,-0.3756345177664975,1.2794886693782686,0.0027699103099227593,0.14358848007008324,0.948762233736327,-0.005393123083661849,57.20699458884925,0.16034318398474737,-5.477175681818182,-1.617402762128181,-0.2496474077371868,-0.28439251787249353,-0.17061143984220908,-5.4772727272727275,4.636363636363637,-2.1223585247943206,0.0,-0.15767007886425546,Specialty Industrial Machinery,Industrials,HWM
2015Q3,2015,Q3,2015-10-23,2015-09-30,44000000.0,5573000000.0,44000000.0,0.03494837172359015,1014000000.0,0.18194868114121657,36587000000.0,12594000000.0,8592000000.0,5147000000.0,23993000000.0,3559000000.0,9553000000.0,26063888054.285202,33551888054.285202,10.003177124702145,1.66932193510783,0.25219340202804275,0.7326504684770526,0.0006161241210047406,10.003177124702145,0.0034937271716690486,4.676814651764795,148.09027303571136,2.0695480430590125,0.9090909090909091,1.2809778027535825,0.0015346904466704667,0.15232186295678793,0.954148047406256,0.001202612949954902,171.47294772556054,0.18194868114121657,-0.6909565414728243,-0.417336163231292,-0.14851901189438693,-0.23813142096741702,-0.17828200972447325,-0.6857142857142857,-0.6857142857142857,1.4274737678190712,0.0,-0.1434272793733315,Specialty Industrial Machinery,Industrials,HWM
2015Q2,2015,Q2,2015-07-22,2015-06-30,140000000.0,5897000000.0,140000000.0,0.11308562197092084,1234000000.0,0.2092589452263863,36587000000.0,12314000000.0,7829000000.0,5206000000.0,24273000000.0,3160000000.0,9605000000.0,29110491914.0386,36538491914.038605,10.076923076923077,1.5038417210910489,0.23885533112854293,0.7096800389800227,0.004330156780395878,10.076923076923077,0.011369173298684424,4.936491760901917,51.98302127506893,2.3640159098618323,0.39285714285714285,1.4756329113924052,0.0018893531638837105,0.16117746740645583,0.9214368036880523,0.0038264957498565064,142.0023995806761,0.2092589452263863,-0.2820512820512821,13.907801418439716,-0.514268878385057,-0.18962645729241026,-0.10319767441860465,-0.28205128205128205,-0.28205128205128205,0.664075286415712,1.9336427347883975,-0.14267208849138863,Specialty Industrial Machinery,Industrials,HWM
2015Q1,2015,Q1,2015-04-23,2015-03-31,195000000.0,5819000000.0,195000000.0,0.15751211631663975,1376000000.0,0.2364667468637223,35694000000.0,11574000000.0,7722000000.0,5064000000.0,24120000000.0,3173000000.0,9520000000.0,33630426159.650097,41176426159.6501,9.47911547911548,1.5248815165876777,0.2447750322183,0.7548816312424399,0.0044468842047725565,9.47911547911548,0.016848107827890098,5.779416765707182,43.11593097391039,2.9056874165932345,0.27692307692307694,1.4002521273242987,0.001605688840921956,0.1630245979716479,0.9065955766192733,0.005463103042528156,-79.69295298495284,0.2364667468637223,-0.30647650278494437,1.9046985024638654,0.0,-0.2413116192420004,-0.7114699098343468,-0.27238805970149255,-0.27238805970149255,0.8111244706989386,-0.15412815412815412,-0.28548033511970716,Specialty Industrial Machinery,Industrials,HWM
2014Q4,2014,Q4,2015-02-19,2014-12-31,268000000.0,23906000000.0,268000000.0,0.2271186440677966,4769000000.0,0.19948966786580774,37399000000.0,12306000000.0,8269000000.0,5541000000.0,25093000000.0,3082000000.0,9379000000.0,39043586229.2784,45964586229.2784,10.590361445783133,1.4923299043493954,0.23524693173614267,0.714935803673005,0.0045225866190318565,10.590361445783133,0.021777994474240208,1.6332128431890904,36.42125581089403,3.172727631178157,0.6007462686567164,6.209279688513952,0.0041235966146795115,0.6392149522714511,0.9413463273777296,0.00716596700446536,85.81007962478769,0.19948966786580774,3.2539682539682544,1.0002531014596419,0.0,-0.9991353762877597,1.3366986726913301,3.253968253968254,0.019011406844106463,-0.6960177889909238,2.6447005971073185,-0.18835788110546783,Specialty Industrial Machinery,Industrials,HWM
2014Q3,2014,Q3,2014-10-23,2014-09-30,63000000.0,0.0,263000000.0,0.053389830508474574,-14164000000.0,0.0,13078000000.0,12396000000.0,9689000000.0,5354000000.0,21987000000.0,3138000000.0,9276000000.0,39712120046.7096,36532120046.7096,10.667814113597245,1.809675009338812,0.007034714788193914,0.007421748951274605,0.005044843049327356,10.667814113597245,0.005082284607938045,0.0,157.58777796313333,3.2036237533647633,0.31746031746031744,4.5137029955385595,0.0005036245855541304,0.0,0.9745984310795667,0.00481725034408931,0.0,0.0,1.9264705882352942,1.0668806613314572,0.0,-0.18262328009765702,-0.5295896328293737,1.9264705882352942,4.925373134328358,-0.6658727934995796,-1.0,-0.24204819623211474,Specialty Industrial Machinery,Industrials,HWM
2014Q2,2014,Q2,2014-07-24,2014-06-30,-68000000.0,0.0,-67000000.0,-0.0576271186440678,-9260000000.0,0.0,10822000000.0,11677000000.0,7387000000.0,5842000000.0,21603000000.0,3227000000.0,9163000000.0,36683430315.982796,35720430315.982796,10.049053356282272,1.264464224580623,0.020328959526889668,0.018840455596471697,-0.005715726653778263,10.049053356282272,-0.0058234135480003425,0.0,-134.8655526322897,3.1415115454297164,-0.4852941176470588,2.869538270839789,0.0008995887166425125,0.0,0.5412529955494694,-0.006283496581038625,0.0,0.0,0.6548223350253807,0.9246009268513516,0.0,-0.2049824371326969,-1.0600667408231368,0.6548223350253807,0.7554744525547445,-1.192279321367101,-1.0,-0.32073227377033964,Specialty Industrial Machinery,Industrials,HWM
2014Q1,2014,Q1,2014-04-24,2014-03-31,-197000000.0,0.0,-274000000.0,-0.1669491525423729,-4495000000.0,0.0,10188000000.0,11391000000.0,6765000000.0,5267000000.0,21231000000.0,3067000000.0,9061000000.0,31635434890.3978,31108434890.3978,9.802925989672978,1.2844123789633568,0.013545347467608953,0.012114827495391098,-0.017087344956197414,9.802925989672978,-0.01729435519269599,0.0,-40.14649097766218,2.777230698832218,-0.17766497461928935,1.4656015650472776,0.0011063543182276098,0.0,0.49629770267704576,-0.01933647428347075,0.0,0.0,0.9122103386809268,0.6342366426191087,0.0,-0.20075846638832512,0.7669293788240175,0.9122103386809269,0.8778966131907309,-1.5790620738985626,-1.0,-0.30197115600812424,Specialty Industrial Machinery,Industrials,HWM
2013Q4,2013,Q4,2014-02-13,2013-12-31,-2244000000.0,0.0,-2244000000.0,-1.9016949152542373,-19286000000.0,0.0,10384000000.0,10593000000.0,6969000000.0,6105000000.0,22220000000.0,2705000000.0,9272000000.0,26058533978.8802,25333533978.8802,9.11617900172117,1.1415233415233415,0.06856702619414484,0.06721419805531956,-0.24527839422344405,9.11617900172117,-0.2118380062305296,0.0,-2.9031343559358516,2.4599767751232138,-0.016488413547237075,7.129759704251386,0.001419880336706109,0.0,0.5477477477477477,-0.21610169491525424,0.0,0.0,-35.0,0.0,0.0,-0.35195969425208296,-0.3229523940183839,-35.0,-13.32967032967033,-8.61982147860545,-1.0,-0.3181786625705569,Specialty Industrial Machinery,Industrials,HWM
2013Q3,2013,Q3,2013-10-18,2013-09-30,66000000.0,0.0,182000000.0,0.05593220338983051,-14578000000.0,0.0,12193000000.0,12856000000.0,7049000000.0,6040000000.0,22365000000.0,2893000000.0,11611000000.0,19843857207.265003,19540857207.265003,11.06368330464716,1.1670529801324503,0.058558189124907734,0.05553827006845053,0.004863669859985262,11.06368330464716,0.005133789670192906,0.0,75.16612578509469,1.5435483204157594,0.25757575757575757,5.039059799516073,0.0008566882850666833,0.0,0.48427152317880795,0.005412941851882227,0.0,0.0,1.9999999999999996,-0.9575813441770664,0.0,-0.38736350033389444,-0.4905930470347648,2.0,0.7009345794392523,-0.053045907282525784,-1.0,-0.15736044927535675,Specialty Industrial Machinery,Industrials,HWM
2013Q2,2013,Q2,2013-07-25,2013-06-30,22000000.0,0.0,107000000.0,0.01864406779661017,-9780000000.0,0.0,12350000000.0,12815000000.0,7237000000.0,6147000000.0,22693000000.0,2905000000.0,11653000000.0,19134773009.832203,18591773009.832203,11.028399311531842,1.177322271026517,0.05336032388663968,0.05142411236831838,0.0016327742318539412,11.028399311531842,0.0017167381974248926,0.0,217.44060238445684,1.4931543511379008,0.45454545454545453,3.3666092943201376,0.0005226087602325674,0.0,0.4961769969090613,0.0017813765182186235,0.0,0.0,-0.8705882352941176,-0.9807983189699737,0.0,-0.43144250144942287,-1.017742933773468,-0.8705882352941177,-0.5427350427350427,3.133103843947217,-1.0,-0.1131099292653432,Specialty Industrial Machinery,Industrials,HWM
2013Q1,2013,Q1,2013-04-18,2013-03-31,170000000.0,0.0,234000000.0,0.1440677966101695,-4847000000.0,0.0,12891000000.0,13421000000.0,7768000000.0,6500000000.0,23332000000.0,2982000000.0,11805000000.0,20355558345.3474,19876558345.3474,11.549913941480206,1.1950769230769231,0.0834690869598945,0.08017286342299382,0.011726564116713804,11.549913941480206,0.012666716340064079,0.0,29.934644625510884,1.5166946088478803,0.07647058823529412,1.62541918175721,0.0006386462006811699,0.0,0.5256923076923077,0.013187495151656195,0.0,0.0,0.04938271604938275,-0.6045964338258266,0.0,-0.40185717921146613,0.7633993947085814,0.04938271604938271,0.4444444444444444,1.8287579688266233,0.0,-0.07556928434281088,Specialty Industrial Machinery,Industrials,HWM
2012Q4,2012,Q4,2013-02-15,2012-12-31,162000000.0,0.0,162000000.0,0.13728813559322034,-20486000000.0,0.0,12870000000.0,13199000000.0,7700000000.0,5942000000.0,23656000000.0,2825000000.0,11689000000.0,20988715439.3896,19645715439.3896,11.358864027538726,1.2958599798047796,0.04024864024864025,0.039245397378589286,0.00590508128599548,11.358864027538726,0.012273657095234487,0.0,32.38999296202099,1.590174667731616,0.030864197530864196,7.251681415929204,0.00023822324974764685,0.0,0.6262201279030629,0.012587412587412588,0.0,0.0,2.7052631578947373,-0.9525153945400501,0.0,-0.3806404920918153,-0.32014434849851786,2.705263157894737,2.705263157894737,1.0001529941659029,0.0,-0.9990726338064473,Specialty Industrial Machinery,Industrials,HWM
2012Q3,2012,Q3,2012-10-25,2012-09-30,-95000000.0,0.0,-95000000.0,-0.08050847457627118,-15518000000.0,0.0,12950000000.0,13570000000.0,7775000000.0,6531000000.0,23337000000.0,2973000000.0,11447000000.0,21469711521.0018,21168711521.0018,11.678141135972462,1.1904761904761905,0.08733590733590733,0.08334561532792925,-0.008077681790354398,11.678141135972462,-0.007000736919675755,0.0,-56.49924084474158,1.582145285261739,-0.06315789473684211,5.219643457786748,0.00027946346620124653,0.0,0.4996172102281427,-0.007335907335907336,0.0,0.0,-2.1875,-1.0363681211091036,0.0,-0.3693260753745876,0.045516053635133474,-2.1875,-2.1875,0.8991482091033581,0.0,-0.10521118997460507,Specialty Industrial Machinery,Industrials,HWM
2012Q2,2012,Q2,2012-07-26,2012-06-30,80000000.0,-6006000000.0,80000000.0,0.06779661016949153,-16258000000.0,-2.706959706959707,12908000000.0,13658000000.0,7767000000.0,6151000000.0,22584000000.0,3051000000.0,11655000000.0,21009405800.4866,19974405800.4866,11.753872633390706,1.2627215086977728,0.0524480942051441,0.0495680187435935,0.0033822705605056494,11.753872633390706,0.005857372968223752,-3.4980695638505828,65.65439312652063,1.5382490701776688,0.4125,3.360209767289413,0.0015707250511214214,-0.46529284164859,0.566899691107137,0.006197706848466067,41.520564823096045,2.706959706959707,-0.16047601875225392,-0.9573440228389437,0.0,-0.4042346588622278,-18.905286343612335,-0.14893617021276595,-0.42028985507246375,1.0887047919395862,0.0,-0.07010791524864038,Specialty Industrial Machinery,Industrials,HWM
2012Q1,2012,Q1,2012-04-26,2012-03-31,94000000.0,6006000000.0,138000000.0,0.08075601374570447,908000000.0,0.15118215118215117,40703000000.0,14142000000.0,7883000000.0,6292000000.0,26561000000.0,3097000000.0,11690000000.0,21998604383.3348,28995604383.3348,13.26641651031895,1.2528607755880483,0.21487359654079552,0.6184415217083864,0.004325410695560993,13.26641651031895,0.006646867486918399,3.662771292596537,58.50692655142234,1.555551151416688,0.35106382978723405,1.6461091378753632,0.0015000951617185035,0.14755669115298628,0.6137952956134775,0.0023094120826474707,-43.475502733863244,0.15118215118215117,-0.8835307677530895,-0.8880963734887174,0.0,-0.2773226704230671,0.19316688567674112,-0.8832298136645963,-0.8292079207920792,1.1902439024390243,0.0,0.08162308767897525,Specialty Industrial Machinery,Industrials,HWM
2011Q4,2011,Q4,2012-02-16,2011-12-31,805000000.0,5989000000.0,808000000.0,0.6933677863910422,761000000.0,0.12706628819502422,40120000000.0,13844000000.0,7713000000.0,6013000000.0,26276000000.0,2899000000.0,11629000000.0,18846305758.9146,25992305758.9146,13.048067860508954,1.2827207716614002,0.2264456630109671,0.6562409708176827,0.026785782788022426,13.048067860508954,0.05814793412308581,3.146820130057539,5.85288998724056,1.3613338456309303,0.040993788819875775,1.803380476026216,0.0017510062938669282,0.14927716849451644,0.6454348910693497,0.020064805583250248,28.729124632491768,0.12706628819502422,3.6762013500791224,-0.7078482706169228,0.0,-0.2280370300726814,-0.3259521700620018,3.6802325581395348,0.20238095238095238,0.0,0.0,-0.072454162632466,Specialty Industrial Machinery,Industrials,HWM
2011Q3,2011,Q3,2011-10-20,2011-09-30,172000000.0,6419000000.0,672000000.0,0.1482758620689655,1129000000.0,0.17588409409565353,39598000000.0,14919000000.0,7670000000.0,5623000000.0,24679000000.0,3172000000.0,11820000000.0,20772874635.579998,28587874635.579998,14.074528301886792,1.3640405477503112,0.2309965149755038,0.6131107983108788,0.02243829468960359,14.074528301886792,0.011528922850056975,3.2361543286462062,30.19313173776163,1.3923771456250418,0.19186046511627908,1.6677175283732661,0.001588610174514665,0.16210414667407444,0.6460963898274942,0.004343653719884843,126.66386972914633,0.17588409409565353,-0.46629899336046265,-0.9275929941967896,0.0,-0.19321319837303455,-0.156203288490284,-0.4658385093167702,1.0869565217391304,-0.8788170064694854,0.0,-0.2206420306971676,Specialty Industrial Machinery,Industrials,HWM
2011Q2,2011,Q2,2011-07-21,2011-06-30,322000000.0,6585000000.0,322000000.0,0.27782571182053495,1338000000.0,0.20318906605922551,41466000000.0,15652000000.0,7868000000.0,5800000000.0,25814000000.0,3201000000.0,11714000000.0,34289009862.756,42312009862.756,14.793950850661625,1.356551724137931,0.22387015868422322,0.5930871454127268,0.009516580633825896,14.793950850661625,0.020572450805008944,5.2071389313220955,26.62190206735714,2.1907110824658833,0.09937888198757763,1.6391752577319587,0.0009332436290252208,0.1588048039357546,0.6393103448275862,0.007765398157526649,65.18823167824334,0.20318906605922551,0.04004235626323628,-0.8093060522253666,0.0,-0.1309148916255254,0.07642799678197908,0.045454545454545456,0.045454545454545456,-0.6913310800430174,0.0,-0.23731346211438178,Specialty Industrial Machinery,Industrials,HWM
2011Q1,2011,Q1,2011-04-21,2011-03-31,308000000.0,5958000000.0,308000000.0,0.26712922810060713,1243000000.0,0.20862705605908022,40336000000.0,14774000000.0,7209000000.0,5717000000.0,25562000000.0,2995000000.0,11424000000.0,37876296557.0444,46062296557.0444,14.043726235741445,1.2609760363827183,0.22493554145180483,0.614119398944091,0.009386239919752447,14.043726235741445,0.020847434682550427,6.357216609104465,30.743747205393184,2.5637130470451064,0.10714285714285714,1.5742904841402336,0.0008712573033717709,0.1477092423641412,0.5704040580724156,0.007635858786195954,-86.08249217510091,0.20862705605908022,0.061269220167140724,-0.5933673454072443,0.0,-0.14860073534249055,0.11579892280071813,0.1937984496124031,0.1937984496124031,-0.20871530575110736,0.0,-0.27270851821154035,Specialty Industrial Machinery,Industrials,HWM
2010Q4,2010,Q4,2011-02-17,2010-12-31,258000000.0,5652000000.0,258000000.0,0.25170731707317073,1114000000.0,0.19709837225760793,39293000000.0,13611000000.0,6869000000.0,5236000000.0,25682000000.0,2562000000.0,11149000000.0,31903407078.1084,39433407078.1084,13.370333988212181,1.3118792971734148,0.2309062682920622,0.6665931966791566,0.010211384081129888,13.370333988212181,0.018955256777606348,5.644622625284572,30.914154145453875,2.343942919558328,0.12015503875968993,1.771272443403591,0.0009716830532896812,0.14384241467945943,0.6558441558441559,0.006566055022523096,31.74468365980935,0.19709837225760793,3.2212554978008794,-0.8301354165172874,0.0,-0.1737577506770012,0.2745995423340961,3.2295081967213113,3.2295081967213113,-0.9136791167717435,0.0,-0.27096200294057615,Specialty Industrial Machinery,Industrials,HWM
2010Q3,2010,Q3,2010-10-22,2010-09-30,61000000.0,5287000000.0,61000000.0,0.059628543499511244,874000000.0,0.16531114053338378,38370000000.0,13353000000.0,6519000000.0,4682000000.0,25017000000.0,2435000000.0,10922000000.0,25022192097.222,33369192097.222,13.129793510324484,1.3923536950021358,0.2395100338806359,0.6882348535909534,-0.001443167871770986,13.129793510324484,0.004568261813824609,4.732777018578021,102.54996761156558,1.8739004041954614,0.5081967213114754,1.8123203285420943,0.001238900248209735,0.13778994005733647,0.6700128150363093,0.0015897836851707062,142.17154600694317,0.16531114053338378,7.714926069764779,-0.9500995718961988,0.0,-0.19226126159430387,-0.5278227984873042,7.777777777777778,62.0,-0.973318375402831,0.0,-0.29093009698515954,Specialty Industrial Machinery,Industrials,HWM
2010Q2,2010,Q2,2010-07-22,2010-06-30,-9000000.0,10074000000.0,-1000000.0,-0.00888,1851000000.0,0.18374032162001191,37312000000.0,12609000000.0,6822000000.0,5702000000.0,24703000000.0,2391000000.0,10892000000.0,20671247571.6396,28919247571.6396,12.434911242603551,1.1964223079621186,0.25707547169811323,0.7607264652232533,-1.7187466662241385e-05,12.434911242603551,-0.0007137758743754461,2.051940398217153,-574.2013214344333,1.6394042010975969,-7.0,3.439146800501882,0.003047711551112876,0.2699935677530017,0.6234654507190459,-0.00024120926243567753,318.01919340984,0.18374032162001191,0.9496969353650938,-1.0102491124260355,0.0,-0.22592956825467708,1.4612509344629954,0.9497206703910615,0.9941860465116279,-1.005499213623648,0.0,-0.36971504035002356,Specialty Industrial Machinery,Industrials,HWM
2010Q1,2010,Q1,2010-04-22,2010-03-31,-179000000.0,0.0,-172000000.0,-0.17653,-4013000000.0,0.0,11684000000.0,12669000000.0,6619000000.0,5144000000.0,21985000000.0,2394000000.0,10787000000.0,29190013841.1804,28730013841.1804,12.494082840236686,1.2867418351477449,0.07120849024306744,0.06567211303180993,-0.024900512419955424,12.494082840236686,-0.014128976241218724,0.0,-40.76817575583855,2.304050346608288,-0.08379888268156424,1.6762740183792815,0.0005138743709274453,0.0,0.4568429237947123,-0.015320095857583019,0.0,0.0,0.8062749659804224,-1.5301153846153845,0.0,-0.27216817130493176,0.7625724766299846,0.8062770562770563,0.8138528138528138,-1.2240209260682768,0.0,-0.319394923604871,Specialty Industrial Machinery,Industrials,HWM
2009Q4,2009,Q4,2010-02-18,2009-12-31,-924000000.0,0.0,-924000000.0,-0.91124,-16902000000.0,0.0,12073000000.0,12420000000.0,7022000000.0,5414000000.0,22912000000.0,2328000000.0,11020000000.0,32970429.6894882,-603029570.3105118,12248.520710059172,1.297007757665312,0.06999088876004307,0.0680354267310789,-0.042965995117500565,12248.520710059172,-0.07439613526570048,0.0,-0.008920570803432955,0.0026546239685578256,-0.03787878787878788,7.260309278350515,1.061557290263611,0.0,0.4695234577022534,-0.07653441563820094,0.0,0.0,-0.1240856103127121,-554.2738154388184,0.0,731.5029808248432,-0.4088522130532633,-0.12408759124087591,-0.3853073463268366,-351.8827202088905,0.0,723.6593538320799,Specialty Industrial Machinery,Industrials,HWM
2009Q3,2009,Q3,2009-10-23,2009-09-30,-822000000.0,0.0,-667000000.0,-0.81065,-11997000000.0,0.0,12080000000.0,13234000000.0,7032000000.0,5017000000.0,21881000000.0,2516000000.0,11297000000.0,26770296289.8696,26710296289.8696,13.051282051282051,1.4016344428941598,0.08327814569536424,0.07601632159588938,-0.028299098782771537,13.051282051282051,-0.06211273991234698,0.0,-8.14181760640803,2.0228423976023575,-0.014598540145985401,4.768282988871224,0.0004482580196372736,0.0,0.3998405421566673,-0.06804635761589405,0.0,0.0,-0.04447708502441601,-1.6500805517382366,0.0,-0.1313646723646724,-0.4794672586015538,-0.044472681067344345,0.15247776365946633,-1.3617361147221065,0.0,-0.25186820634879126,Specialty Industrial Machinery,Industrials,HWM
2009Q2,2009,Q2,2009-07-23,2009-06-30,-787000000.0,0.0,-787000000.0,-0.77613,-8109000000.0,0.0,12491000000.0,12817000000.0,7459000000.0,5055000000.0,22067000000.0,2493000000.0,11281000000.0,21030019915.3512,20957019915.3512,12.640039447731755,1.475568743818002,0.06228484508846369,0.06070063197316065,-0.03790231923134117,12.640039447731755,-0.061402824373878444,0.0,-6.680438346680813,1.6407911301670592,-0.01397712833545108,3.252707581227437,0.0005230617966258022,0.0,0.3364985163204748,-0.06300536386198062,0.0,0.0,-0.6744591914893617,-1.8849871885825062,0.0,-0.10881286028191876,-0.9572773352643013,-0.674468085106383,-0.674468085106383,-1.4862991192827049,0.0,-0.25744852310373223,Specialty Industrial Machinery,Industrials,HWM
2009Q1,2009,Q1,2009-04-24,2009-03-31,-470000000.0,0.0,-470000000.0,-0.4635108481262327,-4143000000.0,0.0,12982000000.0,12437000000.0,8048000000.0,5287000000.0,21975000000.0,2756000000.0,11734000000.0,14900345896.5972,14534345896.5972,12.265285996055226,1.5222243238131266,0.05892774610999846,0.061510010452681514,-0.021534508733417987,12.265285996055226,-0.037790463938248774,0.0,-7.92571590244532,1.1980659239846587,-0.0574468085106383,1.5032656023222062,0.0018120384712791134,0.0,0.36542462644221674,-0.03620397473424742,0.0,0.0,0.0,-2.1587771203155817,0.0,-0.11457285492931403,-689.5,0.0,0.0,-1.6437647280182706,0.0,-0.2564184673951569,Specialty Industrial Machinery,Industrials,HWM
2008Q4,2008,Q4,2009-02-17,2008-12-31,0.0,0.0,0.0,0.0,-6000000.0,0.0,13131000000.0,11735000000.0,8150000000.0,7279000000.0,23490000000.0,3238000000.0,12400000000.0,18404879040.278145,18176879040.278145,14.067302482366424,1.1196592938590466,0.040667123600639704,0.04550489987217725,,14.067302482366424,0.0,0.0,0.0,1.5683748649576603,0.0,0.0018529956763434219,0.0009780015375601171,0.0,0.3677702981178733,0.0,0.0,0.0,-1.0,-1.0,0.0,-0.15872771541826933,0.9996652906392949,-1.0,-1.0,-1.0,0.0,-0.13068741175914242,Specialty Industrial Machinery,Industrials,HWM
2008Q3,2008,Q3,2008-10-24,2008-09-30,1117000000.0,0.0,1118000000.0,1.339,-17926000000.0,0.0,14356000000.0,15065000000.0,9272000000.0,7043000000.0,21233000000.0,3844000000.0,13600000000.0,36383658903.11643,36104658903.11643,18.05913181907543,1.3164844526480193,0.03845082195597659,0.0366412213740458,0.050664485671209104,18.05913181907543,0.07414537006306007,0.0,8.143164481449515,2.415111775845764,0.017905102954341987,4.663371488033299,0.0005496973257488104,0.0,0.499787022575607,0.0778071886319309,0.0,0.0,0.3580121703853955,0.07377729406665234,0.0,0.20193555106957572,-0.49607744950759475,0.31566548881036516,0.3168433451118963,0.11397718066542674,0.0,0.11098931912156569,Specialty Industrial Machinery,Industrials,HWM
2008Q2,2008,Q2,2008-07-24,2008-06-30,849000000.0,0.0,849000000.0,0.986,-11982000000.0,0.0,14726000000.0,16702000000.0,9542000000.0,7642000000.0,21165000000.0,3813000000.0,13607000000.0,58931231265.00259,58772231265.00259,19.397157437280356,1.2486260141324261,0.044547059622436505,0.039276733325350255,0.03391449266695934,19.397157437280356,0.05083223566039995,0.0,17.353130525619136,3.528393681295808,0.027090694935217905,3.1424075531077893,0.00039028541413929326,0.0,0.5454069615283957,0.05765313051745213,0.0,0.0,1.664864864864865,0.12428782590205589,0.0,0.3675983628590047,-1.0336048879837068,1.801980198019802,1.801980198019802,0.13856808051527544,0.0,0.20746869351709987,Specialty Industrial Machinery,Industrials,HWM
2008Q1,2008,Q1,2008-04-24,2008-03-31,303000000.0,0.0,303000000.0,0.37,-5892000000.0,0.0,13989000000.0,15813000000.0,8894000000.0,7782000000.0,20894000000.0,3679000000.0,13063000000.0,56463753933.57599,56687753933.57599,19.309625627962753,1.142893857620149,0.04303381228107799,0.038069942452412575,0.011877789402587772,19.309625627962753,0.019161449440333902,0.0,46.58725572077227,3.570717380229936,0.07590759075907591,1.6015221527589019,0.0004073409647374353,0.0,0.4511693652017476,0.021659875616555864,0.0,0.0,-0.8739782016348774,-0.07499896204504003,0.0,0.3939558113565107,0.757010887495876,-0.8818252730109204,-0.882147024504084,0.111111246791498,0.0,0.12486529118859638,Specialty Industrial Machinery,Industrials,HWM
2007Q4,2007,Q4,2008-02-15,2007-12-31,2564000000.0,0.0,2571000000.0,2.936,-24248000000.0,0.0,12892000000.0,16016000000.0,8086000000.0,7166000000.0,20327000000.0,3326000000.0,13039000000.0,60712890452.147224,61000890452.147224,18.339694284991246,1.1283840357242534,0.05980452994104871,0.04813936063936064,0.10012487396110303,18.339694284991246,0.16008991008991008,0.0,5.919743608828708,3.790764888370831,0.014430577223088924,7.2904389657245945,0.0006094257697903992,0.0,0.3518001674574379,0.19888302823456408,0.0,0.0,0.3060498220640568,0.7826338681574598,0.0,0.09677576983968138,-0.3400386847195358,0.32712215320910976,0.3204930662557781,0.7826338681574598,0.0,0.09677576983968138,Specialty Industrial Machinery,Industrials,HWM
2007Q3,2007,Q3,2007-10-25,2007-09-30,1932000000.0,0.0,1947000000.0,2.248,-18095000000.0,0.0,14187000000.0,15914000000.0,9394000000.0,7547000000.0,20960000000.0,3311000000.0,12405000000.0,63725457468.40803,63184457468.40803,18.516924007772595,1.244733006492646,0.05448650172693311,0.04857358300867161,0.06531159475479754,18.516924007772595,0.12140253864521805,0.0,8.246047809059009,4.004364551238408,0.0036231884057971015,5.465116279069767,0.0001098462102601658,0.0,0.4365973234397774,0.13618101078452105,0.0,0.0,0.3928128872366791,0.8027268352190665,0.0,0.23240416451730933,-0.4850225687320476,0.40305010893246185,0.4017278617710583,0.8027268352190665,0.0,0.23240416451730933,Specialty Industrial Machinery,Industrials,HWM
2007Q2,2007,Q2,2007-07-26,2007-06-30,1377000000.0,0.0,1389000000.0,1.614,-12185000000.0,0.0,16122000000.0,16832000000.0,9941000000.0,7347000000.0,21142000000.0,3633000000.0,12146000000.0,65198282368.05285,65231282368.05285,19.72903057929413,1.3530692799782225,0.0744944795931026,0.07135218631178707,0.05398136417003044,19.72903057929413,0.08180846007604563,0.0,11.837015680474375,3.8734720988624556,0.026870007262164125,3.353977429121938,0.0005674996128138798,0.0,0.6118143459915611,0.08541123930033495,0.0,0.0,1.0482233502538072,0.8403658679769096,0.0,0.39099710915275787,-1.0284667887464625,1.0800604229607251,1.063893016344725,0.8403658679769096,0.0,0.39099710915275787,Specialty Industrial Machinery,Industrials,HWM
2007Q1,2007,Q1,2007-05-08,2007-03-31,662000000.0,0.0,673000000.0,0.788,-6007000000.0,0.0,15407000000.0,15422000000.0,9238000000.0,6904000000.0,20652000000.0,3780000000.0,11579000000.0,53437880946.221306,54194880946.221306,18.357316560746863,1.3380648899188876,0.07639384695268385,0.07631954350927246,0.028449825078777986,18.357316560746863,0.04292569057191026,0.0,20.18046863527995,3.465042208936669,0.052870090634441085,1.5891534391534392,0.0006549660910997429,0.0,0.3364716106604867,0.042967482313234245,0.0,0.0,-0.6965729688101655,0.970001226043059,0.0,0.325208918794765,0.7423878548760614,-0.7055160142348754,-0.6885701064322073,0.970001226043059,0.0,0.325208918794765,Specialty Industrial Machinery,Industrials,HWM
