Quarters,Year,Quarter,FillingDate,Date,NetIncome,Revenue,OperatingIncome,EPSDiluted,GrossProfit,GrossProfitRatio,TotalAssets,CommonStockEquity,CurrentAssets,CurrentLiability,TotalLiability,Inventory,RetainedEarnings,MarketCap,EnterpriseValue,bookValuePerShare,currentRatio,debtToAssets,debtToEquity,roic,shareholdersEquityPerShare,roe,priceToSalesRatio,peRatio,pbRatio,payoutRatio,inventoryTurnover,dividendYield,assetTurnover,quickRatio,returnOnAssets,priceToFreeCashFlowsRatio,grossProfitMargin,epsdilutedGrowth,fiveYNetIncomeGrowthPerShare,fiveYRevenueGrowthPerShare,fiveYShareholdersEquityGrowthPerShare,grossProfitGrowth,netIncomeGrowth,operatingIncomeGrowth,threeYNetIncomeGrowthPerShare,threeYRevenueGrowthPerShare,threeYShareholdersEquityGrowthPerShare,Industry,Sector,Symbol
2023Q1,2023,Q1,2023-03-31,2023-03-31,95830000.0,558607000.0,131676000.0,5.57,147197000.0,0.26350726,2891399000.0,1339585000.0,515439000.0,266591000.0,1551814000.0,36562000.0,-1205443000.0,948940114.5504,2136462114.5504,98.15247655334115,1.933444864980438,0.42510251957616363,0.9175535706954019,0.041918947024603935,98.15247655334115,0.07153708051374119,1.6987615882908735,2.4755820582030683,0.7083836520641841,0.0,11.252393195120616,0.0,0.19319609642252764,1.7962984496850982,0.033143125525048604,-42.28976846340746,0.2635072600235944,19.62962962962963,6.695054053404218,0.49650517570270025,-0.20156440517282423,0.48798067203105416,26.513637668676427,5.678297915504387,19.324068061125267,0.48532129029402504,-0.13207637157207364,Oil & Gas Drilling,Energy,PDS
2022Q4,2022,Q4,2022-12-31,2022-12-31,3483000.0,510504000.0,19717000.0,0.27,98924000.0,0.1937771301,2876123000.0,1230529000.0,470670000.0,410029000.0,1645594000.0,35158000.0,-1301273000.0,1405737995.48,2538083995.48,90.8944452651795,1.1478944172241476,0.4012112833839165,0.9377536002808549,0.0021948905448736164,90.8944452651795,0.002830489976262242,2.7536277785874352,100.8999422538042,1.142385100619327,0.0,11.706581716821207,0.0,0.17749727671591237,1.0621492626131321,0.0012110052316955846,13.81248460279249,0.1937771300518703,-0.8669950738916256,1.0802502957906948,0.5924760830743545,-0.2638439429167853,0.31865260800597184,-0.8864695720199485,-0.6014593818850686,4.429333865132516,0.43244060790536715,-0.15840790806870542,Oil & Gas Drilling,Energy,PDS
2022Q3,2022,Q3,2022-09-30,2022-09-30,30679000.0,429335000.0,49473000.0,2.03,75019000.0,0.1747330173,2927384000.0,1232796000.0,489584000.0,337295000.0,1694588000.0,30319000.0,-1304756000.0,940197631.7300001,2209146631.73,90.780265095729,1.4515009116648632,0.44715589072017886,1.06181152437224,0.01573224936062844,90.780265095729,0.024885706962060227,2.1898928150046006,7.66157332157176,0.7626546741958931,0.0,11.686269336059896,0.0,0.14666166105984046,1.3616122385448939,0.010480005356318132,-21.884910307720958,0.17473301734077118,2.1215469613259668,2.260062649473723,0.4738798621595603,-0.2833915113744378,3.7761507608072833,2.2465564178619317,8.708476160797757,10.359060968225352,0.232491228826729,-0.1455362926880342,Oil & Gas Drilling,Energy,PDS
2022Q2,2022,Q2,2022-06-30,2022-06-30,-24611000.0,326016000.0,-6418000.0,-1.81,15707000.0,0.048178617,2704686000.0,1179376000.0,394717000.0,283225000.0,1525310000.0,26547000.0,-1335435000.0,1112189355.2352,2259752355.2352,86.79540771268766,1.3936516903521934,0.4433801188012213,1.0168122803923432,-0.0031201453824309684,86.79540771268766,-0.020867814844460122,3.4114563556242636,-11.297685539344196,0.9430320400238771,0.0,11.689042076317474,0.0,0.12053746719582237,1.2999205578603583,-0.009099392683660876,11.61701054163655,0.048178617000392616,0.44307692307692303,0.2649828122671532,0.27677883771142053,-0.3280862142469232,-0.3430232558139535,0.4386689170696104,0.8020785148178987,-0.9277839215125585,-0.019446056286466906,-0.18057671606822231,Oil & Gas Drilling,Energy,PDS
2022Q1,2022,Q1,2022-03-31,2022-03-31,-43844000.0,351339000.0,-32427000.0,-3.25,23908000.0,0.0680482383,2692884000.0,1193414000.0,392943000.0,230195000.0,1499470000.0,24681000.0,-1310824000.0,1245469563.6768,2454243563.6768,88.53876400326433,1.7070005864593063,0.45782737020978254,1.0330664798636517,-0.013278221390167684,88.53876400326433,-0.03673829869600993,3.5449226065902164,-7.1017104032296325,1.0436190321856456,0.0,13.266520805477898,0.0,0.13046941494694908,1.5997827928495405,-0.016281429129513192,-12.246986741629955,0.06804823831114679,-0.5853658536585368,-1.1089527129692613,0.10518614738021247,-0.3298852776819093,1.012796767132514,-0.6038923031899327,-0.9116311973117963,-2.910137090496923,-0.11787299329708376,-0.17642883528931422,Oil & Gas Drilling,Energy,PDS
2021Q4,2021,Q4,2021-12-31,2021-12-31,-27336000.0,295202000.0,-16963000.0,-2.05,11878000.0,0.0402368548,2661752000.0,1225555000.0,319757000.0,238120000.0,1436197000.0,23429000.0,-1266980000.0,600720955.9968,1725907955.9968,92.11928743235117,1.3428397446665548,0.4379728088867783,0.951222099375385,-0.0071023794551635325,92.11928743235117,-0.022304996511784456,2.0349488011490435,-5.493863001141352,0.49016238030671816,0.0,12.09287634982287,0.0,0.11090514818811069,0.924811019653956,-0.010269927476338892,18.794260738879327,0.04023685476385661,0.28321678321678323,0.016062200450632794,0.14593190634023795,-0.3116375333345082,297.95,0.2812368531762726,0.2938850268492694,0.8478177907050386,-0.23670186547121777,-0.13134476795886024,Oil & Gas Drilling,Energy,PDS
2021Q3,2021,Q3,2021-09-30,2021-09-30,-38032000.0,253813000.0,-24023000.0,-2.86,-40000.0,-0.0001575963,2720415000.0,1253947000.0,332419000.0,212160000.0,1466468000.0,25770000.0,-1239644000.0,677539602.3528,1843164602.3528,94.25338244137102,1.5668316365007542,0.44946120352960856,0.9750978310885547,-0.008678983419418694,94.25338244137102,-0.03032983052712754,2.6694440487792193,-4.453746860228229,0.5403255499257943,0.0,9.850717889018238,0.0,0.09329936792731991,1.4453667043740572,-0.013980219929679847,285.76111444656266,-0.00015759634061297096,0.4991243432574431,0.1153130432342376,0.3861059034512154,-0.3005346621363883,0.9956989247311828,0.4989988407629887,0.4983398417106939,-0.3699284471255714,-0.26737437153727894,-0.19978714091196664,Oil & Gas Drilling,Energy,PDS
2021Q2,2021,Q2,2021-06-30,2021-06-30,-75912000.0,201359000.0,-47887000.0,-5.71,-9300000.0,-0.046186165,2696309000.0,1281656000.0,295941000.0,180434000.0,1414653000.0,24761000.0,-1201612000.0,690031383.84,1831113383.8400002,96.33613950691522,1.6401620537149317,0.446728843022072,0.9398145836324255,-0.018617257537073325,96.33613950691522,-0.05922962167695544,3.4268713285226884,-2.2724713610496363,0.5383904759467439,0.0,8.507693550341262,0.0,0.07467949704577628,1.502931819945243,-0.028154043175318555,31.416471673647788,-0.04618616500876544,-1.1148148148148147,-0.44997906884995637,0.3528099053019919,-0.30085098157217594,-3.422505860901276,-1.1024760427629756,-1.6093613775065387,-0.7732297279314704,-0.32846477352029224,-0.19958033262552866,Oil & Gas Drilling,Energy,PDS
2021Q1,2021,Q1,2021-03-31,2021-03-31,-36106000.0,236473000.0,-18352000.0,-2.7,3839000.0,0.0162344115,2795596000.0,1362340000.0,324314000.0,162682000.0,1433256000.0,25605000.0,-1125700000.0,361916833.19399995,1534449833.194,102.05558468799161,1.9935456903652524,0.44726205073980646,0.9178061276920593,-0.0065635143276584155,102.05558468799161,-0.026502928784297605,1.5304784613634534,-2.505932761826289,0.2656582300996814,0.0,9.085491115016598,0.0,0.08458768720516126,1.836152739700766,-0.01291531394378873,51.80601677555109,0.016234411539583802,0.014598540145985413,-0.9923529601498605,-0.14012326161531793,-0.27934960196659236,1.5627503337783712,0.03763526840449918,0.262883078282524,-1.1937948916826955,-0.3523003067111669,-0.16981400442291722,Oil & Gas Drilling,Energy,PDS
2020Q4,2020,Q4,2020-12-31,2020-12-31,-37518000.0,201688000.0,-24897000.0,-2.74,1498000.0,0.0074273135,2898878000.0,1406640000.0,342263000.0,166840000.0,1492238000.0,26282000.0,-1089594000.0,287613344.91969997,1476114344.9197,102.83207836830178,2.0514444977223687,0.44750865679756097,0.9222494739236763,-0.011435730392203487,102.83207836830178,-0.02667206961269408,1.4260310227663517,-1.9165023783230712,0.2044683393901069,0.0,7.617000228293128,0.0,0.06957450434271466,1.4353512347158954,-0.012942248690700334,-15.824668221166435,0.007427313474277102,-0.3236714975845413,0.8517481447220223,-0.37400199076801116,-0.2900098543091225,1.0941368692264186,-0.31753055204382635,0.10657767251587899,0.1444744056707892,-0.37733566796985474,-0.16716079698347583,Oil & Gas Drilling,Energy,PDS
2020Q3,2020,Q3,2020-09-30,2020-09-30,-28476000.0,164822000.0,-27867000.0,-2.07,-15913000.0,-0.0965465775,3073324000.0,1461553000.0,382165000.0,161992000.0,1611771000.0,29137000.0,-1052076000.0,233633318.4,1479102318.4,106.48837887067396,2.3591597115906957,0.4630992371777268,0.9737956817166398,-0.009756253067917763,106.48837887067396,-0.019483385138958354,1.4174886750555145,-2.051142351453856,0.1598527856328166,0.0,6.202937845351272,0.0,0.05362988087165558,2.1792928045829423,-0.009265537899681257,6.030958940602494,-0.09654657751999127,0.4185393258426967,0.6495268901620436,-0.5169384872624245,-0.3445392773106109,-8.639462313970235,0.4172754619681994,-0.6126736111111111,-0.1572237551816112,-0.4401542478173745,-0.15939355147036097,Oil & Gas Drilling,Energy,PDS
2020Q2,2020,Q2,2020-06-30,2020-06-30,-48867000.0,189759000.0,-17280000.0,-3.56,2083000.0,0.0109770815,3204233000.0,1494415000.0,400466000.0,162599000.0,1709818000.0,31502000.0,-1023600000.0,283098378.52744,1624775378.52744,108.98910411622276,2.4629056759266663,0.47337443937441503,1.0149804438526113,-0.006068142280080406,108.98910411622276,-0.03269975207689966,1.4918838027573924,-1.448310611084372,0.18943759165120802,0.0,5.957589994286077,0.0,0.05922134875959395,2.2691652470187393,-0.015250763599276332,3.51452345132202,0.010977081455952024,-8.368421052631579,-0.7502539819014017,-0.39409443368082486,-0.3449373429354951,-0.9569120658626895,-8.260375213189311,-1.6222990492653413,-0.44627645226512547,-0.26354443712325143,-0.15627700263844016,Oil & Gas Drilling,Energy,PDS
2020Q1,2020,Q1,2020-03-31,2020-03-31,-5277000.0,379484000.0,27768000.0,-0.38,48343000.0,0.1273914052,3372574000.0,1557386000.0,444357000.0,217410000.0,1815188000.0,31754000.0,-974733000.0,122353477.148628,1600351477.148628,113.08884023715903,2.0438664274872362,0.4670023548779063,1.011309977102658,0.006707212981941279,113.08884023715903,-0.0033883699994734767,0.32242064790248864,-5.796545250550881,0.07856336011022828,0.0,10.42832399067834,0.0,0.11252058516729359,1.8978105882894072,-0.0015646802709147376,1.9295307935315322,0.1273914051712325,-4.066666666666666,-1.233438956009802,-0.21220003455522227,-0.33602799480597134,-0.026363489889631837,-3.9736098020735158,9.182618261826182,0.7515580528015333,0.1683788824092923,-0.1440755060686783,Oil & Gas Drilling,Energy,PDS
2019Q4,2019,Q4,2019-12-31,2019-12-31,-1061000.0,372301000.0,2727000.0,-0.075,49652000.0,0.1333652072,3269840000.0,1527432000.0,417765000.0,216069000.0,1742408000.0,31718000.0,-969456000.0,517186699.4,1937095699.4,108.00296977196393,1.9334795829110145,0.4570896435299587,0.9785116456902828,7.15336527638082e-05,108.00296977196393,-0.0006946299409728223,1.3891627994552793,-121.86303001885014,0.3385988373950526,0.0,10.172425751938961,0.0,0.1138590879064419,1.480115148401668,-0.00032448070853619747,9.738395334036303,0.1333652071845093,0.6874999999999999,0.9903695965322676,-0.37692764194345274,-0.35236466956402496,0.3657543666620822,0.6997736276174307,-0.8138312397596942,0.9640743932315612,0.3595330439338925,-0.19294652887948294,Oil & Gas Drilling,Energy,PDS
2019Q3,2019,Q3,2019-09-30,2019-09-30,-3534000.0,375552000.0,14648000.0,-0.24,36355000.0,0.0968041709,3445734000.0,1555447000.0,495369000.0,268087000.0,1890287000.0,32249000.0,-968395000.0,441039248.475,1932368248.475,106.24238843486071,1.8477919481362393,0.4600151956012855,1.019057544230051,0.0018992990685992234,106.24238843486071,-0.002272015697095433,1.1743759811557388,-31.199720463709678,0.283545018554152,0.0,10.51806257558374,0.0,0.10899042119908268,1.654936643701485,-0.0010256160225948956,10.345748263546799,0.09680417092706203,0.7446808510638298,-1.066903002332562,-0.35769900107323005,-0.3887150952754603,0.511768130405855,0.7439315991594811,4.93975255513717,0.9252980653821555,0.8637063033337784,-0.21156285114486803,Oil & Gas Drilling,Energy,PDS
2019Q2,2019,Q2,2019-06-30,2019-06-30,-13801000.0,359424000.0,-3718000.0,-0.94,24048000.0,0.0669070513,3440348000.0,1555907000.0,443958000.0,242994000.0,1884441000.0,30559000.0,-964861000.0,752327962.4250001,2259065962.425,105.92255481956008,1.8270327662411419,0.4613829763733204,1.0201882246175382,-0.0007991461095860704,105.92255481956008,-0.008870067426909193,2.093148933919271,-13.62814220753931,0.48353016113752306,0.0,10.97470466965542,0.0,0.10447315213460964,1.621546211017556,-0.0040115127888225265,12.02954848776783,0.06690705128205128,-1.5875,-0.9154296375915191,-0.24686744103746142,-0.3724792153188381,-0.5901980164275247,-1.5517310306228511,-1.140333660451423,0.7612469633057591,1.1870557346604906,-0.2312786186937983,Oil & Gas Drilling,Energy,PDS
2019Q1,2019,Q1,2019-03-31,2019-03-31,25014000.0,434043000.0,26494000.0,1.6,58682000.0,0.1351985863,3631728000.0,1579165000.0,552022000.0,261762000.0,2052563000.0,31173000.0,-951060000.0,985905716.5944,2607305716.5944,107.50590573963007,2.1088698894415536,0.4742728530330465,1.0907219954849556,0.005917343755622559,107.50590573963007,0.015840016717695745,2.2714471068405664,9.85353918400096,0.6243209016121811,0.0,12.041221569948354,0.0,0.11951418167880414,1.8547726560768942,0.006887630351171674,-31.996420880615325,0.13519858631518075,1.1185185185185185,-0.7551386835878645,-0.35812643578057957,-0.37551563071185096,0.3727746976396004,1.126124399983865,-0.2526585991932527,2.2543640328873513,0.4343031149747263,-0.24086296698937615,Oil & Gas Drilling,Energy,PDS
2018Q4,2018,Q4,2018-12-31,2018-12-31,-198328000.0,427010000.0,35451000.0,-13.5,42747000.0,0.1001077258,3636043000.0,1557752000.0,522701000.0,282162000.0,2078291000.0,34081000.0,-978874000.0,696330322.296,2305957322.296,106.04815815809002,1.8524854516199913,0.46926095208445007,1.0953303221565436,0.010734811095096906,106.04815815809002,-0.1273168001068206,1.6307119793353786,-0.8777509003973216,0.44700974371787033,0.0,11.274991930987941,0.0,0.11743810510491763,1.448249587116621,-0.05454500950621321,11.016490354005823,0.10010772581438374,-5.4593301435406705,-3.7868538945322716,-0.28111580795275504,-0.3803588947134582,1.1192305785533687,-5.471156356042808,4.338449948206046,0.27020034721535585,0.23421295460096897,-0.26780486735624676,Oil & Gas Drilling,Energy,PDS
2018Q3,2018,Q3,2018-09-30,2018-09-30,-30648000.0,382457000.0,-10619000.0,-2.09,20171000.0,0.0527405695,3785874000.0,1729914000.0,484052000.0,261028000.0,2055960000.0,32115000.0,-780546000.0,1316263627.0,2905152627.0,117.78538843875536,1.854406423831926,0.44868133487802286,0.9819280033573924,-0.002377483819601528,117.78538843875536,-0.017716487640426055,3.4415989954426247,-10.736945534782041,0.760883851451575,0.0,11.280896777206912,0.0,0.10102211536886858,1.7313736457391544,-0.008095356580805383,448.6242764144513,0.052740569528077666,0.35093167701863365,-1.9808749901639997,-0.2621703876187302,-0.2840018410947755,2.5917022792022792,0.3509117478874134,0.6162824311628243,0.6475016283260647,0.047488176798745334,-0.2750035576926387,Oil & Gas Drilling,Energy,PDS
2018Q2,2018,Q2,2018-06-30,2018-06-30,-47217000.0,330716000.0,-27674000.0,-3.22,5616000.0,0.0169813375,3858221000.0,1766065000.0,444375000.0,248226000.0,2092156000.0,33784000.0,-749898000.0,1285922188.8932,2927095188.8932,120.35703698150755,1.7902032824925673,0.44990735367414153,0.9828868133392599,-0.0061906422100803295,120.35703698150755,-0.02673570904808147,3.8882974784806295,-6.808576301402038,0.7281284601037901,0.0,9.622898413450153,0.0,0.08571722563326466,1.6541015042743306,-0.012238023690192968,13.835749057403541,0.01698133746174966,-1.6178861788617889,-95.09161532778525,-0.17729039301650448,-0.26684307713435146,-0.8564563950516307,-1.6119931404547214,-3.7235508316110617,-0.5802897584969785,-0.01324188903207125,-0.27661208814559046,Oil & Gas Drilling,Energy,PDS
2018Q1,2018,Q1,2018-03-31,2018-03-31,-18077000.0,401006000.0,10161000.0,-1.23,39124000.0,0.097564625,3929703000.0,1802408000.0,492910000.0,222737000.0,2127295000.0,26787000.0,-702681000.0,1001924646.489,2696814646.489,122.93098803365173,2.2129686581035033,0.45213671363968216,0.9857718119315937,0.002257478430861258,122.93098803365173,-0.010029360721878731,2.4985278187583226,-13.856345722312884,0.5558811581445489,0.0,13.50961287191548,0.0,0.10204486191450092,2.092705747136758,-0.004600093187704007,123.58759670519304,0.09756462496820496,0.616822429906542,-1.1826652943367382,-0.3652824232723528,-0.24919231421002927,1.0447371171736177,0.6154238910754175,2.088950809130854,-1.751099336008011,-0.21808752808450826,-0.27824235836166034,Oil & Gas Drilling,Energy,PDS
2017Q4,2017,Q4,2017-12-31,2017-12-31,-47005000.0,347187000.0,-9331000.0,-3.21,19134000.0,0.0551115105,3892931000.0,1810336000.0,441746000.0,209625000.0,2082595000.0,24631000.0,-684604000.0,1179934853.6088,2845290853.6088,123.4717073786229,2.107315444245677,0.44450749319728505,0.9558650990755307,-0.001926144650553123,123.4717073786229,-0.025964793275944354,3.398557128028411,-6.275581606258909,0.6517767163713255,0.0,13.318704072104259,0.0,0.0891839593355238,1.739635062611807,-0.012074449816860355,-708.2442098492196,0.0551115105116263,-0.7932960893854748,0.6192051711245523,-0.3871745361409687,-0.2142006468096356,2.816876122082585,-0.7881462319777837,0.49411764705882355,0.588464211609627,-0.43954313861938316,-0.2596070258393379,Oil & Gas Drilling,Energy,PDS
2017Q3,2017,Q3,2017-09-30,2017-09-30,-26287000.0,314504000.0,-18445000.0,-1.79,5013000.0,0.0159393839,3967987000.0,1857382000.0,484953000.0,218794000.0,2110605000.0,25282000.0,-637599000.0,1146733630.2552,2792658630.2552,126.68042108996416,2.216482170443431,0.44800222379760823,0.9570820649710183,-0.0027305726607722907,126.68042108996416,-0.014152716027182346,3.646165486782998,-10.905900542618022,0.617392453601467,0.0,12.241555256704375,0.0,0.07926034031865528,2.100930555682514,-0.00662476968800553,33.492030440585296,0.015939383918805484,0.27235772357723576,-1.629370648740901,-0.3886555869239156,-0.23669239815203585,1.2601318042654766,0.2724328812621091,0.5304106520023422,-1.4969191635426136,-0.4628935724218549,-0.27112115722132923,Oil & Gas Drilling,Energy,PDS
2017Q2,2017,Q2,2017-06-30,2017-06-30,-36130000.0,275524000.0,-39279000.0,-2.46,-19271000.0,-0.0699430903,4078083000.0,1893978000.0,446188000.0,202285000.0,2184105000.0,25737000.0,-611312000.0,1299188527.7074003,3048897527.7074003,129.17640559407172,2.2057394270459993,0.4523627890849696,0.9740202895704174,-0.00519878250311192,129.17640559407172,-0.019076251149696563,4.715337058504524,-8.989679820837257,0.6859575600706028,0.0,11.454132183238139,0.0,0.06756213642537437,2.078508045579257,-0.008859554844764072,-50.55601711056893,-0.06994309025711008,-0.5974025974025974,-2.8642499152540557,-0.3203341409087279,-0.21361689377910825,-2.550237309950929,-0.5976828513310338,-2.026583448913546,-4.0237389271496395,-0.42160139327380036,-0.23471559443810827,Oil & Gas Drilling,Energy,PDS
2017Q1,2017,Q1,2017-03-31,2017-03-31,-22614000.0,345800000.0,-12978000.0,-1.54,12431000.0,0.0359485252,4261536000.0,1937207000.0,504238000.0,255346000.0,2324329000.0,25577000.0,-575182000.0,1845335432.6600003,3617494432.6600003,132.124785584455,1.9747244914743134,0.4441447872316461,0.9770453028509601,-0.0016700567759348854,132.124785584455,-0.011673507271035052,5.336424038924235,-20.400365179313702,0.9525752450099552,0.0,13.033936740039879,0.0,0.08114445120257109,1.874558442270488,-0.005306537361176815,158.01810521150884,0.035948525159051475,0.26315789473684204,-1.191691445303983,-0.49129576230294036,-0.18599329803841083,2.979773849339067,0.2614148540074466,0.6433145527002886,-1.2217777001970835,-0.4876754407130501,-0.232508550805832,Oil & Gas Drilling,Energy,PDS
2016Q4,2016,Q4,2016-12-31,2016-12-31,-30618000.0,283903000.0,-36385000.0,-2.09,-6279000.0,-0.0221167089,4324214000.0,1962118000.0,471610000.0,240736000.0,2362096000.0,24136000.0,-552568000.0,2142499290.0555003,3933728290.0555,133.8238092477467,1.9590339625149542,0.4409897382506971,0.9718752898653394,-0.0035208500163620184,133.8238092477467,-0.015604566086239462,7.546589116900844,-17.493788703177056,1.0919319276697428,0.0,12.022787537288698,0.0,0.06565424375389377,1.6267571115246577,-0.007080593143632577,-29.522802359833822,-0.02211670887591889,0.35294117647058826,-2.0277987704996754,-0.5449780685309447,-0.1337968581304812,0.8104796112402282,0.35373704540177725,0.3519227686443546,-1.4310329198110145,-0.5211556989591563,-0.21806531564354903,Oil & Gas Drilling,Energy,PDS
2016Q3,2016,Q3,2016-09-30,2016-09-30,-47377000.0,201802000.0,-56143000.0,-3.23,-33131000.0,-0.1641757763,4450324000.0,1975700000.0,609923000.0,217817000.0,2474624000.0,25438000.0,-521950000.0,1612172263.0068,3265302263.0067997,134.7506121307607,2.8001625217499093,0.4506017988802613,1.0149941792782304,-0.00797780764783956,134.7506121307607,-0.02397985524118034,7.9888814927840155,-8.507146204945437,0.8160005380405931,0.0,9.23551379825458,0.0,0.045345462487675056,2.6833764123094155,-0.010645741748241252,-26.582885600389137,-0.16417577625593405,0.18020304568527917,-1.5342380411207324,-0.6146856876739657,-0.11610408820846192,0.2390850003445029,0.17858071675017773,0.2228266888150609,-2.5188746051056072,-0.6100205026734751,-0.18087301425215574,Oil & Gas Drilling,Energy,PDS
2016Q2,2016,Q2,2016-06-30,2016-06-30,-57677000.0,163979000.0,-72240000.0,-3.94,-43541000.0,-0.265527903,4512400000.0,2019555000.0,669195000.0,166836000.0,2492845000.0,23748000.0,-474573000.0,2005244685.14,3598851685.1400003,137.79056677151064,4.011094727756599,0.45414546582749754,1.0147215599476123,-0.00947064470506302,137.79056677151064,-0.028559261817578625,12.228667604632301,-8.691699833295768,0.9929141247155933,0.0,8.738420077480209,0.0,0.03633964187572024,3.868751348629792,-0.01278188990337736,-61.21202372294637,-0.2655279029631843,-1.8970588235294117,-4.308403474338769,-0.5532142600915835,-0.05022762761981022,-2.229693854496159,-1.900819795805462,-11.711743772241993,-116.06790203575443,-0.591606714226888,-0.1606464360730638,Oil & Gas Drilling,Energy,PDS
2016Q1,2016,Q1,2016-03-31,2016-03-31,-19883000.0,301727000.0,6744000.0,-1.36,35408000.0,0.1173511154,4619026000.0,2074100000.0,738849000.0,193434000.0,2544926000.0,23665000.0,-416896000.0,1600555697.2020001,3167045697.202,141.615941608431,3.8196439095505443,0.4422676988611885,0.9849312955016634,0.0009324503534047213,141.615941608431,-0.009586326599488935,5.304648563774538,-20.124675567092495,0.7716868507796153,0.0,11.25370800760617,0.0,0.06532264594310576,3.6973024390748264,-0.004304587157552263,18.827187573688732,0.11735111541227666,0.9264864864864866,-1.285462797969701,-0.45940504462427717,-0.0175615019492198,0.353361617551504,0.926617998759928,1.0388736778395826,-1.2011341351752802,-0.5219008011034107,-0.1350729454733788,Oil & Gas Drilling,Energy,PDS
2015Q4,2015,Q4,2015-12-31,2015-12-31,-270952000.0,344953000.0,-173485000.0,-18.5,26163000.0,0.0758451151,4878690000.0,2121209000.0,780599000.0,243784000.0,2757481000.0,24245000.0,-397013000.0,1600930454.0159998,3336681454.016,144.83592341727208,3.2020107964427527,0.44694579897472475,1.0279562268498768,-0.02622181195160908,144.83592341727208,-0.1277347022382047,4.6410103811707675,-1.4771347452832972,0.7547254674178734,-0.07567392010392984,13.148690451639514,0.01280755197614292,0.0707060706870082,2.8946403373478162,-0.055537859548362364,340.5510431857051,0.07584511513162663,-2.125,-47.01129022503624,-0.25449287208404503,-0.22548269978033633,0.7464121220212269,-2.1251672433679354,-13.932432432432432,-1.1974748422561632,-0.39043806453474506,-0.0782343797108111,Oil & Gas Drilling,Energy,PDS
2015Q3,2015,Q3,2015-09-30,2015-09-30,-86700000.0,364089000.0,-11618000.0,-5.92,14981000.0,0.0411465329,5268980000.0,2379374000.0,823436000.0,288478000.0,2889606000.0,21279000.0,-105557000.0,1442194176.9984002,3118221176.9984,162.4634019773857,2.854415241370226,0.4013869857164005,0.8888472346087668,-0.0016849120828759398,162.4634019773857,-0.03643815558209849,3.9611034032843624,-4.1585760582422155,0.6061233656408788,-0.23649365628604382,16.40622209690305,0.014217225618449259,0.06910047105891463,2.780652250778222,-0.016454797702781184,193.4013915781682,0.041146532853230944,-1.9019607843137254,-2.33590508774622,-0.045951214875584526,-0.14426727320354862,2.1334448860071116,-1.9077371969010968,0.6387550138366345,-3.0781128283244814,-0.29148035238493714,-0.02108353694725499,Oil & Gas Drilling,Energy,PDS
2015Q2,2015,Q2,2015-06-30,2015-06-30,-29817000.0,334462000.0,-32161000.0,-2.04,4781000.0,0.0142945985,5193847000.0,2436339000.0,767701000.0,258963000.0,2757508000.0,18417000.0,1647000.0,2475987547.152,4022869547.152,166.37966298465165,2.964520027957662,0.3813310249608816,0.8129307949345309,-0.0029971059760511877,166.37966298465165,-0.012238444649944035,7.402896434130035,-20.75986473448033,1.0162738219730505,-0.6874601737263977,17.900906770918173,0.008278716919872147,0.06439581296869161,2.893401760097002,-0.005740831410705783,43.566785387668915,0.014294598489514504,-2.275,0.578276732153778,0.2023275365064039,-0.12016362371745062,-0.9484994721761424,-2.2406690800149796,-1.6801235011736841,-2.540474000601979,-0.17389155893395705,0.012864195966295148,Oil & Gas Drilling,Energy,PDS
2015Q1,2015,Q1,2015-03-31,2015-03-31,24033000.0,512120000.0,47287000.0,1.6,92834000.0,0.1812739202,5492647000.0,2493680000.0,1011922000.0,427435000.0,2998967000.0,12391000.0,51962000.0,2340537082.312,3901323082.312,170.32169933747696,2.3674289658076666,0.3659383171720302,0.8060256327997177,0.004505176293080788,170.32169933747696,0.009637563761188284,4.570290327095211,24.347117321100153,0.9385875823329376,0.8528689718303999,33.837946896941325,0.008757391692231987,0.0932373771698782,2.3384397627709474,0.004375485990634388,-219.06936375065516,0.181273920174959,1.2053915275994866,-0.6352188105691989,0.2919323936113555,-0.09526530448214801,-0.2877660309033159,1.210734453368875,3.066287961546865,-0.7959886526796743,-0.2455454242349491,0.04933381073736178,Oil & Gas Drilling,Energy,PDS
2014Q4,2014,Q4,2014-12-31,2014-12-31,-114044000.0,618525000.0,-22885000.0,-7.79,130342000.0,0.2107303666,5308996000.0,2441366000.0,1153852000.0,500222000.0,2867630000.0,9170000.0,48426000.0,2067092924.0346003,3427797924.0346003,166.76509865398867,2.306679834153636,0.3488768874566867,0.7586678933023562,-0.004079653490642807,166.76509865398867,-0.046713192532377365,3.341971503228811,-4.531349575678248,0.8466952206406578,-0.17972010802848024,53.236968375136314,0.009915374273545201,0.11650507930313,2.147594468056183,-0.021481274425522265,-10.164547749760773,0.2107303665979548,-3.1638888888888888,-3.3143265362391987,1.0354840907985947,-0.11072843979184337,0.007723649521040953,-3.159392573798118,-1.2491480953262277,-4.834137852040669,-0.0071500628332144996,0.07942266193336221,Oil & Gas Drilling,Energy,PDS
2014Q3,2014,Q3,2014-09-30,2014-09-30,52813000.0,584590000.0,91853000.0,3.6,129343000.0,0.2212542124,5317581000.0,2544084000.0,1118836000.0,425590000.0,2773497000.0,13517000.0,182966000.0,3500382679.0036006,4736610679.003601,173.8017536728413,2.628905754364529,0.3374314373396475,0.7052907844237848,0.01839019890321383,173.8017536728413,0.020759141600670418,5.987756682467372,16.569701962602014,1.3758911572902468,0.33260750194081,33.67958866612414,0.005018308456777144,0.10993532585587319,2.5971451396884326,0.009931771608180486,-38.52755716868383,0.22125421235395748,8.346938775510203,-0.30645513254224555,1.1726081753595199,-0.09813300893983726,0.9909337191761844,8.361722888207415,2.8639155308766617,-0.4034854367254239,0.11803144296312056,0.14005166362101884,Oil & Gas Drilling,Energy,PDS
2014Q2,2014,Q2,2014-06-30,2014-06-30,-7174000.0,475174000.0,23772000.0,-0.49,64966000.0,0.1367204435,5061476000.0,2468724000.0,1088679000.0,342418000.0,2592752000.0,13573000.0,147719000.0,4406336796.1608,5546157796.1608,168.79529316846205,3.1793860135857344,0.3390935766562955,0.6952231193118388,0.02731233716415581,168.79529316846205,-0.0029059546551173806,9.273101634687084,-153.55229983833289,1.7848640820767327,-2.4467521605798717,30.222353201208282,0.003983581104216492,0.09388052022769643,3.0680513290773264,-0.0014173731140876692,82.27224310393966,0.13672044345860673,-1.07,-1.1085167545603907,0.9709790656005535,-0.21613612189524503,-0.6209485912329119,-1.0706401331272093,-0.8193191405270238,-1.4123833946212587,0.2974413375213497,0.16348390020823075,Oil & Gas Drilling,Energy,PDS
2014Q1,2014,Q1,2014-03-31,2014-03-31,101557000.0,672249000.0,131569000.0,7.0,171391000.0,0.2549516623,4736927000.0,2513928000.0,727671000.0,338252000.0,2222999000.0,13606000.0,172446000.0,3857789873.6999993,5102616873.699999,172.15147572416626,2.1512688764589716,0.28520431072718666,0.5374028214014085,0.031211630406050652,172.15147572416626,0.040397736132458846,5.738632372379876,9.4966124287346,1.5345665721929982,0.17258288448851383,36.81155372629722,0.0045432749252332615,0.14191668987088044,2.1110444284143184,0.02143942686893845,60.15765147361526,0.25495166225609855,0.45833333333333337,0.09706718850356366,-0.07021006896233245,-0.409196701057836,0.21306985072936646,0.495222390718629,0.22273749558558392,0.4623553926251582,0.2079902829117989,0.19427400140667725,Oil & Gas Drilling,Energy,PDS
2013Q4,2013,Q4,2013-12-31,2013-12-31,67921000.0,566909000.0,107602000.0,4.8,141287000.0,0.2492234203,4579123000.0,2399343000.0,642681000.0,336898000.0,2179780000.0,12378000.0,88416000.0,2793723477.4371996,4036385477.4371996,171.14448549866614,1.9076426692945638,0.28897847906684315,0.5515126432527571,0.022319609945187325,171.14448549866614,0.02830816602711659,4.927992812668699,10.28298860969803,1.1643701952731225,0.244666597959394,34.38536112457586,0.005948333875636249,0.12380296401734568,1.626076735391721,0.014832752909236113,-97.71680578654073,0.24922342033730283,1.4,-0.524964411083379,0.09315488360412369,-0.3329547651164837,0.5636703705343309,1.3068641103148457,1.064663443088495,11.049079320694217,0.27992041722453614,-0.0847963562601707,Oil & Gas Drilling,Energy,PDS
2013Q3,2013,Q3,2013-09-30,2013-09-30,29443000.0,488450000.0,52116000.0,2.0,90356000.0,0.1849851571,4424413000.0,2276702000.0,579150000.0,370895000.0,2147711000.0,12745000.0,37113000.0,2840279336.8768,4029440336.8768,164.5051554585721,1.561493144960164,0.2872643218433722,0.5582531222795079,0.016750812672820692,164.5051554585721,0.012932302954009791,5.814882458546013,24.11676236182454,1.2475411085319026,0.46999286757463576,31.235307963907413,0.004872056005314042,0.11039882578773727,1.527130319901859,0.006654668088173505,-49.328389462769415,0.184985157129696,59.60606060606061,-0.837557106196985,-0.2230697930198903,-0.2507561666603956,0.900271299080948,61.24735729386892,2.3262701046719427,-0.5199139820429777,0.3544520384343428,-0.13351288019788585,Oil & Gas Drilling,Energy,PDS
2013Q2,2013,Q2,2013-06-30,2013-06-30,473000.0,378898000.0,15668000.0,0.033,47549000.0,0.1254928767,4370678000.0,2270510000.0,540598000.0,297472000.0,2100168000.0,9278000.0,21508000.0,2546843257.5168,3698616257.5168,164.16272318765658,1.8173071751290877,0.29267015323480705,0.5633831165685242,-0.0006390527860509491,164.16272318765658,0.00020832324015309335,6.7217120637131895,1346.1116583069766,1.1217053690654522,29.243128964059196,35.713408062082344,0.005431037013831135,0.08669089784239424,1.7861176850258176,0.00010822119588768607,55.23647214185824,0.1254928767108826,-0.995,-0.9901082511975237,0.24361210039421724,-0.2336883550545575,-0.718626656172887,-0.9949310385476836,-0.8797433378361783,1.007082936760896,0.44207195177627623,-0.1318870774282845,Oil & Gas Drilling,Energy,PDS
2013Q1,2013,Q1,2013-03-31,2013-03-31,93313000.0,595720000.0,130288000.0,6.6,168989000.0,0.2836718593,4378670000.0,2263582000.0,673955000.0,356875000.0,2115088000.0,12030000.0,34867000.0,2559798543.7056003,3706115543.7056003,163.73165906567473,1.8884903677758318,0.28345456497064175,0.5483141322028537,0.031244839752081706,163.73165906567473,0.041223600470404874,4.296982716218358,6.858097327557791,1.1308618568735749,0.1481572771210871,35.472236076475475,0.0054008156360565536,0.136050444541379,1.8547810858143607,0.021310808989944436,-37.83494012009992,0.2836718592627409,1.8108108108108107,-0.6006160318520345,-0.20935042252096203,-0.2507552235867689,2.6834424155484493,1.8020784087881105,2.244143963483924,0.49993960354943173,0.5915394318279816,-0.1302710500914948,Oil & Gas Drilling,Energy,PDS
2012Q4,2012,Q4,2012-12-31,2012-12-31,-116339000.0,533948000.0,-104721000.0,-8.14,-100383000.0,-0.1880014533,4300263000.0,2171300000.0,676102000.0,398081000.0,2128963000.0,13787000.0,-44621000.0,2259915843.2111998,3325943843.2111998,157.1287974179729,1.6984030888186072,0.2834235952545228,0.5613208676829549,-0.020245303259489755,157.1287974179729,-0.05358034357297472,4.232464290925708,-4.856316117577081,1.0408123443150183,-0.11879937080428747,46.009356640313335,0.006115714459685905,0.12416635912733709,1.5220620928906428,-0.027053926701692432,-44.899287608749724,-0.1880014533250429,-3.907142857142858,-1.5926256091418551,-0.023167239374355494,-0.24961611763058958,-1.5444797005939306,-3.9559925807353205,-2.410459822751394,-3.6626152400967733,0.861543118223916,-0.16211382380776068,Oil & Gas Drilling,Energy,PDS
2012Q3,2012,Q3,2012-09-30,2012-09-30,39357000.0,484761000.0,74246000.0,2.8,184365000.0,0.3803214367,4506689000.0,2292921000.0,737686000.0,414033000.0,2213768000.0,14541000.0,85539000.0,2124950216.5709999,3104534216.571,165.9624780144616,1.7817082213253532,0.2676965284269671,0.5261520130872368,0.017681072603841518,165.9624780144616,0.017164568687713183,4.383500769597801,13.497917883546762,0.9267437546130024,0.0,20.658551681452444,0.0,0.10756477760058437,1.7465878323708497,0.00873301885264326,-11.973776626477035,0.38032143674924346,1.3333333333333333,-0.755026699013839,-0.038140561540210366,-0.1999855807275613,0.5055980661968266,1.1552488910793495,1.43246076729024,-0.45241212613608933,0.9087797166949746,-0.13881144745215737,Oil & Gas Drilling,Energy,PDS
2012Q2,2012,Q2,2012-06-30,2012-06-30,18261000.0,381966000.0,30523000.0,1.2,122453000.0,0.3205861255,4481139000.0,2269350000.0,806435000.0,359615000.0,2211789000.0,13135000.0,46182000.0,1913448692.6126003,2758097692.6126003,164.2665064549169,2.242495446519194,0.27738327242248006,0.5477308480401877,0.010947291242126704,164.2665064549169,0.008046797541146143,5.009473860533661,26.195836654791638,0.8431703759281735,0.0,19.757365816520746,0.0,0.08523859670498951,2.205970273764999,0.004075080018718456,35.256646016594196,0.3205861254666646,-0.8461538461538461,-0.6768678298290719,0.42494836861556745,-0.18835550561299216,-0.5680365457880626,-0.8356064493477733,-0.8212415812591508,-0.7075714797290552,0.6773117704545099,-0.23716723152959865,Oil & Gas Drilling,Energy,PDS
2012Q1,2012,Q1,2012-03-31,2012-03-31,111081000.0,640066000.0,170750000.0,7.8,283480000.0,0.4428918268,4488470000.0,2240852000.0,1000394000.0,413161000.0,2247618000.0,10818000.0,27921000.0,2739752972.5931,3591510972.5931,162.31412501403412,2.421317597740348,0.272119898317244,0.5450614319910463,0.038185779392030016,162.31412501403412,0.04957087750552022,4.280422601095981,6.1661152055551804,1.222638966158006,0.0,32.962285080421516,0.0,0.14260226758784172,2.395134100265998,0.024748076738844195,-46.24602016429114,0.44289182678036326,2.9,-0.6799289497464286,-0.2899058098147409,-0.2169958833838956,0.067110354900396,2.960671753547743,2.8913831217666766,0.269253500813086,-0.06359298517974597,-0.4429573134949285,Oil & Gas Drilling,Energy,PDS
2011Q4,2011,Q4,2011-12-31,2011-12-31,28046000.0,587408000.0,43879000.0,2.0,265652000.0,0.4522444366,4427874000.0,2132591000.0,1050882000.0,440453000.0,2295283000.0,7163000.0,-83160000.0,2874854989.251,3646994989.251,154.49471697703143,2.385911777193026,0.2799573790943464,0.5812722645833167,0.020717186615709496,154.49471697703143,0.013151138685289396,4.894136595434519,25.62624785398096,1.3480573580452135,0.0,44.91916794639118,0.0,0.1326614081611175,2.2642120725707398,0.006333965239299944,-26.343397683964078,0.45224443657559993,-0.6551724137931034,-0.8997486640315043,-0.18433271883160357,-0.20181788427326156,0.26154328345450834,-0.6639909905592563,-0.639579773951899,-0.8007820375136937,0.15038627803899574,-0.3978481721223236,Oil & Gas Drilling,Energy,PDS
2011Q3,2011,Q3,2011-09-30,2011-09-30,83468000.0,492944000.0,121744000.0,5.8,210577000.0,0.427182398,4351524000.0,2103813000.0,1074428000.0,346135000.0,2247711000.0,7063000.0,-66820000.0,2373375292.7830005,3134268292.7830005,152.45076974916574,3.104072110592688,0.290022070428659,0.5998812632111314,0.024824379466773083,152.45076974916574,0.03967462887623567,4.814695569441966,7.108638318825779,1.1281303484592027,0.0,39.97833781679173,0.0,0.11328077243742651,3.0836667774134368,0.01918132589869664,-11.902882684034205,0.4271823980005842,3.833333333333333,-0.7281308988071171,-0.35847863297875804,-0.20402436190153947,0.7154809329455565,4.088581357068829,2.045655817676932,-0.5381639509240639,-0.2136631267422962,-0.3056582402902049,Oil & Gas Drilling,Energy,PDS
2011Q2,2011,Q2,2011-06-30,2011-06-30,16403000.0,345325000.0,39973000.0,1.2,122751000.0,0.3554651415,3637755000.0,2000669000.0,597119000.0,220063000.0,1637086000.0,10202000.0,-150288000.0,3795431978.7160006,4394621978.716001,145.07746358866888,2.7134002535637523,0.2216795798507596,0.403073172023958,0.009604414491765809,145.07746358866888,0.008198757515611029,10.990898367381455,57.846613099981724,1.897081415624474,0.0,21.816702607331894,0.0,0.09492805315366208,2.6670408019521683,0.004509099705725097,60.80669003678427,0.35546514153333814,-0.7391304347826086,-0.9154926840973657,-0.29730955839463385,-0.22569054052309984,-0.4446284356973193,-0.7498017083587554,-0.6752591557534202,-0.6559601055330393,0.13674807976481748,-0.3227783530365765,Oil & Gas Drilling,Energy,PDS
2011Q1,2011,Q1,2011-03-31,2011-03-31,65560000.0,525350000.0,123092000.0,4.6,221025000.0,0.4207195203,3642850000.0,1987151000.0,648183000.0,238376000.0,1655699000.0,10610000.0,-166691000.0,3599742314.4338,4281462314.4338,144.14738621237456,2.719162163976239,0.22273988772527004,0.40832729873069534,0.037336794060182456,144.14738621237456,0.0329919568266327,6.852083971511945,13.726900222825655,1.8115091980598355,0.0,28.682846371347786,0.0,0.1442140082627613,2.674652649595597,0.0179968980331334,68.53779967316173,0.4207195203197868,10.499999999999998,-0.8669264795775853,-0.554335579648645,-0.24467016792000895,0.22931672182207513,10.827530218293344,-0.1558691820793987,-0.7185981864970057,-0.3007538715600258,-0.34037389732964546,Oil & Gas Drilling,Energy,PDS
2010Q4,2010,Q4,2010-12-31,2010-12-31,5543000.0,435537000.0,145821000.0,0.4,179795000.0,0.4128122295,4296788000.0,2577919000.0,676665000.0,216516000.0,1718869000.0,4933000.0,169318000.0,2670570934.164,3218233934.164,187.0015342151746,3.125242476306601,0.18723148547240404,0.3120710930017584,-0.019105149630117745,187.0015342151746,0.0021501839274236313,6.131674080879466,120.44790430110051,1.035940591680344,0.0,51.843097506588286,0.0,0.10136339051403048,3.102458940678749,0.0012900333923851956,-74.68874969694596,0.41281222950059354,-0.9047619047619048,-0.9791329664326898,-0.5367907005243402,0.09164297946598256,0.31537746823033647,-0.9092471921150005,1.5135917811525004,-0.9716965149076097,-0.2012952715054884,-0.10695595231884424,Oil & Gas Drilling,Energy,PDS
2010Q3,2010,Q3,2010-09-30,2010-09-30,61078000.0,359152000.0,58013000.0,4.2,136687000.0,0.3805825946,4188496000.0,2616772000.0,557808000.0,165751000.0,1571724000.0,9733000.0,163775000.0,1926208444.3240004,2401273444.3240004,189.85297265138956,3.365337162370061,0.1632504841833441,0.2613043857088046,0.017469815578710406,189.85297265138956,0.023340971242431514,5.363212356673499,7.884215447149548,0.7361009840842077,0.0,22.85677591698346,0.0,0.08574724674441614,3.3066165513330237,0.014582322628456611,60.593552622731146,0.3805825945560654,1.8695652173913047,18.770903408215936,-0.07692339390246714,-0.4864249766194222,0.6511681283370782,1.9178174823808736,5.159532515953251,-0.6189234070249718,-0.28567980902163204,-0.0848225606175109,Oil & Gas Drilling,Energy,PDS
2010Q2,2010,Q2,2010-06-30,2010-06-30,-66547000.0,261828000.0,-13947000.0,-4.83,82782000.0,0.3161693936,4194948000.0,2606321000.0,487108000.0,143575000.0,1588627000.0,9427000.0,102697000.0,1938769256.4200003,2460143256.42,189.10295990219518,3.3927076440884556,0.1686573945612675,0.27145888783461436,-0.0047724034165656974,189.10295990219518,-0.02553292552989444,7.404743787601022,-7.283458519617715,0.7438720159258971,0.0,18.99289275485308,0.0,0.06241507642049437,3.3270485808810726,-0.015863605460663635,16.113441293384312,0.3161693936477382,-2.0977272727272727,-6.4883042442255086,0.2729195422165728,-0.20621711391167638,-0.4236882227219248,-2.073044487801732,-1.2221673542858054,-2.1803396797350048,-0.020930786616532207,-0.06563803182222207,Oil & Gas Drilling,Energy,PDS
2010Q1,2010,Q1,2010-03-31,2010-03-31,62017000.0,373136000.0,62777000.0,4.4,143641000.0,0.3849561554,4170858000.0,2594506000.0,532456000.0,138551000.0,1576352000.0,9149000.0,169244000.0,2136601218.3457963,2730748218.3457966,188.25596075984268,3.84303252953786,0.17410446483673145,0.27988565067878046,0.01837888853719701,188.25596075984268,0.023903201611405023,5.726065612392791,8.61296587365479,0.8235098390004866,0.0,25.08416220351951,0.0,0.08946264773339202,3.7769990833700224,0.014869122851940775,162.59045874330693,0.3849561553964238,3.4309392265193375,-0.31490824846570276,-0.27897054955427314,0.5963820304827464,0.23578096098421303,3.4921438617641147,12.024273858921163,-0.8209937132384679,-0.5853236487770824,-0.09185234347453385,Oil & Gas Drilling,Energy,PDS
2009Q4,2009,Q4,2009-12-31,2009-12-31,-24885000.0,286067000.0,4820000.0,-1.81,116235000.0,0.4063208969,4191713000.0,2584501000.0,449459000.0,128599000.0,1607212000.0,9008000.0,107227000.0,2102675444.2000003,2747517444.2000003,187.53000333773528,3.4950427297257365,0.1850415331393156,0.30011247819211523,0.0008566091474610691,187.53000333773528,-0.009628551120699895,7.350290121544954,-21.12392449467551,0.8135711474671513,0.0,18.853463587921848,0.0,0.06824584603001208,3.4249955287366154,-0.005936713701534433,37.12416257702291,0.4063208968528352,-1.362,-1.4318098195163378,-0.3557871948849783,0.7033569047251796,0.05401802716770344,-1.3470904931934835,-0.9004008761416704,-1.089093266058048,-0.6021412240371197,-0.031144250397836575,Oil & Gas Drilling,Energy,PDS
2009Q3,2009,Q3,2009-09-30,2009-09-30,71696000.0,253337000.0,48394000.0,5.0,110278000.0,0.4353015943,4360861000.0,2655936000.0,461556000.0,182355000.0,1704925000.0,9108000.0,132112000.0,1981503936.118008,2642897936.1180077,192.71328853995848,2.531084971621288,0.19237554235276016,0.31586717451022917,0.011098686592233047,192.71328853995848,0.026994626376539193,7.82161285606922,6.909395001527309,0.7460661462166287,0.0,15.706960913482652,0.0,0.05809334441065652,2.4811384387595625,0.01644079001830143,344.60938019443614,0.4353015943190296,0.13636363636363627,1.484714805087942,-0.3422382042903083,0.7532071811099733,0.3127395662214604,0.24742931709438887,2.368882701009398,-0.7661667099341595,-0.6698709561176419,0.006194216454493301,Oil & Gas Drilling,Energy,PDS
2009Q2,2009,Q2,2009-06-30,2009-06-30,57475000.0,209597000.0,14365000.0,4.4,84006000.0,0.4007977213,4521430000.0,2738081000.0,414047000.0,160384000.0,1783349000.0,8924000.0,60416000.0,1442181503.1350996,2168632503.1350994,215.33750678316673,2.5815979150039903,0.20047418626408017,0.33104572143775146,0.003762064434745452,215.33750678316673,0.020990978718306727,6.880735426247035,6.273081788321443,0.5267125052674116,0.0,14.073397579560735,0.0,0.04635635186213211,2.525956454509178,0.012711686347018532,11.798819474070404,0.40079772134143143,-0.2666666666666666,4.4444885389088045,-0.2415031368856911,1.1792036375872148,-0.5685007499332251,0.0010101537872058799,-0.8854812736172452,-0.6788568369609196,-0.5374381989480232,0.1493023406800175,Oil & Gas Drilling,Energy,PDS
2009Q1,2009,Q1,2009-03-31,2009-03-31,57417000.0,448445000.0,125438000.0,6.0,194684000.0,0.4341312759,4853916000.0,2639209000.0,608574000.0,241091000.0,2214707000.0,10377000.0,2941000.0,612674878.9789962,1741047878.9789963,291.38543409016887,2.5242501793928436,0.2592146217610688,0.47673602204296817,0.034046865140461846,291.38543409016887,0.02175538201029172,1.3662207828808353,2.6676545229592112,0.23214337287384068,0.4743020359823746,24.454177507950273,0.044449349784641004,0.09238829019702854,2.481208340419178,0.01182900569354723,4.836626924064892,0.43413127585322614,-0.4117647058823529,0.20660325601778398,0.4241375977671673,1.9679682202121256,0.2709823495463121,-0.3784357104938719,0.12476649783661918,-0.8226172633320897,-0.4209893318341966,0.526854678291686,Oil & Gas Drilling,Energy,PDS
2008Q4,2008,Q4,2008-12-31,2008-12-31,92374998.0,335048880.0,111523592.0,10.2,153176006.0,0.4571751023,4833702039.0,2323879310.0,685229480.0,339900437.0,2509822729.0,8652258.0,-48068237.0,1847973622.7878604,3203765268.7878604,256.5710337898636,2.015971165109152,0.29321254735288,0.6098862715895517,0.02694131310087981,256.5710337898636,0.03975034228434178,5.515534398407362,5.00128190202467,0.7952106698638581,0.5309467719826094,21.020278637091035,0.02654053412624402,0.06931517029736388,1.9905123217008398,0.019110610719214008,-112.64248427937468,0.45717510233133746,-0.21538461538461545,1.5979383159799283,0.4338489907799777,1.8126673579247103,0.1664710795432937,0.12174502071491207,0.1614387792605166,-0.47071640839894924,-0.4576513824898443,0.4977629405369126,Oil & Gas Drilling,Energy,PDS
2008Q3,2008,Q3,2008-09-30,2008-09-30,82349372.0,285638706.0,96021929.0,13.0,131315734.0,0.45972668,1974134554.0,1380581222.0,344541197.0,151871407.0,593553332.0,8599106.0,-62893336.0,2215715196.682455,2440850389.682455,219.5615741344487,2.2686376837214657,0.11741049642759052,0.1678887951729652,0.050894221565238,219.5615741344487,0.05964833556167259,7.757055154431539,6.726569805178523,1.6049147716732128,0.5955836190226199,17.946397218501552,0.022135487933393008,0.1446905964039977,2.2120167162209805,0.04171416372462725,-30.68145862786561,0.459726680038944,2.823529411764706,5.51788572101168,0.8242574660633286,1.4526520484298033,1.4908466945967205,2.78804801248322,3.329225776220855,57.431206600969446,0.6092346256165921,-0.4060596523993872,Oil & Gas Drilling,Energy,PDS
2008Q2,2008,Q2,2008-06-30,2008-06-30,21739263.0,138514146.0,22179931.0,3.4,52719316.0,0.3806060068,1756301649.0,1347022186.0,192987991.0,104692652.0,409279463.0,8301445.0,-96195807.0,3491762847.9449224,3589594111.9449224,214.22449243785684,1.8433766583733115,0.05975516623796098,0.07791118668330531,0.016637191645008657,214.22449243785684,0.016138756455493154,25.208709354096747,40.15502788600656,2.592208862063184,2.2560624525311646,10.334927232548068,0.01404595247035907,0.07886694525332077,1.7640831755795048,0.012377864026021876,20.647356859749728,0.38060600684062984,-0.7971360381861575,9.005431875085149,0.15732922292429624,1.4485941258902442,-0.6833662011328671,-0.7954256239842924,-0.8214726017504095,2.9298725293827896,0.4760563749070391,-0.10076639749014167,Oil & Gas Drilling,Energy,PDS
2008Q1,2008,Q1,2008-03-31,2008-03-31,106265816.0,342689024.0,124238247.0,16.76,166499332.0,0.4858612921,1919945479.0,1374088057.0,372400988.0,131171690.0,545857422.0,8826252.0,-68890032.0,2991400515.6800003,3215455654.6800003,218.52892969035767,2.839034764284885,0.11669869871341279,0.16305733672496361,0.06768991881456765,218.52892969035767,0.07733552115430402,8.729198504122502,7.037541865015181,2.1770078711047267,0.6508843069534233,19.962005616880187,0.023121862698575194,0.17848893510168265,2.771746975281023,0.05534835085804017,88.40068273897622,0.4858612921317258,0.17945109078114008,2.7177895447040914,0.6957580606148368,1.5129494836063773,0.36597770057479667,0.1896168011358618,0.5990362067113465,1.5729531782573487,0.45139747693605536,0.8530922213047383,Oil & Gas Drilling,Energy,PDS
2007Q4,2007,Q4,2007-12-31,2007-12-31,89327770.0,248725509.0,77695706.0,14.21,121890227.0,0.4900592122,1763477009.0,1316672957.0,271823418.0,131449002.0,446804052.0,9255140.0,-126109842.0,1903170225.099146,2037111033.099146,209.3978843493058,2.067900203609001,0.07595268172844095,0.10172670995322948,0.06296714123171931,209.3978843493058,0.06784355182894518,7.651688935127059,5.326367783218886,1.4454388350433371,0.549041121254902,13.704307228199681,0.025769959172961005,0.14104267179589863,1.9974916127548843,0.050654343404598366,46.49154070346881,0.49005921222177495,0.2918181818181819,28.9356923661731,0.8738291353597524,1.5510520810327142,0.163838809704001,0.2294235866089431,0.058501963922570045,2.3973608535340594,0.2276716776631319,0.9019854198950078,Oil & Gas Drilling,Energy,PDS
2007Q3,2007,Q3,2007-09-30,2007-09-30,72658253.0,227928053.0,73401570.0,11.0,104731193.0,0.4594923337,1729046010.0,1296202922.0,248412998.0,98896949.0,432843089.0,8761801.0,-116090629.0,2382386187.992911,2506043148.992911,207.4493584320564,2.511836821174332,0.07158469368897824,0.0954890834600356,0.05015545931103804,207.4493584320564,0.0560546900232956,10.452360543758564,8.197231868459976,1.8379731657424165,0.6750323875802519,14.060677707699593,0.020587205486328124,0.13182301204350252,2.4232415703744308,0.04202216284574174,-115.33741851405344,0.4594923337497206,1.75,16.656570788666926,0.7717705591544145,1.537340723378409,1.0904917521927806,1.8247981956624504,1.7111071647821858,4.554073410445451,0.3053075364919964,0.8872684269737098,Oil & Gas Drilling,Energy,PDS
2007Q2,2007,Q2,2007-06-30,2007-06-30,25721573.0,122005313.0,27074389.0,4.0,50098831.0,0.4106282732,1629941552.0,1272590861.0,171427205.0,93698193.0,357350691.0,8545165.0,-139703507.0,3273106609.95,3331696407.95,202.387261406829,1.8295678871843344,0.03594595028767019,0.0460397758584878,0.020538892093912776,202.387261406829,0.020211973689476307,26.827574385633515,31.812854232806835,2.5720022909625464,2.4934355297788358,8.414873440126668,0.01959456004428152,0.07485256931470632,1.7383690633180087,0.0157806719930777,18.572637078591764,0.41062827321298706,-0.8413328044426814,21.73021858065323,0.0368579828215816,1.484142923641985,-0.7684747867549885,-0.8372745912481112,-0.8480496631713971,3.927159453740029,-0.10717065658279573,1.0481478719040935,Oil & Gas Drilling,Energy,PDS
2007Q1,2007,Q1,2007-03-31,2007-03-31,158067343.0,410541974.0,178179197.0,25.21,216386070.0,0.5270741695,1825997463.0,1303460563.0,406165821.0,162684502.0,522536900.0,8406365.0,-108834179.0,3316962197.2900004,3489308830.2900004,207.29664323542042,2.4966472897338434,0.09438492467390684,0.13222236091541806,0.10859207495911627,207.29664323542042,0.12126745333682949,8.079471545801065,5.246121897060673,2.5447353694044983,0.5489655380618373,23.096297151027823,0.026160540530397076,0.22483162343802227,2.444974481957722,0.0865649302383505,32.973046233439646,0.527074169522067,0.24370991613221515,5.9074564403414325,1.1178472596634417,1.557813087904712,0.2557575751807609,0.24036557680719228,0.34580605388105123,3.7848295107593914,0.8780218949130117,1.111463983093233,Oil & Gas Drilling,Energy,PDS
