Quarters,Year,Quarter,FillingDate,Date,NetIncome,Revenue,OperatingIncome,EPSDiluted,GrossProfit,GrossProfitRatio,TotalAssets,CommonStockEquity,CurrentAssets,CurrentLiability,TotalLiability,Inventory,RetainedEarnings,MarketCap,EnterpriseValue,bookValuePerShare,currentRatio,debtToAssets,debtToEquity,roic,shareholdersEquityPerShare,roe,priceToSalesRatio,peRatio,pbRatio,payoutRatio,inventoryTurnover,dividendYield,assetTurnover,quickRatio,returnOnAssets,priceToFreeCashFlowsRatio,grossProfitMargin,epsdilutedGrowth,fiveYNetIncomeGrowthPerShare,fiveYRevenueGrowthPerShare,fiveYShareholdersEquityGrowthPerShare,grossProfitGrowth,netIncomeGrowth,operatingIncomeGrowth,threeYNetIncomeGrowthPerShare,threeYRevenueGrowthPerShare,threeYShareholdersEquityGrowthPerShare,Industry,Sector,Symbol
2023Q2,2023,Q2,2023-05-31,2023-04-30,9504566.0,9760018.0,9760018.0,1.03,9760018.0,1.0,10242411.0,592291.0,10242410.0,9650120.0,9650120.0,0.0,592290.0,131425437.0,121183027.0,0.06444537293035595,1.0613764388422113,0.0,0.0,16.035530298911663,0.06444537293035595,16.047122107207436,13.465696169822637,3.456902635007217,221.8933547867518,0.0,0.0,0.0,0.9529023976874195,1.0613764388422113,0.92796178556006,13.827610540028866,1.0,-0.009615384615384623,6.791068511251866,4.513383770910289,15.111062753311757,2.5770163926735803,-0.003297813950357036,0.05821161482686183,19.1622514870472,8.513012627136403,3.4570020317555876,Oil & Gas E&P,Energy,NRT
2023Q1,2023,Q1,2023-02-28,2023-01-31,9536014.0,2728536.0,9223125.0,1.04,2728536.0,1.0,9928435.0,737845.0,9928434.0,9190590.0,9190590.0,0.0,737844.0,140340309.29999998,130411875.29999998,0.08028265867588479,1.0802825498689421,0.0,0.0,13.211547690035538,0.08028265867588479,12.92414260447655,51.43428904731328,3.6792183112357004,190.20296850964635,0.0,0.0,0.0,0.2748203518480002,1.0802825498689421,0.9604750396210481,14.716873244942802,1.0,1.3111111111111113,5.378237773613023,0.2724789998265143,6.089414568060185,0.051587824635157604,0.38523291009901,0.4893176053105087,5.950493115479621,0.6435627223087279,5.12828073089701,Oil & Gas E&P,Energy,NRT
2022Q4,2022,Q4,2022-12-30,2022-10-31,6884051.0,2594682.0,6192853.0,0.45,2594682.0,1.0,7173458.0,392421.0,7193457.0,6801037.0,6781037.0,0.0,392420.0,142821768.6,135628311.6,0.04269812928223324,1.0577000242757097,0.0,0.0,15.43860527798049,0.04269812928223324,17.542514289500307,55.04403568529785,5.186690532943466,363.9503711575069,,0.0,,0.3617058885686652,1.0577000242757097,0.959655859140738,0.0,1.0,-0.042553191489361625,2.423490721235232,0.3141349880801706,2.4070829498688986,2.877886165981913,0.6036993370229327,0.4642207869433707,3.5407420404033343,0.20895040459373593,4.244096697892584,Oil & Gas E&P,Energy,NRT
2022Q3,2022,Q3,2022-08-31,2022-07-31,4292607.0,669097.0,4229453.0,0.47,669097.0,1.0,4537079.0,309408.0,4537078.0,4227671.0,4227671.0,0.0,309407.0,158905301.1,154368223.1,0.03366573854344498,1.0731861585255806,0.0,0.0,12.99054269071774,0.03366573854344498,13.873613481228668,237.4921739299384,9.254591737608404,513.5785147766056,,0.0,,0.14747307684084848,1.0731861585255806,0.946116873874138,0.0,1.0,0.205128205128205,1.3320589951398765,-0.6512994897932594,1.7478019928598068,-0.45470155962084025,0.20579932179165655,0.1817134826359251,1.1224639845258064,-0.7006746147135795,3.164475012450031,Oil & Gas E&P,Energy,NRT
2022Q2,2022,Q2,2022-05-27,2022-04-30,3559968.0,1227029.0,3579085.0,0.39,1227029.0,1.0,3736895.0,244471.0,3736894.0,3492424.0,3492424.0,0.0,244470.0,183811800.0,180074906.0,0.026600142101867237,1.0700000916269043,0.0,0.0,13.84032309692518,0.026600142101867237,14.56192350012885,149.8023274103546,12.90824805166788,751.8756825962997,0.0,0.0,0.0,0.32835522539434475,1.0700000916269043,0.9526540082073486,51.632992206671524,1.0,0.6250000000000001,1.9052709924037912,-0.28854933593709237,0.5384726723514051,-0.14668114098622412,0.6059235654710698,0.48417805898669414,0.7784252103031695,-0.46720408163265315,1.5877066706183711,Oil & Gas E&P,Energy,NRT
2022Q1,2022,Q1,2022-02-25,2022-01-31,2216773.0,2546539.0,2411493.0,0.24,1437949.0,0.564667967,2474574.0,176927.0,2474573.0,2297647.0,2297647.0,0.0,176926.0,104772726.0,102298153.0,0.01925088596053137,1.0770031253713037,0.0,0.0,12.84722175469947,0.01925088596053137,12.529308697937568,41.14318531936876,11.8159060490181,592.1805377359025,0.0,0.0,0.0,1.029081773266833,1.0770031253713037,0.8958200482184004,47.2636241960724,0.5646679669936333,0.7142857142857141,1.4022403700067403,1.0639904230365846,1.831874129679722,-0.02897904802807552,0.7783294345664988,0.6982931101143631,0.8856347890586257,0.7274145616137935,1.2504356453274654,Oil & Gas E&P,Energy,NRT
2021Q4,2021,Q4,2021-12-30,2021-10-31,1246548.0,1480863.0,1419951.0,0.14,1480863.0,1.0,1485347.0,106759.0,1485346.0,1378588.0,1378588.0,0.0,106758.0,83818180.8,82408743.8,0.011616120401410574,1.0774401053831892,0.0,0.0,12.158893637073009,0.011616120401410574,11.676280219934618,56.60090150135428,16.81005881843298,785.1158291104261,,0.0,,0.9969811767889928,1.0223772439626633,0.8392301596865918,0.0,1.0,0.2727272727272728,0.15603722175955734,-0.05135276414358257,0.2263537574379122,0.05763916812304888,0.25050334207097047,0.18472503001546037,-0.05913875829212903,-0.22063205693227977,-0.19309026045681973,Oil & Gas E&P,Energy,NRT
2021Q3,2021,Q3,2021-08-30,2021-07-31,996837.0,1400159.0,1198549.0,0.11,1400159.0,1.0,1408440.0,121758.0,1408439.0,1286682.0,1286682.0,0.0,121757.0,69388954.5,67980515.5,0.013248115735768867,1.0946286650469967,0.0,0.0,8.18773173790076,0.013248115735768867,8.187034938156014,49.557910565871445,17.402282043102332,569.8923643620953,,0.0,,0.9941204453153843,1.0946286650469967,0.7077596489733322,0.0,1.0,17.923076923076923,-0.46609210854724387,-0.40001842591283265,0.5844416104937148,3.9398953566728645,17.705272154444295,9.708501228501229,-0.43606046737130094,-0.31833234340464067,0.09802683789048398,Oil & Gas E&P,Energy,NRT
2021Q2,2021,Q2,2021-05-28,2021-04-30,-59672.0,283439.0,111925.0,-0.0065,283439.0,1.0,577617.0,209993.0,577616.0,367624.0,367624.0,0.0,209992.0,49721091.9,49143475.9,0.0228486963296154,1.5712140665462537,0.0,0.0,-0.2843727347383677,0.0228486963296154,-0.2841618530141481,175.42078507192022,-208.3099774601153,236.77499678560716,0.0,0.0,0.0,0.4907040478379272,1.5712140665462537,-0.10330720875597497,0.0,1.0,-1.670103092783505,-1.045381294285586,-0.8453241551980905,0.15238936693300556,-0.1869546260333779,-1.6717323517161415,-0.48845510470845255,-1.0489142418710566,-0.8398867724790015,4.7120746402633085,Oil & Gas E&P,Energy,NRT
2021Q1,2021,Q1,2021-02-25,2021-01-31,88833.0,348614.0,218798.0,0.0097,348614.0,1.0,649586.0,465775.0,649585.0,183811.0,183811.0,0.0,465774.0,36119018.7,35469433.7,0.05067955376096638,3.5339832763001127,0.0,0.0,0.19085080975519236,0.05067955376096638,0.19072084160807257,103.60748191409411,101.648651683496,77.54606558960872,0.0,0.0,0.0,0.5366710489450204,3.5339832763001127,0.13675325515020337,0.0,1.0,-0.9253846153846154,-0.943551036514885,-0.8450660909246863,4.893573407903228,-0.7509213254511601,-0.9232057968458643,-0.8288375396814222,-0.9405833510580661,-0.8374205090035387,3.475292331639075,Oil & Gas E&P,Energy,NRT
2020Q4,2020,Q4,2020-12-30,2020-10-31,1156767.0,1399614.0,1278306.0,0.13,1399614.0,1.0,1441903.0,430938.0,1441902.0,1010965.0,1010965.0,0.0,430937.0,28766546.7,28116961.7,0.04688904629626607,1.4262630259207787,0.0,0.0,2.6847854557345006,0.04688904629626607,2.6843002937777594,20.55320016804633,6.217014035670105,66.75333040947886,0.0,0.0,0.0,0.9706713974518397,0.6425395537926635,0.8022502207152631,0.0,1.0,0.4772727272727274,-0.6345092163619929,-0.5954457755058684,3.493102980888532,0.09702748968509763,0.43065432535452003,0.2262163302893101,-0.42473100633172006,-0.29113404756080324,2.7414957717619686,Oil & Gas E&P,Energy,NRT
2020Q3,2020,Q3,2020-08-28,2020-07-31,808558.0,1275824.0,1042480.0,0.088,1275824.0,1.0,1174792.0,163827.0,1174791.0,1010965.0,1010965.0,0.0,163826.0,27571770.0,26396979.0,0.017825515010461788,1.1620491312755634,0.0,0.0,4.938175949790476,0.017825515010461788,4.935437992516496,21.610951040268876,8.524982128678461,168.29808273361533,0.0,0.0,0.0,1.0859999046639746,1.1620491312755634,0.6882563040946823,0.0,1.0,0.7153996101364521,-0.7558927961689542,-0.6060003674954874,0.7765379485344351,0.2435355981929208,0.7152124292538884,0.3906556817211645,-0.5607319847839999,-0.33510316182256894,0.4549208717429531,Oil & Gas E&P,Energy,NRT
2020Q2,2020,Q2,2020-05-28,2020-04-30,471404.0,1025965.0,749632.0,0.0513,1025965.0,1.0,868137.0,132890.0,868136.0,735247.0,735247.0,0.0,132889.0,31339911.900000002,30471775.900000002,0.014459354622499752,1.1807406218590488,0.0,0.0,3.55631488853811,0.014459354622499752,3.547324855143352,30.546765143060437,16.6205165314677,235.8334855895854,0.0,0.0,0.0,1.1818007987218606,1.1807406218590488,0.5430064609618067,0.0,1.0,-0.658,-0.8466727055988057,-0.701989390344185,1.6254025327459156,-0.38199905429377734,-0.65640882483923,-0.5489660234773139,-0.6152896972941565,-0.4051293974671331,-0.16371416884301943,Oil & Gas E&P,Energy,NRT
2020Q1,2020,Q1,2020-02-27,2020-01-31,1371991.0,1660135.0,1662030.0,0.15,1660135.0,1.0,1590894.0,120400.0,1590893.0,1470494.0,1470494.0,0.0,120399.0,50548245.0,48957352.0,0.013100355907509747,1.081876566650391,0.0,0.0,12.492414490548251,0.013100355907509747,11.395274086378738,30.44827378496327,9.210746462622568,419.83592192691026,0.0,0.0,0.0,1.0435233271355602,1.081876566650391,0.8624025233610787,419.8394089651907,1.0,-0.31818181818181823,-0.5569815261376155,-0.5656576703196421,-0.2934562547313197,-0.22648676025415765,-0.09503035164105977,-0.22560381543983932,0.486779281183016,0.3455528232427779,0.9271091761768332,Oil & Gas E&P,Energy,NRT
2019Q4,2019,Q4,2019-12-30,2019-10-31,1516063.0,2146227.0,2146227.0,0.22,2146227.0,1.0,2096761.0,74831.0,2096760.0,2021930.0,2021930.0,0.0,74830.0,56242734.564,54651841.564,0.008142132333179916,1.0370091941857533,0.0,0.0,26.925878663860573,0.008142132333179916,20.25982547340006,26.20539885296383,9.274471866274688,751.5967254747364,0.0,0.0,0.0,1.0235916253688426,0.7868190293432512,0.7230499804221845,751.6067695309368,1.0,0.0,-0.5855240729152058,-0.5190896294334417,-0.22818037419807324,-0.039869819043997584,-0.2503881404069491,-0.039869819043997584,0.4059829693942468,0.37488228895610964,-0.14040710363682307,Oil & Gas E&P,Energy,NRT
2019Q3,2019,Q3,2019-08-29,2019-07-31,2022464.0,2235350.0,2235350.0,0.22,2235350.0,1.0,2096227.0,74297.0,2096226.0,2021930.0,2021930.0,0.0,74296.0,65988436.199999996,63892210.199999996,0.008084029425749598,1.036745090087194,0.0,0.0,26.575677538601884,0.008084029425749598,27.22134137313754,29.520404500413804,8.156935821848993,888.1709382613026,0.0,0.0,0.0,1.0663682893121784,1.036745090087194,0.9648115399715775,888.182892753311,1.0,0.0,-0.5283418536483436,-0.581900061143387,1.0278672416616628,-0.029374728614850194,0.010346431352919166,-0.029374728614850194,0.08323576450222753,-0.042131063946487815,-0.0331702365770501,Oil & Gas E&P,Energy,NRT
2019Q2,2019,Q2,2019-05-30,2019-04-30,2001753.0,2303000.0,2303000.0,0.22,2303000.0,1.0,2116404.0,94474.0,2116403.0,2021930.0,2021930.0,0.0,94473.0,65161283.1,63044880.1,0.010279427109685015,1.0467241694816338,0.0,0.0,21.204433192852402,0.010279427109685015,21.188401041556407,28.2940873208858,8.138027406478221,689.7271535025509,0.0,0.0,0.0,1.088166531531787,1.0467241694816338,0.9458274507135689,689.7344542885269,1.0,0.6923076923076923,-0.6105539668182943,-0.5651051556094542,1.1784767219314227,0.5622127661883705,0.7027341527086766,0.5622127661883705,0.52235792297987,0.25677295848065274,-0.48155017999824384,Oil & Gas E&P,Energy,NRT
2019Q1,2019,Q1,2019-02-27,2019-01-31,1175611.0,1474191.0,1474191.0,0.13,1474191.0,1.0,1457208.0,78619.0,1457207.0,1378589.0,1378589.0,0.0,78618.0,58544058.300000004,57086851.300000004,0.008554293032329807,1.057027874152485,0.0,0.0,16.638204318275786,0.008554293032329807,14.95326829392386,39.712668372008785,12.449708768461676,744.6553415840955,0.0,0.0,0.0,1.011654478976234,1.057027874152485,0.8067557960153938,744.6648134015112,1.0,-0.3157894736842105,-0.7629246786727778,-0.7060289557862218,0.6559037870171446,-0.22414348433383402,-0.11268011723140069,-0.22414348433383402,-0.2529575449247531,-0.34482787738402415,-0.005213144209234455,Oil & Gas E&P,Energy,NRT
2018Q4,2018,Q4,2018-12-28,2018-10-31,1324901.0,1900082.0,1900082.0,0.19,1900082.0,1.0,1878518.0,132306.0,1878517.0,1746212.0,1746212.0,0.0,132305.0,66080342.1,64623135.1,0.014395811367931765,1.0757668599230792,0.0,0.0,13.285159146581472,0.014395811367931765,10.013914712862606,34.777626491909295,12.468920715585542,499.4508344292776,0.0,0.0,0.0,1.0114792618436448,0.8344960405723932,0.7052905535107995,499.4546094251918,1.0,-0.050000000000000044,-0.7274070980265885,-0.5946362881721468,1.2761930977531566,-0.07494474250494153,-0.25046517061536033,-0.07494474250494153,-0.5813857892446972,-0.4507870027127061,0.3794663802900606,Oil & Gas E&P,Energy,NRT
2018Q3,2018,Q3,2018-08-30,2018-07-31,1767631.0,2054020.0,2054020.0,0.2,2054020.0,1.0,1857100.0,110888.0,1857099.0,1746212.0,1746212.0,0.0,110887.0,73708531.8,71851432.8,0.012065384268039376,1.0635014534317713,0.0,0.0,16.145464788712022,0.012065384268039376,15.940687901305822,35.88501173308926,10.424762266559027,664.7115269461077,0.0,0.0,0.0,1.1060362931452263,1.0635014534317713,0.951823272844758,664.7175214407459,1.0,0.5384615384615385,-0.6036156098619856,-0.6604007298502538,0.08576408267974821,0.16030529176535852,0.44895981821922715,0.16030529176535852,-0.46634445418253806,-0.36567808321765466,0.20246809156663098,Oil & Gas E&P,Energy,NRT
2018Q2,2018,Q2,2018-05-30,2018-04-30,1219931.0,1770241.0,1770241.0,0.13,1770241.0,1.0,1599163.0,36763.0,1599162.0,1562400.0,1562400.0,0.0,36762.0,80141944.80000001,78542782.80000001,0.004000069636443362,1.0235291858678957,0.0,0.0,39.29077031999005,0.004000069636443362,33.18366292195958,45.27177079279037,16.423458539868243,2179.9620487990646,0.0,0.0,0.0,1.1069797137627622,1.0235291858678957,0.7628559440157132,2180.0213481312226,1.0,-0.40909090909090906,-0.7911986985123778,-0.6945666490793215,-0.7403046015173564,-0.17443108790505665,-0.18403958033183376,-0.17443108790505665,-0.6032093075448164,-0.48580058808271265,-0.2737025110140862,Oil & Gas E&P,Energy,NRT
2018Q1,2018,Q1,2018-02-27,2018-01-31,1495086.0,2144268.0,2144268.0,0.22,2144268.0,1.0,2126006.0,104077.0,2126005.0,2021929.0,2021929.0,0.0,104076.0,78671450.4,76545445.4,0.011324300180945946,1.0514736175206942,0.0,0.0,19.235497036970873,0.011324300180945946,14.365191156547557,36.68918735904281,13.155004193738687,755.896599632964,0.0,0.0,0.0,1.008589815833069,1.0514736175206942,0.7032369617018954,755.903862561974,1.0,0.09999999999999995,-0.7268256407351713,-0.5575251662220116,0.14370329670329668,0.08601269929058401,-0.2564824042633184,0.08601269929058401,-0.5172339191634516,-0.4389936007740084,-0.3892445732863086,Oil & Gas E&P,Energy,NRT
2017Q4,2017,Q4,2017-12-28,2017-10-31,2010828.0,1974441.0,1974441.0,0.2,1974441.0,1.0,1953296.0,115178.0,1953295.0,1838118.0,1838118.0,0.0,115177.0,61209329.4,59256034.4,0.012532166052451475,1.0626602862275436,0.0,0.0,15.896922893412796,0.012532166052451475,17.45843824341454,31.00083993393573,7.609965820050249,531.432473215371,0.0,0.0,0.0,1.0108252922240153,1.0626602862275436,1.0294538052604418,531.4370872656867,1.0,0.11111111111111122,-0.5716047258572381,-0.663339899108684,0.16324758451558555,0.02898172323759791,0.09242926852589295,0.02898172323759791,-0.4502604446463883,-0.5575821416039376,0.18796542690348003,Oil & Gas E&P,Energy,NRT
2017Q3,2017,Q3,2017-08-30,2017-07-31,1840694.0,1918830.0,1918830.0,0.18,1918830.0,1.0,1858814.0,112602.0,1858813.0,1746212.0,1746212.0,0.0,112601.0,56430222.599999994,54571409.599999994,0.012251879367918708,1.0644830066452413,0.0,0.0,14.846232645274492,0.012251879367918708,16.346903252162484,29.40866184080924,7.664259051205686,501.14760483827996,0.0,0.0,0.0,1.0322872541308599,1.0644830066452413,0.9902518487594778,501.1520554879619,1.0,0.3846153846153845,-0.6700038758419017,-0.7015242561772354,-0.026325559362009414,0.11256773696777268,0.5021806050199616,0.11256773696777268,-0.5707323739554249,-0.6411019725428971,2.073366450133741,Oil & Gas E&P,Energy,NRT
2017Q2,2017,Q2,2017-05-30,2017-04-28,1225348.0,1724686.0,1724686.0,0.13,1724686.0,1.0,1537494.0,158905.0,1537493.0,1378589.0,1378589.0,0.0,158904.0,65345094.900000006,63807601.900000006,0.017289967238229537,1.1152656810695574,0.0,0.0,9.016435825321528,0.017289967238229537,7.711198514835909,37.88811116922153,13.331946291992153,411.2211377867279,0.0,0.0,0.0,1.1217513694362384,1.1152656810695574,0.7969774190988713,411.2237256456729,1.0,0.3,-0.8043235878490873,-0.7362164037195823,0.5373192086296136,0.39787192999803855,0.3278673246683442,0.39787192999803855,-0.7616054938510711,-0.6743130483749228,2.6641916664745082,Oil & Gas E&P,Energy,NRT
2017Q1,2017,Q1,2017-02-27,2017-01-31,922794.0,1233794.0,1233794.0,0.1,1233794.0,1.0,1165348.0,62477.0,1165347.0,1102871.0,1102871.0,0.0,62476.0,63323165.099999994,62157818.099999994,0.006797931362404372,1.0566485110225947,0.0,0.0,16.900130562564215,0.006797931362404372,14.77013941130336,51.32393665393088,17.15528197517539,1013.5436256542407,0.0,0.0,0.0,1.0587343866381544,1.0566485110225947,0.7918613152466044,1013.5598485818554,1.0,-0.33333333333333326,-0.8482062960253083,-0.7957990134816668,-0.3049616197574813,-0.20962623300316588,-0.14420927873103254,-0.20962623300316588,-0.813908100495119,-0.7539669482959167,0.3159147394582753,Oil & Gas E&P,Energy,NRT
2016Q4,2016,Q4,2016-12-29,2016-10-31,1078294.0,1561026.0,1561026.0,0.15,1561026.0,1.0,1465642.0,87054.0,1465641.0,1378588.0,1378588.0,0.0,87053.0,71263834.86,69798193.86,0.009472079594454763,1.063146494819337,0.0,0.0,15.707917924827123,0.009472079594454763,12.386495738277391,45.65192050612866,16.522357274546646,818.6164318698738,0.0,0.0,0.0,1.0650800127179763,1.063146494819337,0.7357144514144655,818.6258355254845,1.0,-0.25000000000000006,-0.8150200064297837,-0.7670891974428617,-0.17134803640933247,-0.33108537196775895,-0.4224635763859505,-0.33108537196775895,-0.778145468498765,-0.6669705341033774,0.4976774593125279,Oil & Gas E&P,Energy,NRT
2016Q3,2016,Q3,2016-08-30,2016-07-29,1867058.0,2333670.0,2333670.0,0.2,2333670.0,1.0,2282588.0,76846.0,2282587.0,2205742.0,2205742.0,0.0,76845.0,88597287.60000001,86314700.60000001,0.008361378322828022,1.0348386166650496,0.0,0.0,26.994881188196537,0.008361378322828022,24.29609869088827,37.96478833768271,11.863221121143532,1152.919964604534,0.7873349408534712,0.0,0.016591930067168335,1.022378983855168,1.0348386166650496,0.8179566351877781,42.189184571428584,1.0,0.4285714285714285,-0.841289937092135,-0.8112322895863372,0.19293670524764772,0.273509921848695,0.41992070898005407,0.273509921848695,-0.5813194910689499,-0.6141650866250774,-0.2475594591154325,Oil & Gas E&P,Energy,NRT
2016Q2,2016,Q2,2016-05-27,2016-04-29,1314903.0,1832471.0,1832471.0,0.14,1832471.0,1.0,1652718.0,182224.0,1652717.0,1470494.0,1470494.0,0.0,182223.0,86023922.39999999,84371205.39999999,0.019827236336296145,1.1239195807667355,0.0,0.0,8.402468515537493,0.019827236336296145,7.215860698920011,46.94422034509686,16.35556432679825,472.07789533760644,1.1179531874214297,0.0,0.017088269855502432,1.108762051360244,1.1239195807667355,0.7956003383517333,40.96377257142858,1.0,-0.3913043478260869,-0.7398716835631826,-0.6584504461041263,0.9384739327701853,-0.18559812486833813,-0.16444439078419024,-0.18559812486833813,-0.7749434535805886,-0.6838296265904096,0.2872381006202228,Oil & Gas E&P,Energy,NRT
2016Q1,2016,Q1,2016-02-26,2016-01-29,1573687.0,2250082.0,2250082.0,0.23,2250082.0,1.0,2192866.0,79031.0,2192865.0,2113835.0,2113835.0,0.0,79030.0,76373802.9,74180937.9,0.00859912149274421,1.037387024058169,0.0,0.0,26.391835229677575,0.00859912149274421,19.912274930090724,33.94267537805289,12.132940492613843,966.3777871974289,0.0,0.0,0.0,1.0260918815832796,1.037387024058169,0.7176393815217164,966.3900151841074,1.0,-0.3235294117647059,-0.6886762370239433,-0.5763534465506565,0.21850731319754396,-0.3496205535539051,-0.5027796480787016,-0.3496205535539051,-0.7124640736998471,-0.5356901940723624,-0.13152747252747254,Oil & Gas E&P,Energy,NRT
2015Q4,2015,Q4,2015-12-30,2015-10-30,3164969.0,3459645.0,3459645.0,0.34,3459645.0,1.0,3404524.0,95911.0,3404523.0,3308613.0,3308613.0,0.0,95910.0,90986841.0,87582318.0,0.010435782686421655,1.0289879777417303,0.0,0.0,34.46688193077043,0.010435782686421655,32.99901992472188,26.29947321184688,7.1870246596412155,948.6590797718719,0.0,0.0,0.0,1.0161905159135316,1.0289879777417303,0.929636272207216,948.6689709102284,1.0,0.030303030303030328,-0.388126057064506,-0.22880826276567923,1.2218426317985964,0.06840666000645433,-0.04448198793167421,0.06840666000645433,-0.32572166171928024,-0.41009914464492125,-0.03134071542764828,Oil & Gas E&P,Energy,NRT
2015Q3,2015,Q3,2015-08-28,2015-07-31,3312307.0,3238135.0,3238135.0,0.33,3238135.0,1.0,3125112.0,92217.0,3125111.0,3032895.0,3032895.0,0.0,92216.0,92457335.4,89332224.4,0.010033849839890583,1.0304052728498678,0.0,0.0,33.24533720254465,0.010033849839890583,35.918615873428976,28.55265002848862,6.978318691473949,1002.6061940856893,0.0,0.0,0.0,1.036166063808273,1.0304052728498678,1.0599002531749262,1002.6170664526763,1.0,-0.029411764705882377,-0.22872185771096845,-0.33930248248954864,1.0031706198120802,-0.059423483746684665,0.07734993877043221,-0.059423483746684665,-0.40617589234183515,-0.4963051689188057,-0.20259554988087622,Oil & Gas E&P,Energy,NRT
2015Q2,2015,Q2,2015-05-21,2015-04-30,3074495.0,3442713.0,3442713.0,0.34,3442713.0,1.0,3267323.0,50617.0,3267322.0,3216706.0,3216706.0,0.0,50616.0,129587319.0,126319997.0,0.00550748102134901,1.0157353516298973,0.0,0.0,60.420507440938344,0.00550748102134901,60.740363909358514,37.64104617492077,10.537284903699632,2560.1540786692217,0.0,0.0,0.0,1.0536800310223384,1.0157353516298973,0.9409828780319546,2560.2046586059746,1.0,-0.15,-0.33129630330040105,-0.29338908365110067,-0.5569550392694216,-0.09928048933318438,-0.007239783061600637,-0.058797911193747686,-0.5090324130157963,-0.47345127397024994,-0.5103081313790935,Oil & Gas E&P,Energy,NRT
2015Q1,2015,Q1,2015-02-26,2015-01-30,3096916.0,3822181.0,3657783.0,0.4,3822181.0,1.0,3754737.0,170407.0,3754736.0,3584330.0,3584330.0,0.0,170406.0,122234847.0,118480111.0,0.01854146469377918,1.0475419394977583,0.0,0.0,18.17364310151578,0.01854146469377918,18.173643101515783,31.980392085042546,9.867465488247019,717.3111843997019,1.3651229158298126,0.0,0.03458646289302428,1.017962376592555,1.0475419394977583,0.8248023763049183,31.94675012270641,1.0,-0.14893617021276587,-0.10763488822062363,0.051402924701436065,0.8255123294881436,-0.14355448837310394,-0.1533352306574775,-0.18039155318516767,-0.490577148812751,-0.3674040148909552,0.8957281121370565,Oil & Gas E&P,Energy,NRT
2014Q4,2014,Q4,2014-12-30,2014-10-31,3657783.0,4462842.0,4462842.0,0.47,4462842.0,1.0,4324625.0,96954.0,4324624.0,4227671.0,4227671.0,0.0,96953.0,168095891.1,163771267.1,0.010549268327713454,1.022932957649732,0.0,0.0,44.153482936039126,0.010549268327713454,37.72699424469336,37.665660379641494,11.488919046045103,1733.7695309115663,1.15580147865524,0.0,0.02515035300586238,1.0319604589993352,1.022932957649732,0.8458035089747666,43.932786446939865,1.0,-0.16071428571428584,-0.30176809563969914,-0.29514942939263256,-0.028414953492570262,-0.16526988286991984,-0.14696966198824762,-0.16526988286991984,-0.3725118791153003,-0.3341276110034658,-0.07711164934443475,Oil & Gas E&P,Energy,NRT
2014Q3,2014,Q3,2014-08-28,2014-07-31,4287987.0,5346449.0,5346449.0,0.56,5346449.0,1.0,5183368.0,36638.0,5183367.0,5146730.0,5146730.0,0.0,36637.0,213497405.70000002,208314038.70000002,0.003986468768599187,1.0071185004847738,0.0,0.0,140.06520611686565,0.003986468768599187,117.03660134286807,39.932561911653885,12.447414468607297,5827.212339647361,0.0,0.0,0.0,1.031462361923753,1.0071185004847738,0.8272588401981106,5827.371392308322,1.0,0.03703703703703707,-0.52872446353951,-0.43121788563857977,-0.8034293671271245,0.009614896177589679,-0.16576144634991316,0.009614896177589679,-0.6354978332124082,-0.5675322832390968,-0.4312415089026973,Oil & Gas E&P,Energy,NRT
2014Q2,2014,Q2,2014-05-29,2014-04-30,5140001.0,5295533.0,5295533.0,0.54,5295533.0,1.0,5006286.0,43367.0,5006285.0,4962919.0,4962919.0,0.0,43366.0,220941783.6,215935498.6,0.004718630686386837,1.0087380027761887,0.0,0.0,113.8179464314856,0.004718630686386837,118.5233241865935,41.72229378987913,10.746193609689959,5094.6983558927295,0.0,0.0,0.0,1.057776763053489,1.0087380027761887,1.0267094209160244,5094.815837291888,1.0,0.018867924528301903,-0.4358642601860316,-0.47919701758663735,-0.7330586096925454,0.05599163587250329,0.0365396280719076,0.05599163587250329,0.016850525562385824,-0.012979231981909629,-0.5386677987397673,Oil & Gas E&P,Energy,NRT
2014Q1,2014,Q1,2014-02-27,2014-01-31,4958808.0,5014749.0,5014749.0,0.53,5014749.0,1.0,4918491.0,47478.0,4918490.0,4871013.0,4871013.0,0.0,47477.0,197138155.5,192219665.5,0.005165936028046078,1.0097468432131058,0.0,0.0,102.26760113648103,0.005165936028046078,104.4443321117149,39.31166953719917,9.938787481789978,4152.2000821433085,0.0,0.0,0.0,1.0195706366037876,1.0097468432131058,1.0081970262830613,4152.287539229522,1.0,0.08163265306122457,-0.49574513062162007,-0.4772779269074101,-0.18349542660093054,0.06984712687400624,0.020254240165090483,0.12453799693500406,-0.018995031136576954,-0.05582057442193578,-0.26797977735327916,Oil & Gas E&P,Energy,NRT
2013Q4,2013,Q4,2013-12-30,2013-10-31,4860365.0,4687351.0,4459386.0,0.49,4687351.0,1.0,4561515.0,58126.0,4561514.0,4503389.0,4503389.0,0.0,58125.0,209766026.16000003,205204512.16000003,0.006324512354484315,1.0129069463019962,0.0,0.0,83.61774421085227,0.006324512354484315,83.61774421085228,44.75150808207024,10.789623112667465,3608.8157822661115,0.0,0.0,0.0,1.0275864488004534,1.0129069463019962,1.0655155140342627,3608.877869419355,1.0,-0.23437500000000003,-0.4862542360723047,-0.449149475443715,-0.49720759332093006,-0.22502167528277067,0.08991798422473407,-0.23673912652790866,-0.0603602447115051,0.044860487338160615,0.346527768618044,Oil & Gas E&P,Energy,NRT
2013Q3,2013,Q3,2013-08-29,2013-07-31,4459386.0,6048364.0,5842545.0,0.64,6048364.0,1.0,5984107.0,102129.0,5984106.0,5881978.0,5881978.0,0.0,102128.0,238036281.0,232052175.0,0.011112344256462316,1.0173628667091241,0.0,0.0,43.66424815674294,0.011112344256462316,43.66424815674294,39.35548207746756,13.344678000513971,2330.741327145081,1.2159629150739586,0.0,0.022779922359818756,1.0107379430214065,1.0173628667091241,0.7452049236419068,39.29952520861895,1.0,0.06666666666666674,-0.45794792398897316,-0.3557314665440983,0.5074836157524946,0.04357095113490138,-0.23673912652790866,0.008059409569011121,0.03837806997651949,0.23408662078621903,1.2184826250126108,Oil & Gas E&P,Energy,NRT
2013Q2,2013,Q2,2013-05-30,2013-04-30,5842545.0,5795834.0,5795834.0,0.6,5795834.0,1.0,5564010.0,141562.0,5564009.0,5422448.0,5422448.0,0.0,141561.0,227191384.79999998,221627375.79999998,0.015402928430057266,1.026106474418934,0.0,0.0,38.527064569116845,0.015402928430057266,41.27198683262458,39.19908416976745,9.721422119983671,1604.8896229214054,0.9280969166690201,0.0,0.02386731347570007,1.0416649143333674,1.026106474418934,1.050060118511649,37.509044909539014,1.0,0.17647058823529405,-0.16287821530019028,-0.2004023487543109,5.3997287522603985,0.19598421734354723,0.06751951850992416,0.0037866493937446853,0.27075550281713195,0.18958495051609203,0.2390764116984836,Oil & Gas E&P,Energy,NRT
2013Q1,2013,Q1,2013-02-28,2013-01-31,5473010.0,4846079.0,5773970.0,0.51,4846079.0,1.0,4778200.0,91000.0,4778199.0,4687200.0,4687200.0,0.0,90999.0,235462915.8,230684716.8,0.009901431790559693,1.0194143625192011,0.0,0.0,50.76157861287772,0.009901431790559693,60.142967032967036,48.5883362198594,10.755640671221137,2587.504569230769,1.0243469315787839,0.0,0.023809528481172404,1.0142059771462058,1.0194143625192011,1.1454124984303713,48.50304191837805,1.0,-0.16393442622950816,-0.21582531261977336,-0.20464877347056182,1.969683125020396,-0.17116172122583287,0.16957428471356595,0.034943969520078534,0.5770279789376416,0.33305608340740805,-0.025147898951210463,Oil & Gas E&P,Energy,NRT
2012Q4,2012,Q4,2012-12-28,2012-10-31,4679489.0,5846833.0,5579017.0,0.61,5846833.0,1.0,5704972.0,98711.0,5704971.0,5606261.0,5606261.0,0.0,98710.0,258747559.76,253042588.76,0.01077342968020886,1.0176071003472724,0.0,0.0,,0.01077342968020886,47.40595273069871,44.254309941809524,13.823494390092591,2621.263686519233,1.3355306530264308,0.0,0.024153275129615855,1.0248662044265948,1.0176071003472724,0.8202474963943732,44.17816899354779,1.0,-0.10294117647058831,-0.2019327427850256,0.0740690180456421,2.185271838012892,-0.09233711627560394,-0.1627464129248855,-0.10745453175422005,-0.10399175760089856,-0.07372902487775088,-0.007769747462757935,Oil & Gas E&P,Energy,NRT
2012Q3,2012,Q3,2012-08-30,2012-07-31,5589094.0,6441635.0,6250681.0,0.68,6441635.0,1.0,6365479.0,115878.0,6365478.0,6249601.0,6249601.0,0.0,115877.0,286399620.1,280034142.1,0.01258313750116598,1.0185415036895955,0.0,0.0,,0.01258313750116598,48.23257218799082,44.46070292712953,12.81064605909294,2471.5616432800016,1.1181778298951495,0.0,0.021821261487071364,1.011963907193787,1.0185415036895955,0.8780319595744484,48.89944016554805,1.0,0.030303030303030328,-0.239384878303925,-0.15430511767364138,0.19074615877967724,-0.0147785473843886,-0.1074748878733284,0.02991214570762909,-0.38695240356109006,-0.31607581814618224,-0.37953225129623475,Oil & Gas E&P,Energy,NRT
2012Q2,2012,Q2,2012-05-30,2012-04-30,6262114.0,6538261.0,6069140.0,0.66,6538261.0,1.0,6169154.0,103365.0,6169153.0,6065789.0,6065789.0,0.0,103364.0,304116623.1,297947470.1,0.011246829637705522,1.0170404872309273,0.0,0.0,,0.011246829637705522,60.58253760944227,46.51338071392378,12.14113249535221,2942.162464083588,0.0,0.0,0.0,1.0598310562517972,1.0170404872309273,1.0150685166880256,2942.1909281761546,1.0,0.03125000000000003,-0.1460879006185501,-0.23413380218997593,-0.11008850471795578,0.08212501139926352,0.030077654137079753,-0.11192072235220128,-0.3127078546892483,-0.3569776963722113,-0.3637467011983759,Oil & Gas E&P,Energy,NRT
2012Q1,2012,Q1,2012-02-29,2012-01-31,6079264.0,6042057.0,6834007.0,0.64,6042057.0,1.0,5971867.0,89890.0,5971866.0,5881977.0,5881977.0,0.0,89889.0,296304621.6,290332755.6,0.009780656084103414,1.015282106679438,0.0,0.0,,0.009780656084103414,67.63003671153632,49.040355230015216,12.185053223548115,3296.302387362332,1.0733733557220084,0.0,0.02202233621859916,1.0117534432699187,1.015282106679438,1.0179838231494438,48.95131684918356,1.0,-0.09859154929577459,-0.2640281950067468,-0.1768781224388372,1.5256385041162088,-0.10417386987899789,0.03632980279392883,0.042553181751890296,-0.3818073871308008,-0.3701944881421594,0.5458864337765353,Oil & Gas E&P,Energy,NRT
2011Q4,2011,Q4,2011-12-30,2011-10-31,5866148.0,6744676.0,6555068.0,0.71,6744676.0,1.0,6631039.0,105720.0,6631038.0,6525319.0,6525319.0,0.0,105719.0,306040874.423,299409836.423,0.011430709164569992,1.0162013535276972,0.0,0.0,,0.011430709164569992,55.48758986000757,45.375178054957715,13.042667625458819,2894.8247675274306,1.1437029887415047,0.0,0.02192233639591178,1.0171371334115211,1.0162013535276972,0.8846499017725579,41.58968724696191,1.0,-0.44531250000000006,-0.18027152021242634,-0.0901522100404553,0.12890705187897264,-0.4543932994822514,-0.5013107477404192,-0.44257014082887725,-0.38384241686299647,-0.21236175408029956,-0.09127005391528473,Oil & Gas E&P,Energy,NRT
2011Q3,2011,Q3,2011-08-31,2011-07-31,11763133.0,12361791.0,11759449.0,1.28,12361791.0,1.0,6773544.0,64413.0,6773543.0,6709131.0,6709131.0,0.0,64412.0,310252644.47999996,303479101.47999996,0.0070090712156369115,1.0096006472373247,0.0,0.0,,0.0070090712156369115,182.62048033782,25.09770990951068,6.593750246639224,4816.615349075497,0.5703523882625487,0.0,0.021624734291128645,1.8250108067504986,1.0096006472373247,1.7366290083891092,42.162049353026994,1.0,1.3272727272727272,0.6474509659442768,0.48416831867962296,1.212671309164993,1.290797387757462,1.313692249562807,1.314052268546542,0.4299448623064116,0.31686342569610465,-0.049160125410042464,Oil & Gas E&P,Energy,NRT
2011Q2,2011,Q2,2011-05-26,2011-04-30,5084139.0,5396283.0,5081756.0,0.55,5396283.0,1.0,5149374.0,94549.0,5149373.0,5054825.0,5054825.0,0.0,94548.0,291182503.5,286033130.5,0.010228270806800038,1.0187045051015613,0.0,0.0,,0.010228270806800038,53.77253064548541,53.95982818173176,14.31818167736956,3079.6994521359297,0.0,0.0,0.0,1.047949323548843,1.0187045051015613,0.9873314698058444,3079.732025003173,1.0,-0.01785714285714287,-0.37370317210850457,-0.3469364366448788,0.7265027757244182,0.0101566334570442,0.0,-0.016450757371215537,-0.27574306258675346,-0.2598172502697708,3.2497216724352787,Oil & Gas E&P,Energy,NRT
2011Q1,2011,Q1,2011-02-25,2011-01-31,5084139.0,5342026.0,5166753.0,0.56,5342026.0,1.0,5211966.0,65235.0,5211965.0,5146731.0,5146731.0,0.0,65234.0,279165447.8,273953482.8,0.007057094692504421,1.0126748415644804,0.0,0.0,,0.007057094692504421,77.93575534605657,52.2583468893637,13.727272592271769,4279.381433279681,0.0,0.0,0.0,1.0249541152033608,1.0126748415644804,0.9754743219737043,4279.447033755404,1.0,0.19148936170212785,0.2527773200862308,0.26267218884851834,0.007625370017748319,0.19165922905689176,-0.0163849459161938,0.19777685511863705,-0.27574306258675346,-0.12830785326252195,1.116596413862357,Oil & Gas E&P,Energy,NRT
2010Q4,2010,Q4,2010-12-30,2010-10-31,5168830.0,4482847.0,4313619.0,0.47,4482847.0,1.0,4362713.0,43136.0,4362712.0,4319577.0,4319577.0,0.0,43135.0,267894975.57000002,263532263.57000002,0.004696904513878114,1.009985931492829,0.0,0.0,,0.004696904513878114,119.82636313056379,59.760008666367604,12.957234788627215,6210.473283800075,0.0,0.0,0.0,1.0275365351789127,1.009985931492829,1.1847742448334329,6210.617261388664,1.0,-0.06000000000000005,0.2801913136520241,-0.17729505309060825,0.18260298214651952,-0.08997109042155285,0.197474401955499,-0.06559297846125052,-0.12053868244574815,-0.178421912652053,0.38868662236458273,Oil & Gas E&P,Energy,NRT
2010Q3,2010,Q3,2010-08-30,2010-07-31,4316443.0,4926049.0,4616424.0,0.5,4926049.0,1.0,4733471.0,46270.0,4733470.0,4687201.0,4687201.0,0.0,46269.0,245345397.11999997,240611927.11999997,0.005008984127788311,1.0098713496604903,0.0,0.0,,0.005008984127788311,93.2881564728766,49.80571592365402,14.20992916621394,5302.472382105035,0.0,0.0,0.0,1.0406843096746552,1.0098713496604903,0.9118980553593758,5302.586983077222,1.0,0.0,-0.20026226585755108,-0.24892477763791257,-0.08079162989311597,0.006464519005256814,-0.0654422098334575,6.802264244136296e-05,-0.41438558783477475,-0.35526904580375185,-0.5259982966092814,Oil & Gas E&P,Energy,NRT
2010Q2,2010,Q2,2010-05-26,2010-04-30,4618701.0,4894409.0,4616110.0,0.5,4894409.0,1.0,4710065.0,114770.0,4710064.0,4595295.0,4595295.0,0.0,114769.0,273099775.56,268389711.56,0.012430975430275085,1.0249753280257308,0.0,0.0,,0.012430975430275085,40.24310359850135,55.79831508972789,14.782282700265723,2379.539736516511,0.0,0.0,0.0,1.039138313377841,1.0249753280257308,0.9806023908374938,2379.560469813277,1.0,0.3157894736842105,-0.07572192052219566,-0.08224015041436898,0.4325868094338442,0.3402271404807054,0.324808859784615,0.324305738645769,-0.3730509267421289,-0.4292957249375434,-0.01639232660882377,Oil & Gas E&P,Energy,NRT
2010Q1,2010,Q1,2010-02-25,2010-01-31,3486315.0,3651925.0,3485683.0,0.38,3651925.0,1.0,3586198.0,93774.0,3586197.0,3492424.0,3492424.0,0.0,93773.0,282517009.2,278930812.2,0.010156855362887652,1.0268504053345184,0.0,0.0,,0.010156855362887652,37.177842472327086,77.36112028587662,20.25899905774435,3012.7435024633696,0.0,0.0,0.0,1.0183277666208057,1.0268504053345184,0.9721479405208524,3012.775630511981,1.0,-0.33333333333333326,0.13849490630412145,0.13105340027132967,0.36660539390562497,-0.42376355138092886,-0.33512239050535286,-0.42984417267707437,-0.5798571119107326,-0.5047535223963039,1.622783662431559,Oil & Gas E&P,Energy,NRT
2009Q4,2009,Q4,2009-12-29,2009-10-31,5243544.0,6337546.0,6113562.0,0.57,6337546.0,1.0,5430426.0,99883.0,5430425.0,5330543.0,5330543.0,0.0,99882.0,287475919.92,282045494.92,0.01085779198191147,1.0187376783190756,0.0,0.0,,0.01085779198191147,52.49686132775347,45.36076265481939,13.706184210526317,2878.1266073305765,0.0,0.0,0.0,1.167043985131185,1.0187376783190756,0.9655861252874084,2878.1554225986665,1.0,-0.4242424242424243,0.7181853858732244,0.7520257588478286,0.8857644203467546,-0.32756969696133736,-0.42523276589680914,-0.32985190902301653,-0.263325149988919,-0.14046672190174098,0.07232523894556933,Oil & Gas E&P,Energy,NRT
2009Q3,2009,Q3,2009-08-27,2009-07-31,9122900.0,9424837.0,9122703.0,0.99,9424837.0,1.0,9285566.0,186882.0,9285565.0,9098684.0,9098684.0,0.0,186881.0,327134310.5,317848745.5,0.020280083094493997,1.020539343931496,0.0,0.0,,0.020280083094493997,48.816365407048295,34.70981094951563,8.96464694614651,1750.4859242730706,0.0,0.0,0.0,1.0149986549015968,1.020539343931496,0.9824818433254365,1750.4952911210878,1.0,-0.07476635514018698,1.6379357221714121,1.2389284112432573,1.0477289672748207,-0.07427006774102962,0.0,-0.07261499369016099,0.27420033569542906,0.1284723409224368,5.402154669303252,Oil & Gas E&P,Energy,NRT
2009Q2,2009,Q2,2009-05-29,2009-04-30,9122900.0,10180979.0,9837018.0,1.07,10180979.0,1.0,9904691.0,162666.0,9904690.0,9742025.0,9742025.0,0.0,162665.0,267787133.70000002,257882443.70000002,0.017676654343307608,1.0166972472355593,0.0,0.0,,0.017676654343307608,56.083631490292994,26.302689918130664,7.338322619452148,1646.2391261849434,0.0,0.0,0.0,1.0278946612266855,1.0166972472355593,0.9210686128421371,1646.2492466111335,1.0,0.049019607843137296,1.2946509926866763,1.2626512543096158,1.2465992838742403,0.059882826541869306,-0.0734851244644146,0.04744824313958327,0.12889543004230225,0.23767974000539044,1.9837685534246845,Oil & Gas E&P,Energy,NRT
2009Q1,2009,Q1,2009-02-26,2009-01-31,9846469.0,9605759.0,9391412.0,1.02,9605759.0,1.0,9524530.0,58222.0,9524529.0,9466308.0,9466308.0,0.0,58221.0,247450035.23000002,237925506.23000002,0.00632689172399921,1.0061503386536756,0.0,0.0,,0.00632689172399921,169.119387860259,25.76059166485439,6.282709954959488,4250.112246745217,0.0,0.0,0.0,1.008528399826553,1.0061503386536756,1.033801037951479,4250.185246388761,1.0,0.13333333333333333,1.311647861339753,1.2338036181539371,0.26611748157582565,0.1349842810303874,0.04643379256899481,0.14396505425952066,1.4372214340716651,1.2807322730930828,-0.0966343952805137,Oil & Gas E&P,Energy,NRT
2008Q4,2008,Q4,2008-12-30,2008-10-31,9409548.0,8463341.0,8209527.0,0.9,8463341.0,1.0,8294607.0,114982.0,8294606.0,8179625.0,9466308.0,0.0,114981.0,276970906.2,268676300.2,0.012578774600550445,1.0140570013906505,0.0,0.0,,0.012578774600550445,81.83496547285662,32.72595375750546,7.358772870917924,2408.819695256649,0.0,0.0,0.0,1.0203426153885289,1.0140570013906505,1.1344175800010778,2408.8406449761264,1.0,-0.08163265306122446,1.3000083465019767,0.8196119941437978,0.6910701222277512,-0.09848939412257515,0.14375948341888442,-0.15596323201018578,1.3414668054601104,0.560517515083947,2.1671276923782656,Oil & Gas E&P,Energy,NRT
2008Q3,2008,Q3,2008-08-28,2008-07-31,8226859.0,9387955.0,9726504.0,0.98,9387955.0,1.0,9074525.0,67748.0,9070000.0,9010000.0,9010000.0,0.0,67747.0,320751591.0,311681591.0,0.0073714527576575605,1.0066592674805772,0.0,0.0,,0.0073714527576575605,121.43323788156108,34.166289783025164,9.747085461170538,4734.4805898329105,2.2789747581671205,0.0,0.05845272331010822,1.0345395489020086,1.0066592674805772,0.9065883889239381,36.403808562882375,1.0,0.28947368421052627,0.8369964817330358,0.9381092623123746,-0.27404597633633615,0.29516938683893,0.17874708514075502,0.2938394431910073,0.5320117044424671,0.43867321619631694,0.35274955995481716,Oil & Gas E&P,Energy,NRT
2008Q2,2008,Q2,2008-05-30,2008-04-30,6979325.0,7248438.0,7517551.0,0.76,7248438.0,1.0,7009968.0,22120.0,7010000.0,6990000.0,6990000.0,0.0,22119.0,337110841.2,330100841.2,0.002406809573705279,1.0028612303290414,0.0,0.0,,0.002406809573705279,315.5210216998192,46.508067144949024,12.075338274116765,15240.092278481014,0.8427717580138481,0.0,0.01744820184086088,1.0340187002280181,1.0028612303290414,0.9956286533690311,46.508067144949024,1.0,0.1875,0.49772388176473986,0.47516378229520656,-0.28314894047669464,0.18963270176210262,0.0,0.1924152593856363,0.40305924071830845,0.3653783294062233,-0.7226312876693558,Oil & Gas E&P,Energy,NRT
2008Q1,2008,Q1,2008-02-28,2008-01-31,6979325.0,6093005.0,6304474.0,0.64,6093005.0,1.0,5912621.0,30643.0,5910000.0,5880000.0,5880000.0,0.0,30642.0,310182412.5,304272412.5,0.0033341711467925346,1.0051020408163265,0.0,0.0,,0.0033341711467925346,227.76245798387887,50.90795305436316,11.110759726048006,10122.455781091929,0.7637618251048633,0.0,0.017185184540403305,1.0305082974200444,1.0051020408163265,1.1804113607146476,52.738334424884926,1.0,0.12280701754385977,0.9907972869118359,0.6459503678317549,-0.539319273234342,0.11586386069166288,0.1866500519592161,0.11461476460041749,1.2895897432213663,0.8957129449205969,-0.5513871064798008,Oil & Gas E&P,Energy,NRT
2007Q4,2007,Q4,2007-12-28,2007-10-31,5881536.0,5460348.0,5656191.0,0.57,5460348.0,1.0,5361627.0,31085.0,5360000.0,5330000.0,5881978.0,0.0,31084.0,322313991.3,316953991.3,0.0033822638154895387,1.0056285178236397,0.0,0.0,,0.0033822638154895387,189.20817114363842,59.028104307637534,13.700247320597885,10368.794958983433,6.469235587438384,0.0,0.11804961319406428,1.0184125079943085,1.0056285178236397,1.0969685134754805,8.829000753897645,1.0,-0.2875000000000001,0.6776616523337559,0.15548257394947768,-0.4151213306480922,-0.2816988397281522,-0.19798413868741835,-0.2813031404442022,0.9290457712605973,0.5109369889843657,-0.4125736821904389,Oil & Gas E&P,Energy,NRT
2007Q3,2007,Q3,2007-08-31,2007-07-31,7333441.0,7601753.0,7870065.0,0.8,7601753.0,1.0,7449593.0,97121.0,7450000.0,7350000.0,5330542.0,0.0,97120.0,335916064.5,328466064.5,0.010567439087153274,1.0136054421768708,0.0,0.0,,0.010567439087153274,75.50829377786472,44.18928956255222,11.45151588797128,3458.7377034832834,3.070447420249239,0.0,0.06703146225982295,1.0204252769245246,1.0136054421768708,0.984408275727278,-13.88930675413493,1.0,-0.11111111111111108,0.6037608447324901,0.6353469998919243,0.28144370775322086,-0.10956052889278302,0.0,-0.10709232861363104,1.126147782115373,0.8106498145957702,0.06701984542415224,Oil & Gas E&P,Energy,NRT
2007Q2,2007,Q2,2007-05-31,2007-04-30,7333441.0,8537080.0,8813974.0,0.9,8537080.0,1.0,8295777.0,116152.0,8300000.0,8180000.0,7352472.0,0.0,116151.0,368910282.6,360610282.6,0.012638144014693289,1.0146699266503667,0.0,0.0,,0.012638144014693289,63.136588263654524,43.21270066580142,12.576302263834943,3176.099271644053,0.9775301935339767,0.0,0.01943198749971628,1.029087450156869,1.0146699266503667,0.8839968817869622,43.21270066580142,1.0,0.16883116883116883,0.5864123165961609,0.7322331252580082,1.398514616919484,0.16302400299928504,-0.11219420482783317,0.16438483203956858,0.8469062619507041,0.8997250773213742,0.6062341176942802,Oil & Gas E&P,Energy,NRT
2007Q1,2007,Q1,2007-02-28,2007-01-31,8260186.0,7340416.0,7569640.0,0.77,7340416.0,1.0,7204251.0,35591.0,7200000.0,7170000.0,7170000.0,0.0,35590.0,350988632.09999996,343788632.09999996,0.003872547899536374,1.00418410041841,0.0,0.0,,0.003872547899536374,232.08637014975696,47.81590472529077,10.622903409802152,9861.72437132983,0.8567305869383571,0.0,0.02016234530918872,1.0189006462989698,1.00418410041841,1.1465711008680848,57.28562642392442,1.0,-0.012820512820512832,0.7670088965573935,0.3021365407727992,-0.4161195110220004,-0.003519251079912141,0.16157544332933213,-0.0029424475489197217,0.941709752655835,0.7091780324072345,-0.2250380111225435,Oil & Gas E&P,Energy,NRT
