Quarters,Year,Quarter,FillingDate,Date,NetIncome,Revenue,OperatingIncome,EPSDiluted,GrossProfit,GrossProfitRatio,TotalAssets,CommonStockEquity,CurrentAssets,CurrentLiability,TotalLiability,Inventory,RetainedEarnings,MarketCap,EnterpriseValue,bookValuePerShare,currentRatio,debtToAssets,debtToEquity,roic,shareholdersEquityPerShare,roe,priceToSalesRatio,peRatio,pbRatio,payoutRatio,inventoryTurnover,dividendYield,assetTurnover,quickRatio,returnOnAssets,priceToFreeCashFlowsRatio,grossProfitMargin,epsdilutedGrowth,fiveYNetIncomeGrowthPerShare,fiveYRevenueGrowthPerShare,fiveYShareholdersEquityGrowthPerShare,grossProfitGrowth,netIncomeGrowth,operatingIncomeGrowth,threeYNetIncomeGrowthPerShare,threeYRevenueGrowthPerShare,threeYShareholdersEquityGrowthPerShare,Industry,Sector,Symbol
2023Q1,2023,Q1,2023-05-15,2023-03-31,-2662000.0,2287000.0,-5631000.0,-1.56,1224000.0,0.5351989506,16352000.0,7758000.0,15231000.0,7602000.0,8594000.0,3493000.0,-626849000.0,4389922.37,-4507077.63,4.541779630604265,2.0035516969218627,0.005259295499021526,0.01108533127094612,-0.7138425155152905,4.541779630604265,-0.3431296725960299,1.9195113117621339,-0.41227670642374153,0.565857485176592,0.0,0.3043229315774406,0.0,0.1398605675146771,1.4611944225203894,-0.162793542074364,-0.8662040982636149,0.535198950590293,0.9601430761369443,0.9141062662112303,-0.12741042053623527,-0.9573122150319678,-0.235,0.8397543944136768,-0.19655758606034848,0.9504078497843733,-0.9341432096310437,-0.9711116450934512,Medical Devices,Healthcare,RSLS
2022Q4,2022,Q4,2023-04-17,2022-12-31,-16612000.0,3110000.0,-4706000.0,-39.14,1600000.0,0.5144694534,11142000.0,3661000.0,9911000.0,7481000.0,7481000.0,3611000.0,-624187000.0,2860388.6,-823611.3999999999,8.62649921063173,1.3248228846410908,0.015347334410339256,0.04670854957661841,-1.1849627432662564,8.62649921063173,-4.537558044250205,0.9197390996784566,-0.04304702323621479,0.7813134662660476,0.0,0.41816671282193296,0.0,0.2791240351821935,0.8067103328432028,-1.4909352001436007,-0.9832893090409076,0.5144694533762058,-0.4950343773873186,-0.7264927172506297,2.914872278943855,-0.9520828420154678,-0.23845787720133269,-0.40648547963762593,-3.092485549132948,0.7822900338043371,-0.7478315048556258,-0.9501296952756262,Medical Devices,Healthcare,RSLS
2022Q3,2022,Q3,2022-11-14,2022-09-30,-11811000.0,2798000.0,2249000.0,-26.18,2101000.0,0.7508934954,28456000.0,20943000.0,13573000.0,7513000.0,7513000.0,4171000.0,-606362000.0,6774482.715,883482.7149999999,46.4181780704418,1.806601890057234,0.008961203261175148,0.012175906030654634,0.10170792515195401,46.4181780704418,-0.5639593181492623,2.4211875321658325,-0.1433935042545085,0.32347241154562384,0.0,0.16710620954207625,0.0,0.09832724205791397,1.114867562890989,-0.4150618498734889,-1.2769995692742695,0.7508934953538242,-0.056070996369503856,0.5038337005005594,2.2627736119870803,-0.8277612483646913,0.11577270313329793,-0.23339598997493735,1.2500277932184547,0.40975673911482413,0.14383930779698664,2.921473101500271,Medical Devices,Healthcare,RSLS
2022Q2,2022,Q2,2022-08-19,2022-06-30,-9576000.0,2892000.0,-8995000.0,-24.79,1883000.0,0.6511065007,41925000.0,32363000.0,19487000.0,9190000.0,9562000.0,4226000.0,-594551000.0,11138555.959999999,-17444.04000000097,83.79442751392345,2.1204570184983678,0.00806201550387597,0.010444025584772735,-0.2725101213802542,83.79442751392345,-0.2958934585792417,3.851506210235131,-0.2907935453216374,0.3441756314309551,0.0,0.238760056791292,0.0,0.06898032200357782,1.5170837867247007,-0.22840787119856887,-1.7312023562325145,0.651106500691563,-0.11868231046931403,0.45615786717284845,11.072335417733157,-0.6692040954757236,0.5459770114942529,-0.16567255021302496,-0.07083333333333333,0.6039372069230229,-0.572081315802343,0.5912056215170115,Medical Devices,Healthcare,RSLS
2022Q1,2022,Q1,2022-05-23,2022-03-31,-8215000.0,2440000.0,-8400000.0,-22.16,1218000.0,0.4991803279,47270000.0,38625000.0,23627000.0,8151000.0,8645000.0,3998000.0,-584975000.0,21876669.0,6993669.0,104.16919504518718,2.898662740768004,0.011148720118468373,0.013644012944983819,-0.2077288973106167,104.16919504518718,-0.21268608414239482,8.965847950819672,-0.6657537735849057,0.5663862524271844,0.0,0.3056528264132066,0.0,0.051618362597842186,2.1862348178137654,-0.17378887243494817,-2.9623113067027758,0.49918032786885247,0.8500372200040603,0.6518392379190953,18.02600475381368,-0.32801003424680575,-0.3141891891891892,0.7683174459924418,0.7637728845018139,0.18402919034075524,-0.6471069575963776,-0.39900648745304795,Medical Devices,Healthcare,RSLS
2021Q4,2021,Q4,2022-04-08,2021-12-31,-35458000.0,3142000.0,-35559000.0,-147.77,1776000.0,0.5652450668,54258000.0,46072000.0,30255000.0,7331000.0,8186000.0,3003000.0,-576760000.0,19675654.0,-2810346.0,192.00906866933116,4.1269949529395715,0.005142098860997457,0.006055738843549228,-0.7598134569534192,192.00906866933116,-0.7696214620593853,6.262143220878421,-0.13872506909583168,0.4270631620072929,0.0,0.45487845487845485,0.0,0.05790851118729035,3.4892920474696494,-0.6535073168933614,-5.632881190953335,0.56524506683641,-1.0033350640149161,-0.11459201457112998,2.0864953783706865,1.1854630182827677,-0.16814988290398125,-1.0033900220351433,-1.3731313400961025,0.2555218894968479,-0.7446748747412182,-0.15486129507675092,Medical Devices,Healthcare,RSLS
2021Q3,2021,Q3,2021-11-12,2021-09-30,-17699000.0,3708000.0,-14984000.0,-73.76199950489149,2135000.0,0.575782092772384,90698000.0,79220000.0,37589000.0,10336000.0,11478000.0,3206000.0,-541302000.0,34552368.0,8753368.0,330.15624283695985,3.636706656346749,0.03797217138194889,0.04347387023478919,-0.17992764872478276,330.15624283695985,-0.2234158040898763,9.31833009708738,-0.48805537035990737,0.4361571320373643,0.0,0.49064254522769807,0.0,0.04088293016384044,3.163699690402477,-0.19514212000264614,-4.379815946254278,0.575782092772384,-2.110081136110539,-7.771663813444652,39.39050064450899,220.6768162510059,-0.008360427310729215,-3.535879036391594,-3.0475418692598595,-6.710104839413393,31.304372601317958,5.705476921779131,Medical Devices,Healthcare,RSLS
2021Q2,2021,Q2,2021-08-16,2021-06-30,-3902000.0,3529000.0,-3702000.0,-23.71706597890822,2153000.0,0.6100878435817512,120000000.0,58119000.0,65605000.0,60496000.0,61881000.0,2894000.0,-523603000.0,41130750.0,4567750.0,353.2575992414435,1.0844518645860883,0.03,0.06194187787126413,-0.05977200263653498,353.2575992414435,-0.06713811318157573,11.65507225843015,-2.6352351358277804,0.7076988592370825,0.0,0.4754664823773324,0.0,0.029408333333333335,0.7204608569161598,-0.032516666666666666,-18.15927152317881,0.6100878435817512,0.32184752887725143,0.0221396871236792,15.005968946502968,21.155726141116403,-0.05735551663747811,0.19942552318424292,-0.640230394328755,0.9666569723759557,0.6269727712370814,-0.5523740354572622,Medical Devices,Healthcare,RSLS
2021Q1,2021,Q1,2021-05-17,2021-03-31,-4874000.0,3221000.0,-2257000.0,-34.97305840328543,2284000.0,0.7090965538652593,36016000.0,12708000.0,8250000.0,21632000.0,23308000.0,2095000.0,-519701000.0,19650324.0,19156324.0,91.18567205304096,0.3813794378698225,0.011161705908485118,0.03163361661945231,-0.16789789963590793,91.18567205304096,-0.3835379288637079,6.1006904687985095,-1.0079156750102585,1.5462955618508025,0.0,0.447255369928401,0.0,0.08943247445579743,0.19734652366863906,-0.13532874278098622,-9.447271153846154,0.7090965538652593,0.4946971574765385,0.2597290144676068,49.33952056804085,12.355423419250643,0.3918342474101158,0.4290065604498594,0.2955680399500624,-0.9275784829970791,14.062868916108572,-0.14295393494293607,Medical Devices,Healthcare,RSLS
2020Q4,2020,Q4,2021-03-12,2020-12-31,-8536000.0,3207000.0,-3204000.0,-69.21207533413313,1641000.0,0.5116931711880262,37061000.0,14488000.0,8944000.0,11605000.0,22573000.0,2244000.0,-514827000.0,9249825.0,6769825.0,117.4724927228353,0.770702283498492,0.012870672674779418,0.03292379900607399,-0.20572669911725258,117.4724927228353,-0.5891772501380452,2.8842609915809168,-0.2709063085754452,0.6384473357261181,0.0,0.6978609625668449,0.0,0.08653301314049809,0.48056872037914694,-0.23032298103127277,-4.812604058272632,0.5116931711880262,-0.8624639381999943,-20.790031055593154,370.9833783359986,67.16246150179394,-0.2805786935554581,-0.6481946321683723,-0.47513812154696133,-2.052742154554044,12.891497270788825,-0.34748177039191924,Medical Devices,Healthcare,RSLS
2020Q3,2020,Q3,2020-11-13,2020-09-30,-5179000.0,3602000.0,-2172000.0,-37.16156534070891,2281000.0,0.633259300388673,36591000.0,17083000.0,8150000.0,14268000.0,19508000.0,1988000.0,-506291000.0,6343849.28,5038849.28,122.5782842053902,0.5712082982898794,0.015085676805771912,0.03231282561610958,-0.11853335865970417,122.5782842053902,-0.303166891061289,1.7612019100499723,-0.3062294497007145,0.3713545208686999,0.0,0.6644869215291751,0.0,0.09843950698259135,0.33697785253714607,-0.1415375365527042,-5.643994021352313,0.633259300388673,-0.4253165780666682,-17.617161700464106,838.7490097873196,31.9215990260255,1.7252090800477897,-0.4370144284128746,0.2755170113408939,0.2956529435284735,12.598253690962999,-0.5451624443963546,Medical Devices,Healthcare,RSLS
2020Q2,2020,Q2,2020-08-13,2020-06-30,-3604000.0,1702000.0,-2998000.0,-26.072499199522188,837000.0,0.4917743830787309,37144000.0,19153000.0,8545000.0,12347000.0,17991000.0,2080000.0,-501112000.0,4879519.0,3979519.0,138.5589235332417,0.6920709484085202,0.016853327589920312,0.03268417480290294,-0.14491430846110648,138.5589235332417,-0.18816895525505142,2.8669324324324323,-0.33847939789123194,0.25476525870620786,0.0,0.41586538461538464,0.0,0.04582166702562998,0.35709079128533244,-0.09702778376049968,-1.8420230275575689,0.4917743830787309,0.17031997490452072,-4.240330030613553,230.93098422460454,143.0091742471967,-0.4434840425531915,0.16399907214103457,0.2653761333006616,0.428120113417357,18.85106847853334,-0.45300987428462663,Medical Devices,Healthcare,RSLS
2020Q1,2020,Q1,2020-05-14,2020-03-31,-4311000.0,2789000.0,-4081000.0,-31.424764259597275,1504000.0,0.5392613840086052,37558000.0,21568000.0,8508000.0,10763000.0,15990000.0,1257000.0,-497508000.0,4938660.0,3520660.0,157.21835477639684,0.7904859239988851,0.018611214654667446,0.03240912462908012,-0.17695859901729447,157.21835477639684,-0.19987945103857566,1.7707637145930442,-0.28639874739039667,0.22898089762611276,0.0,1.0222752585521082,0.0,0.07425848021726396,0.48462324630679177,-0.11478246978007349,-1.5219291217257318,0.5392613840086052,0.8252187394869496,-5.372180074919087,0.0,30.266473068014502,-0.28888888888888886,0.8279522688270743,-0.31053307642903016,0.5061752688126979,57.77990034894945,0.014207288403594602,Medical Devices,Healthcare,RSLS
2019Q4,2019,Q4,2020-04-30,2019-12-31,-25057000.0,4050000.0,-3114000.0,-179.79481420006627,2115000.0,0.5222222222222223,39656000.0,24107000.0,10109000.0,10389000.0,15549000.0,1317000.0,-493197000.0,13239580.0,11072580.0,172.97867455009902,0.9730484165944749,0.01936655235021182,0.0318579665657278,-0.11996680821102718,172.97867455009902,-1.0394076409341686,3.269032098765432,-0.13209462425669474,0.5492006471149459,0.0,1.469248291571754,0.0,0.10212830340932015,0.6767735104437386,-0.6318589872907,-9.917288389513109,0.5222222222222223,-3.0538959667871546,-39.26225619144966,0.0,34.92572814460773,0.006184586108468126,0.12857341587257426,0.44571021715913134,-0.35611177242380304,5.849820565100544,0.9688575065787741,Medical Devices,Healthcare,RSLS
2019Q3,2019,Q3,2019-11-14,2019-09-30,-28754000.0,3515000.0,-5618000.0,-44.351116968243154,2102000.0,0.5980085348506401,44183000.0,-15662000.0,13673000.0,11707000.0,59845000.0,1189000.0,-468140000.0,62887622.0,56007622.0,-24.15759972606374,1.1679337148714444,0.018943937713600253,-0.05344145064487294,0.4016299685444667,-24.15759972606374,1.835908568509769,17.891215362731153,-0.5467728142171524,-4.0152995785978804,0.0,1.1883936080740118,0.0,0.07955548514134396,0.9129580592807722,-0.6507932915374691,-14.693369626168224,0.5980085348506401,0.2915367619213418,-9.693101675794512,0.0,-4.179765929739871,-0.26426321316065804,-0.8061557788944723,0.510755029173561,-4.27416124697791,13.170550628115778,-17.22013792477193,Medical Devices,Healthcare,RSLS
2019Q2,2019,Q2,2019-08-19,2019-06-30,-15920000.0,4450000.0,-11483000.0,-62.60186073807122,2857000.0,0.6420224719101124,43690000.0,13392000.0,12631000.0,12151000.0,30298000.0,1348000.0,-439386000.0,90660089.0,87274089.0,52.66096749585145,1.0395029215702412,0.02217898832684825,0.07235663082437276,-0.7224610410699653,52.66096749585145,-1.1887694145758663,20.373053707865168,-1.4236823021356784,6.769719907407408,0.0,1.1817507418397626,0.0,0.10185397116044861,0.7390338243765945,-0.36438544289311053,-31.262099655172413,0.6420224719101124,-1.3055977195816615,-10.294372670919563,0.0,3.8571971805891074,0.2805916629314209,-2.5567470956210903,-1.704427696655676,-1.581086931329518,12.057509058184724,4.004663003575354,Medical Devices,Healthcare,RSLS
2019Q1,2019,Q1,2019-05-20,2019-03-31,-4476000.0,3074000.0,-4246000.0,-27.152117737794256,2231000.0,0.7257644762524398,47423000.0,28573000.0,9232000.0,11844000.0,18850000.0,1025000.0,-423466000.0,121164015.0,121914015.0,173.3283186431219,0.7794663964876731,0.05436180756173165,0.09022503762293074,-0.1317610550814585,173.3283186431219,-0.15665138417387045,39.41574983734548,-6.767427111260054,4.2405072970986595,0.0,0.8224390243902439,0.0,0.06482086751154503,0.4852245862884161,-0.09438458132129979,-21.260574662221444,0.7257644762524398,0.8632088380238983,-4.296022029231998,0.0,12.20902472211111,9.306420840128057,0.8381947917809895,-1.2368369471884844,0.425275691102741,39.615003899191244,22.584711769131562,Medical Devices,Healthcare,RSLS
2018Q4,2018,Q4,2019-05-16,2018-12-31,-27662892.0,7147397.0,17927946.0,-198.49321656130022,216467.0,0.1607158103873136,46272666.0,31662438.0,8719034.0,8362542.0,14610228.0,984735.0,-418989911.0,144241740.0,145004205.0,227.19237392726959,1.0426296214715574,0.0,0.0,0.5765049711491749,227.19237392726959,-0.8736816792187639,20.181016949247397,-1.3035670673912185,4.555610657650558,0.0,-1.587594632058371,0.0,0.15446261514303067,0.7730374328762714,-0.59782360497664,-20.22401783460924,0.03028613074102362,-19.747837260137654,-36.06871869826215,0.0,17.99891736128577,1.5080757287852806,-2.949360387573636,3.3764541045255894,-61.49174817359804,732.6587980089896,130.82653302383181,Medical Devices,Healthcare,RSLS
2018Q3,2018,Q3,2018-11-14,2018-09-30,-7004398.0,350236.0,-7543990.0,-9.566935294150428,86308.0,0.24642812275151613,47053842.0,36048528.0,2663836.0,8836479.0,11005314.0,1057753.0,-392221978.0,197679420.0,197738642.0,49.23680249567709,0.3014589860961589,0.0,0.0,-0.1945247667428212,49.23680249567709,-0.19430468839115983,564.4177640219738,-7.055546386713033,5.483702968398599,0.0,0.24951760949862586,0.0,0.007443302929439853,0.11372946170075207,-0.14885921536439042,-43.19374641516855,0.24642812275151613,0.9865501024417049,-0.6992329883337823,0.0,3.4452163703455643,3.6414627588061306,0.8012983693179676,0.7922788995392903,-3.792821823327534,14.542450218945401,12.223828997069726,Medical Devices,Healthcare,RSLS
2018Q2,2018,Q2,2018-08-20,2018-06-30,-35250833.0,653369.0,-36317880.0,-711.301722015731,18595.0,0.02846018100032294,50512067.0,39110198.0,5329804.0,8701114.0,11401869.0,2101017.0,-385085430.0,683900400.0,682483210.0,789.1803139755438,0.6125427157947821,0.0,0.0,-0.8978223758572648,789.1803139755438,-0.9013207501531953,1046.7291836619124,-4.850242829722633,17.486498022843048,0.0,0.30212701753484145,0.0,0.012934909197043947,0.2653963618911326,-0.697869540757459,-105.06336289515684,0.02846018100032294,-38.20407309551247,-124.1427066703213,0.0,62.419639032096875,-0.8463730998017185,-2.1380240387435774,-1.8793574725630449,-141.9656745571809,247.33977129265745,819.2229235744306,Medical Devices,Healthcare,RSLS
2018Q1,2018,Q1,2018-05-15,2018-03-31,-11233449.0,949998.0,-12613189.0,-18.143566875890524,121040.0,0.12741079454904117,78567900.0,65873798.0,5322406.0,8783421.0,12694102.0,2795332.0,-345992803.0,80798031000.0,80798151714.0,106.39529865523579,0.6059604794077388,0.0,0.0,-0.17049858570002133,106.39529865523579,-0.17052985164146753,85050.73800155369,-1798.1572489446473,1226.5579555622405,0.0,0.2965508211546965,0.0,0.012091426651342342,0.2053869443352425,-0.14297759008450014,-8667.861137051557,0.12741079454904117,0.19974158232700023,-1.585618754414953,0.0,4.335657217822038,-0.2248677587509766,-0.1680451710650393,-0.05717333703459988,-2.679082251256465,0.0,20.159143566274697,Medical Devices,Healthcare,RSLS
2017Q4,2017,Q4,2018-04-02,2017-12-31,-9617307.0,794034.0,-11931051.0,-22.672134994404168,156154.0,0.19665908512733712,88704549.0,76366869.0,13936716.0,7043789.0,12337680.0,2817112.0,-334759354.0,56502241200.0,56492566605.0,180.02944192592489,1.9785822658799121,0.0,0.0,-0.12592644311293485,180.02944192592489,-0.12593559387644923,71158.46575839321,-1468.7646240262477,739.8789807658607,0.0,0.22643047205790895,0.0,0.008951446221771558,1.512228858644119,-0.10841954678107883,-6356.964763110635,0.19665908512733712,0.5702814163478024,-1.6908208715428066,0.0,11.643495839888475,0.07315698685304689,0.037660716637201365,-1.1459998525092316,-4.077052655258416,0.0,36.39009334808503,Medical Devices,Healthcare,RSLS
2017Q3,2017,Q3,2017-11-14,2017-09-30,-9993676.0,360020.0,-5559670.0,-52.7604247452197,145509.0,0.4041692128215099,55183354.0,51047430.0,25605456.0,4133765.0,4135924.0,1586629.0,-325142047.0,902567240.0,879467000.0,269.4990391519196,6.194221490578202,0.0,0.0,-0.10891184923511331,269.4990391519196,-0.19577236307488938,2506.9919448919504,-22.578459617862336,17.680953575919492,0.0,0.13519921796462817,0.0,0.006524068834235773,5.749323921413046,-0.18109946706030228,-157.10545751532163,0.4041692128215099,-0.15725855418512025,-6.396593188692222,0.0,12.139769843107992,2.770835492899347,-0.4610259354399747,0.1912353217227012,-11.72059631713219,0.0,34.47305496035455,Medical Devices,Healthcare,RSLS
2017Q2,2017,Q2,2017-08-08,2017-06-30,-6840177.0,93060.0,-6874274.0,-45.59087038451038,38588.0,0.41465721040189124,42520093.0,38005347.0,13261313.0,4507540.0,4514746.0,1417043.0,-315148370.0,743418470.0,732329818.0,253.31156271245183,2.94202891155708,0.0,0.0,-0.18087649614145082,253.31156271245183,-0.17997933290807738,7988.593058241994,-27.17102459483139,19.56089152402687,0.0,0.03844061189392277,0.0,0.002188612334408582,2.508556330060299,-0.16086928596322683,-131.56791825931154,0.41465721040189124,0.28356305438229046,-6.117758437740384,1.5460924398537608,10.395421015797366,2.669107159836455,0.07148750368544765,0.023940199480837532,-7.225329587544874,0.0,22.364253767545566,Medical Devices,Healthcare,RSLS
2017Q1,2017,Q1,2017-05-15,2017-03-31,-7366812.0,40040.0,-7042882.0,-63.635565786186646,10517.0,0.26266233766233765,21709825.0,17945582.0,20853884.0,3717506.0,3764243.0,1702928.0,-308308194.0,618769270.0,600156377.0,155.0159977886426,5.609643669707594,0.0,0.0,-0.3924577090896244,155.0159977886426,-0.4105083914246972,15453.777972027972,-20.99854285680156,34.48031220163269,0.0,0.017336610825589807,0.0,0.001844326243993215,5.043488564645222,-0.3393307868672364,-139.31042642184516,0.26266233766233765,0.5200285914381589,-7.304713403823869,1.0655970440660079,6.531213056973539,-0.7996532937097574,-0.6612669789786972,-0.7050332611734447,-11.41208043473157,0.0,10.813477238701385,Medical Devices,Healthcare,RSLS
2016Q4,2016,Q4,2017-03-08,2016-12-31,-4434454.0,141900.0,-4130642.0,-132.5819927000665,52494.0,0.3699365750528541,7040806.0,2938566.0,5720681.0,4063121.0,4102240.0,1789578.0,-300941382.0,148002975.0,144835880.0,87.85738631267378,1.4079524089979107,0.0,0.0,-1.4056658928198311,87.85738631267378,-1.5090537357336877,1043.0089852008457,-8.343923231586121,50.36571409320056,0.0,0.04995926413936694,0.0,0.020153942602594076,0.8502033289188287,-0.6298219266373765,-41.85888606692762,0.3699365750528541,-14.766412747007152,-1.293556479583973,0.0,-0.38904172311183216,-0.6503407069919869,0.320125848165026,0.07484960803685155,-23.759597497990075,0.0,6.347056563911794,Medical Devices,Healthcare,RSLS
2016Q3,2016,Q3,2016-11-14,2016-09-30,-6522463.0,296760.0,-4464833.0,-8.409141307380386,150129.0,0.5058936514355035,10576323.0,1155206.0,9538474.0,7971335.0,9421117.0,2133861.0,-296506929.0,5817300000.0,5816134453.0,1.4893584652673921,1.1965968059302488,0.5366704477539123,4.913409383261514,-0.6535936699903355,1.4893584652673921,-5.646147094111353,19602.709260008087,-222.9717516220483,5035.725229958985,0.0,0.06871628470645463,0.0,0.028058900999903276,0.8823148192868572,-0.6167042175243702,-1255.5172898282444,0.5058936514355035,0.6532892065574375,0.34990925339285234,0.0,-0.9691809575893848,0.24386060847086896,-0.3057552653415853,0.32944950175408455,-0.493589444976492,0.0,-0.8655371531955061,Medical Devices,Healthcare,RSLS
2016Q2,2016,Q2,2016-08-12,2016-06-30,-4995165.0,276000.0,-6658459.0,-24.254051118179216,120696.0,0.43730434782608696,14987688.0,-3609600.0,14119469.0,10303408.0,18597288.0,1957821.0,-289984465.0,1544640000.0,1547457960.0,-17.52641392169049,1.3703688138914814,0.9564517889617131,-3.971354443705674,-0.620812126278542,-17.52641392169049,1.3838555518617022,5596.521739130435,-77.30675563269682,-427.9255319148936,0.0,0.07932492296282449,0.0,0.018415115126495827,1.135504679616686,-0.33328455996682077,-276.28770238542836,0.43730434782608696,0.4866191658330115,-1.4347840293669782,0.0,-1.4786780426381767,2.7877294837596107,0.3257760203391606,0.1171134916258193,-3.267109187796591,0.0,-2.408447251859825,Medical Devices,Healthcare,RSLS
2016Q1,2016,Q1,2016-05-10,2016-03-31,-7408762.0,72000.0,-7541693.0,-47.24377986866968,31865.0,0.44256944444444446,14855000.0,-1259287.0,13950262.0,9384479.0,16114287.0,1868206.0,-284989300.0,1176150000.0,1175752475.0,-8.030142838923606,1.4865249312188775,0.7240659710535173,-8.541341251041263,-0.7941371925212439,-8.030142838923606,5.883299041441704,16335.416666666666,-39.68780479113784,-933.9808955385072,0.0,0.021483176908756316,0.0,0.004846852911477617,1.1943683820913233,-0.49873860652978796,-170.2110724390191,0.44256944444444446,-13.873747420550844,-4.181818315016825,0.0,-1.1775100803407172,-0.591798826573749,-0.09430464742141106,0.0012828118833908505,-5.732646792389894,0.0,-1.4027066058386988,Medical Devices,Healthcare,RSLS
2015Q4,2015,Q4,2016-03-28,2015-12-31,-6770292.0,149000.0,-7551380.0,-3.176319896584611,78062.0,0.5239060402684563,11587085.0,3673449.0,10502987.0,4486028.0,7913636.0,1686324.0,-277580538.0,15986167500.0,15979507442.0,1.7234191684779983,2.341266483401352,0.10936158662856102,0.3449570145114305,-1.5284242033052053,1.7234191684779983,-1.8430341621729334,107289.71476510067,-590.3056877015053,4351.814194235445,0.0,0.042066649113693455,0.0,0.01285914446989903,1.7800085064114624,-0.5842963955127627,-2978.848737151683,0.5239060402684563,-0.5912645102518091,0.8880734155630705,0.0,-0.9919149652220425,0.92015545825749,-0.6311323232152881,-0.25639061516284506,0.6230210831753691,0.0,-0.8789640024768761,Medical Devices,Healthcare,RSLS
2015Q3,2015,Q3,2015-11-09,2015-09-30,-4150670.0,64000.0,-6010376.0,-1.9960979938413728,40654.0,0.63521875,15010113.0,7742282.0,13894700.0,3680342.0,7267831.0,1376023.0,-270810246.0,15595440000.0,15583179011.0,3.723339322263431,3.7753828312694853,0.0,0.0,-0.7763054871935691,3.723339322263431,-0.5361042132022574,243678.75,-939.3326860482765,2014.3208423562976,0.0,0.016966286173995638,0.0,0.004263792018088072,3.3383041576027446,-0.27652490024558773,-2584.681779874855,0.63521875,0.5988027987425443,0.9319244821927252,0.0,-0.9024362562306019,-0.1572029769678877,0.43938365387758277,0.18124952577424633,0.7201631094903775,0.0,-0.8184638361001492,Medical Devices,Healthcare,RSLS
2015Q2,2015,Q2,2015-08-07,2015-06-30,-7403762.0,79000.0,-7340913.0,-4.975353735233161,48237.0,0.6105949367088608,7884417.0,1431769.0,6534322.0,6452648.0,6452648.0,1284438.0,-266659576.0,11160660000.0,11156858818.0,0.9621534479143706,1.0126574392404482,0.12654810114685716,0.6968707941015625,-3.02153999523364,0.9621534479143706,-5.171059018598671,141274.17721518988,-376.85773799860124,7795.014419225447,0.0,0.023950552693084447,0.0,0.010019764302167174,0.7611521657465277,-0.9390373441688841,-1991.0927062880198,0.6105949367088608,-0.008882545500395448,0.8252870599507768,0.0,-0.9503701248696242,0.0,-0.03202373340592858,-0.05410414086478919,0.22323539465680656,-0.7820788992674348,-0.9567167660908107,Medical Devices,Healthcare,RSLS
2015Q1,2015,Q1,2015-05-08,2015-03-31,-7174023.0,0.0,-6964125.0,-4.931549026616806,0.0,0.0,14336425.0,7314822.0,13022995.0,7021603.0,7021603.0,1126297.0,-259255814.0,10910400000.0,10900957453.0,5.028336724593049,1.8547039757160866,0.13878543639714921,0.2720075758507863,-0.7484677590187725,5.028336724593049,-0.9807515480212642,0.0,-380.20508158393136,1491.5468893159668,0.0,0.0,0.0,0.0,1.628362070598409,-0.500405296299461,-1934.7058069369161,0.0,-0.1043404829627454,0.10090318882519073,0.0,-0.28907021828530577,0.0,-0.1606697304970414,-0.14408736438643502,0.3564097662003092,-1.0,-0.7557060191506939,Medical Devices,Healthcare,RSLS
2014Q4,2014,Q4,2015-03-13,2014-12-31,-6180934.0,0.0,-6087057.0,-4.465605583330925,0.0,0.0,14385598.0,6664395.0,13024171.0,7721203.0,7721203.0,980519.0,-252081791.0,10380900000.0,10372256997.0,4.8148968297546455,1.686805929076078,0.2068849692588379,0.4465767710347301,-0.6314008347441263,4.8148968297546455,-0.927456130676528,0.0,-419.8758634212888,1557.6657746126994,0.0,0.0,0.0,0.0,1.5052031399770218,-0.42966124870165284,-2311.7578325163086,0.0,-0.07666137747116583,0.784664918465265,0.0,-0.879768848529786,0.0,-0.08167172478869464,-0.08815900308621671,0.92274851841653,0.0,-0.9665173163695988,Medical Devices,Healthcare,RSLS
2014Q3,2014,Q3,2014-11-12,2014-09-30,-5714242.0,0.0,-5593904.0,-4.147641660388731,0.0,0.0,18886305.0,10466853.0,17426712.0,8419452.0,8419452.0,915498.0,-245900857.0,10332817500.0,10320504755.0,7.597288687233661,2.0698154701754934,0.20950805358697744,0.37803463944702387,-0.38782763296427836,7.597288687233661,-0.5459369688291218,0.0,-452.064223916313,987.1942884838452,0.0,0.0,0.0,0.0,1.9323796845685444,-0.3025600825571757,-2349.4622494571336,0.0,0.25169811320238916,0.792312672682351,0.0,0.3618380311546146,0.0,0.23822498206958334,0.23937127531642644,0.6793555764520869,0.0,-0.842790592246371,Medical Devices,Healthcare,RSLS
2014Q2,2014,Q2,2014-08-08,2014-06-30,-7501220.0,0.0,-7354316.0,-5.54273847703196,0.0,0.0,24409855.0,14672721.0,22913808.0,8805007.0,9737134.0,895271.0,-240186615.0,10150065000.0,10133331736.0,10.841842638446158,2.602361133841234,0.20205474387291528,0.3361426282146304,-0.37512741746327233,10.841842638446158,-0.511235782374653,0.0,-338.28047304305164,691.7643291929288,0.0,0.0,0.0,0.0,2.4605762380427407,-0.3073029315413795,-2039.8339847027498,0.0,-0.08111130773411197,0.6786809923732783,0.0,-0.2992773966986855,0.0,-0.11420959537895087,-0.12142699647056922,0.4435822668584503,0.0,-0.7038896812576271,Medical Devices,Healthcare,RSLS
2014Q1,2014,Q1,2014-05-13,2014-03-31,-6732324.0,0.0,-6557998.0,-5.126889745190916,0.0,0.0,27552144.0,17230973.0,26145921.0,8418618.0,10321171.0,1091168.0,-232685395.0,9848550000.0,9830016519.0,13.121961862406142,3.1057260229648143,0.21423207573247294,0.3425548284475868,-0.28348458423501893,13.121961862406142,-0.3907106116410257,0.0,-365.718806759746,571.5608747109058,0.0,0.0,0.0,0.0,2.9026182207103353,-0.2443484615934063,-1756.1649126504751,0.0,0.04255337128396148,0.6594520490800709,0.0,-0.6925454385493778,0.0,-0.024195530998223108,-0.028929754263321058,0.4376690781323892,0.0,-0.709932867802415,Medical Devices,Healthcare,RSLS
2013Q4,2013,Q4,2014-03-27,2013-12-31,-6573280.0,0.0,-6373611.0,-5.354752517188569,0.0,0.0,26387768.0,14679377.0,24989906.0,8840061.0,11708391.0,1127941.0,-225953071.0,9206700000.0,9190270851.0,11.958174753168889,2.8268929365985143,0.26028461368919115,0.4678897476371102,-0.2957906843637701,11.958174753168889,-0.44779012079327346,0.0,-350.15623859017114,627.1860174992439,0.0,0.0,0.0,0.0,2.6374502393139596,-0.24910329664865932,-2131.8778572713713,0.0,0.0489152611089323,0.9045914740338176,0.0,-0.8538782968193449,0.0,-0.042832525343098386,-0.06753125114627595,0.8113102320719958,0.0,-0.9439009031995115,Medical Devices,Healthcare,RSLS
2013Q3,2013,Q3,2013-11-08,2013-09-30,-6303294.0,0.0,-5970421.0,-5.630152917217479,0.0,0.0,24663735.0,12400646.0,23137874.0,8434680.0,12263089.0,1172275.0,-219379791.0,8396700000.0,8383386381.0,11.076356783021902,2.743183380993707,0.31740565652363684,0.6312904182572424,-0.29514087533995037,11.076356783021902,-0.5083036803082678,0.0,-333.0282547506113,677.1179501455005,0.0,0.0,0.0,0.0,2.5128765999421434,-0.2555693207050757,-1963.151657188789,0.0,0.009464324622981723,0.8139307418719123,0.0,-0.7825665756921251,0.0,0.003052859932850367,0.01657489777712184,0.8079875863868653,0.0,-0.7097629999459053,Medical Devices,Healthcare,RSLS
2013Q2,2013,Q2,2013-08-08,2013-06-30,-6322596.0,0.0,-6071048.0,-5.6839476428494375,0.0,0.0,26881062.0,13841968.0,25270043.0,8255421.0,13039094.0,1358257.0,-213076497.0,8342700000.0,8328396091.0,12.443784386349742,3.0610241440139756,0.32676063914439096,0.6345682203571053,-0.26832601118350635,12.443784386349742,-0.4567700199855974,0.0,-329.8763672390265,602.7105394261856,0.0,0.0,0.0,0.0,2.798719653425307,-0.2352063322498196,-1583.4516425366505,0.0,0.18998752817465095,0.8317015830186357,0.0,-0.8438819902764421,0.0,0.03933653919348646,0.03927515299711025,0.800404242543611,0.0,-0.3581237311131895,Medical Devices,Healthcare,RSLS
2013Q1,2013,Q1,2013-05-10,2013-03-31,-6581489.0,0.0,-6319237.0,-7.017111267485499,0.0,0.0,33223452.0,18702528.0,31534055.0,8786104.0,14520924.0,1336103.0,-206753901.0,7034400000.0,7014739558.0,19.94042988741044,3.5890828289763017,0.2930104915046155,0.5205082435914545,-0.22221611522987306,19.94042988741044,-0.3519037105572038,0.0,-267.20397162405044,376.1202763605006,0.0,0.0,0.0,0.0,3.3477741670255665,-0.19809768713979511,-1413.2909705003838,0.0,0.16718004828823935,0.7225730752625191,0.0,-0.8208397306660897,0.0,0.06336216472073658,0.06524020680211572,-0.27932670449050506,0.0,1.819271310495057,Medical Devices,Healthcare,RSLS
2012Q4,2012,Q4,2013-03-07,2012-12-31,-7026717.0,0.0,-6760279.0,-8.425724255359968,0.0,0.0,26096485.0,11874671.0,24404048.0,7537842.0,14221814.0,1271207.0,-200172412.0,6254700000.0,6242075191.0,14.23889754904312,3.2375377462143673,0.37108338536779956,0.8155149730043048,-0.3135762765773337,14.23889754904312,-0.5917399311526189,0.0,-222.53279874513234,526.7261720345767,0.0,0.0,0.0,0.0,2.966523707979021,-0.26925913585680217,-1135.2451257895596,0.0,-0.18121885627680231,0.8657415378193927,0.0,-0.9561766098394036,0.0,-0.20179738114947562,-0.21315664328385797,0.5937048210684578,0.0,-0.6444453311214354,Medical Devices,Healthcare,RSLS
2012Q3,2012,Q3,2012-11-08,2012-09-30,-5846840.0,0.0,-5572470.0,-7.133076322467304,0.0,0.0,30723451.0,16811784.0,29637146.0,6278265.0,13911667.0,1611339.0,-193145695.0,6147600000.0,6130018663.0,20.51017958227601,4.720594941436846,0.31355208111224225,0.5730148567219279,,20.51017958227601,-0.34778224607215985,0.0,-262.8599380178011,365.6720785848783,0.0,0.0,0.0,0.0,4.343140660676158,-0.19030544452835066,-1373.7527767902016,0.0,-0.1136339540154202,0.9870358483404638,0.0,-0.9810506633783341,-1.0,-0.1803344877254572,-0.17817805860159183,0.6428211497381238,0.0,2.676514573928192,Medical Devices,Healthcare,RSLS
2012Q2,2012,Q2,2012-08-08,2012-06-30,-4953545.0,188400.0,-4729735.0,-6.405225250853419,42391.0,0.22500530785562634,30523560.0,17191206.0,29491482.0,4748141.0,13332354.0,1088048.0,-187298855.0,5800200000.0,5783233256.0,22.22924123306093,6.211163906042386,0.3139939443498727,0.5575067275675715,,22.22924123306093,-0.28814412438545617,30786.624203821655,-292.7297521270121,337.39343243283804,0.0,0.1341935282266959,0.0,0.006172281345950472,5.806199521033601,-0.16228595222837702,-1125.7852809426458,0.22500530785562634,0.1640884159301479,0.9883586957700136,0.0,0.0,0.12796019370975467,0.1206206070263435,0.1379290546944489,0.6286815907577122,0.0,0.436705208301731,Medical Devices,Healthcare,RSLS
2012Q1,2012,Q1,2012-05-10,2012-03-31,-5633001.0,123093.0,-5486480.0,-7.662563090306657,37582.0,0.3053138683759434,24553542.0,15131344.0,23623302.0,4944110.0,9422198.0,1002768.0,-182345310.0,5513497500.0,5497646638.0,20.58313801720233,4.778069662689544,0.19009000819515165,0.3084579268041226,,20.58313801720233,-0.3722736724510394,44791.31632180546,-244.69627734843291,364.3759272143968,0.0,0.0852749589137268,0.0,0.005013248190424013,4.377843939556361,-0.22941704296675405,-743.1565140761065,0.3053138683759434,0.8674432561622044,0.9860735269918854,0.0,0.0,0.0,0.30077703977129344,0.30422758264206035,0.49102294646857825,0.0,-0.5177261038620217,Medical Devices,Healthcare,RSLS
2011Q4,2011,Q4,2012-03-15,2011-12-31,-8056087.0,0.0,-7885452.0,-57.80590914094142,0.0,0.0,32485855.0,20040905.0,31566521.0,9563789.0,12444950.0,1068623.0,-176712309.0,1045230000.0,1021930635.0,143.80259607933183,3.3006291753195307,0.15971021849355665,0.25888666205443317,,143.80259607933183,-0.4019821959138073,0.0,-32.4360325304332,52.1548303332609,0.0,0.0,0.0,0.0,3.0838299548432113,-0.2479875318042268,-192.62878777826432,0.0,-3.4688398776723552,0.8854992068309936,0.0,-0.9479168145239975,0.0,-0.10385905286189086,-0.10548885461937474,-0.029962297343426505,0.0,0.7571812333101627,Medical Devices,Healthcare,RSLS
2011Q3,2011,Q3,2011-11-04,2011-09-30,-7298112.0,0.0,-7133000.0,-12.935327897908543,0.0,0.0,36997884.0,27265482.0,36361388.0,6307372.0,9732402.0,0.0,-168656222.0,4231500000.0,4204757495.0,48.325916341722795,5.764903037271307,0.1539580479791763,0.20891330657569157,,48.325916341722795,-0.2676685488266813,0.0,-144.95187248428087,155.19622943031044,0.0,0.0,0.0,0.0,5.619618598681035,-0.19725755126968883,-812.5830057909142,0.0,-0.2985362020561532,0.9686239889578195,0.0,0.0,0.0,-0.3132938823362164,-0.3255900390262033,0.5725041751091701,0.0,-0.05134245141840503,Medical Devices,Healthcare,RSLS
2011Q2,2011,Q2,2011-08-05,2011-06-30,-5557105.0,0.0,-5381000.0,-9.961468827304342,0.0,0.0,29069242.0,20425598.0,28326336.0,4686651.0,8643644.0,0.0,-161358110.0,4183950000.0,4162383400.0,36.614200695515,6.044046377679925,0.1942640265611329,0.27647210133088884,,36.614200695515,-0.27206571871237256,0.0,-188.2252539766659,204.83855601192192,0.0,0.0,0.0,0.0,5.806642739132911,-0.19116786739743677,-879.950516914012,0.0,-0.09259996162450754,0.9758373998410684,0.0,0.0,0.0,-0.09262393487400163,-0.10792977936528657,0.7050466436731503,0.0,-0.5406432671339879,Medical Devices,Healthcare,RSLS
2011Q1,2011,Q1,2011-05-06,2011-03-31,-5086018.0,0.0,-4856806.0,-9.117215062403405,0.0,0.0,33677397.0,25235745.0,32874267.0,3959896.0,8441652.0,0.0,-155801005.0,4183860000.0,4159504802.0,45.23767226914858,8.301800602844114,0.16628696095485052,0.2219118952105436,,45.23767226914858,-0.2015402358836642,0.0,-205.65499374953055,165.79102380373556,0.0,0.0,0.0,0.0,8.069828854091117,-0.15102170752686142,-871.7559135115853,0.0,0.678728312227212,0.977885236488881,0.0,0.0,0.0,-0.28598598821326965,-0.34177698482905405,0.6395440014669197,0.0,-0.5935497081285664,Medical Devices,Healthcare,RSLS
2010Q4,2010,Q4,2011-03-07,2010-12-31,-3954956.0,0.0,-3619682.0,-28.378520141654516,0.0,0.0,38687265.0,29707057.0,37804129.0,3997049.0,8980208.0,0.0,-150714987.0,1045230000.0,1020294597.0,213.16162710599582,9.458009896801364,0.15263826481401568,0.19877960310911982,,213.16162710599582,-0.1331318682964792,0.0,-66.07089939812226,35.18456910760295,0.0,0.0,0.0,0.0,7.715832355320138,-0.10222888591374965,-295.60424332067277,0.0,0.03217048856622402,-0.41057145007288315,0.0,14.044960578399555,0.0,0.09814791040484375,0.11585686370297997,0.5478052877070844,0.0,-0.3439474425770159,Medical Devices,Healthcare,RSLS
2010Q3,2010,Q3,2010-11-08,2010-09-30,-4385371.0,0.0,-4094000.0,-29.32181733083712,0.0,0.0,14742673.0,5707680.0,13655148.0,4920662.0,9034993.0,0.0,-146760031.0,1121700000.0,1114977882.0,38.16314522599625,2.775063192716752,0.3955704640535675,1.0217401816499874,,38.16314522599625,-0.7683281122978163,0.0,-63.94555899603478,196.52468253300816,0.0,0.0,0.0,0.0,2.710771030402007,-0.29746105065207645,-378.6157858176204,0.0,-0.029653717079149114,0.9186166826324241,0.0,0.0,0.0,-0.029649035604528945,0.004971496832508801,0.946708478975211,0.0,-0.9647411041659603,Medical Devices,Healthcare,RSLS
2010Q2,2010,Q2,2010-08-06,2010-06-30,-4259093.0,0.0,-4114455.0,-28.47735781891337,0.0,0.0,11770215.0,2899476.0,10710817.0,3949476.0,8870739.0,0.0,-142374660.0,1121707500.0,1117680690.0,19.386578051764833,2.7119590041818205,0.5141171168071271,2.087021585969327,,19.386578051764833,-1.4689181769395574,0.0,-65.84192338603548,386.86559226563696,0.0,0.0,0.0,0.0,2.598165427514941,-0.3618534580719214,-319.34842197325656,0.0,-4.191855346977398,0.9209606667850609,0.0,0.0,0.0,0.10296491108720848,0.053884450997485046,0.9482433694760226,0.0,0.0,Medical Devices,Healthcare,RSLS
2010Q1,2010,Q1,2010-05-07,2010-03-31,-4747967.0,0.0,-4348787.0,-5.485006017259775,0.0,0.0,16180267.0,6122495.0,15157345.0,6636964.0,10057772.0,0.0,-138115567.0,6492202500.0,6484577240.0,7.072902069829153,2.283776889553718,0.42820214277057356,1.1316342438826001,,7.072902069829153,-0.7754954475258861,0.0,-341.84117644457086,1060.3851044386315,0.0,0.0,0.0,0.0,2.1950110020183926,-0.2934418202122375,-1775.6854377822458,0.0,0.735507815140012,0.9847762584480071,0.0,0.0,0.0,-0.6428258045854119,0.1328905787506114,0.9900311713845519,0.0,0.0,Medical Devices,Healthcare,RSLS
2009Q4,2009,Q4,2010-03-29,2009-12-31,-2890122.0,0.0,-5015269.0,-20.737875563935184,0.0,0.0,16214000.0,5581110.0,15101937.0,6280495.0,10632890.0,0.0,-133367600.0,1045230000.0,1038373872.0,40.046999225050946,2.404577505435479,0.47868915751819413,1.3906670895216184,,40.046999225050946,-0.5178399995699781,0.0,-90.41400328429043,187.27994968742777,0.0,0.0,0.0,0.0,2.32905224827024,-0.1782485506352535,-143.9566192320358,0.0,-0.038420201318991425,-0.030788605594484823,0.0,1.826519635846511,0.0,0.7593154119992275,0.30976204238921,0.9589228292401516,0.0,-0.9854955658293888,Medical Devices,Healthcare,RSLS
2009Q3,2009,Q3,2009-11-16,2009-09-30,-12007923.0,0.0,-7266000.0,-19.970601051091005,0.0,0.0,28638801.0,3354362.0,27392678.0,11086060.0,25284439.0,0.0,-130477478.0,4509600000.0,4499547617.0,5.578702102182012,2.47091193805554,0.5935775733069272,5.067834062036238,,5.578702102182012,-3.5797934152604878,0.0,-93.88801044110626,1344.3987261959203,0.0,0.0,0.0,0.0,2.4401575492104497,-0.41928860778773525,-746.1912328486962,0.0,-0.1577191314100082,0.9445711790294485,0.0,0.0,0.0,-0.15887553994507853,-0.16554379210779596,0.9515591870539808,0.0,0.0,Medical Devices,Healthcare,RSLS
2009Q2,2009,Q2,2009-08-07,2009-06-30,-10361702.0,0.0,-6234000.0,-17.24995338616235,0.0,0.0,36618874.0,9293946.0,35335191.0,10486827.0,27324928.0,0.0,-118469555.0,4505100000.0,4489042657.0,15.472374642072317,3.3694835434969987,0.5054707580577164,1.9915943131152258,,15.472374642072317,-1.1148872610191625,0.0,-108.69594589769132,484.7349016230566,0.0,0.0,0.0,0.0,3.323513871259629,-0.28296069398529294,-847.8700771930459,0.0,-0.14581006036590863,0.9521223935350851,0.0,0.0,0.0,-0.5536059703846777,-0.09425917653223054,0.9581584067916177,0.0,0.0,Medical Devices,Healthcare,RSLS
2009Q1,2009,Q1,2009-05-07,2009-03-31,-6669453.0,0.0,-5697005.0,-15.054810550933428,0.0,0.0,37181078.0,18907423.0,35802961.0,6647891.0,18273655.0,0.0,-108107853.0,3322582500.0,3302090113.0,42.679353334341585,5.385611918125613,0.3719045477917558,0.7313430286083936,,42.679353334341585,-0.35274257099976025,0.0,-124.54479025491295,175.72899807657555,0.0,0.0,0.0,0.0,5.2998086159956594,-0.17937761245115055,-533.6151532983263,0.0,0.731759477680677,0.9582150187786272,0.0,0.0,0.0,0.14731740931993306,0.11914016899753384,0.9634829241564995,0.0,0.0,Medical Devices,Healthcare,RSLS
2008Q4,2008,Q4,2009-03-12,2008-12-31,-7821730.0,0.0,-6467550.0,-56.12429628738813,0.0,0.0,28278900.0,11405144.0,26794090.0,5877945.0,16873756.0,0.0,-101307432.0,1045230000.0,1037845300.0,81.83708848770127,4.5584111453917995,0.48341371128297067,1.1986177465185885,,81.83708848770127,-0.6858072112022435,0.0,-33.4078905817511,91.64548908808166,0.0,0.0,0.0,0.0,4.486648480038517,-0.2765924417144938,-109.34212285425382,0.0,-0.8548337233927414,-1.7896919784135583,0.0,4.776066672338839,0.0,0.23314147155642947,0.35721215800323564,-1.7896919784135583,0.0,4.776066672338839,Medical Devices,Healthcare,RSLS
2008Q3,2008,Q3,2008-11-07,2008-09-30,-10199704.0,0.0,-10061718.0,-30.258397601661677,0.0,0.0,30327988.0,17171674.0,28960845.0,9810919.0,13156314.0,0.0,-93485702.0,2528152500.0,2515839434.0,50.94137121870615,2.9518993072922117,0.24031607372041958,0.4244375359094285,,50.94137121870615,-0.5939842556992405,0.0,-61.96632029713803,147.2280745604651,0.0,0.0,0.0,0.0,2.9250294493308933,-0.33631324306775645,-296.99403310602366,0.0,0.10406685557592181,0.9160172542589768,0.0,0.0,0.0,0.10170326407352578,0.10368791715713409,0.9160172542589768,0.0,0.0,Medical Devices,Healthcare,RSLS
2008Q2,2008,Q2,2008-08-07,2008-06-30,-11354493.0,0.0,-11225686.0,-33.77305303412155,0.0,0.0,40394378.0,26797679.0,39013460.0,9336184.0,13596699.0,0.0,-83285998.0,2521500000.0,2495045511.0,79.7075520523498,4.178737265675141,0.21302320832864416,0.32110766010742947,,79.7075520523498,-0.423711807280026,0.0,-55.51767040589131,94.09396985462807,0.0,0.0,0.0,0.0,4.133310568857683,-0.2810909230982589,-312.1636487752266,0.0,-0.335244743606113,0.9062622461646175,0.0,0.0,0.0,-0.3361212110799813,-0.3182690711051434,0.9062622461646175,0.0,0.0,Medical Devices,Healthcare,RSLS
2008Q1,2008,Q1,2008-05-09,2008-03-31,-8498101.0,0.0,-8515474.0,-25.293530040725138,0.0,0.0,50089614.0,37394260.0,48626838.0,7541787.0,12695354.0,0.0,-71931505.0,2519842500.0,2488167417.0,111.29939668848351,6.447654647366732,0.1955451882699675,0.26193279396356556,,111.29939668848351,-0.2272568303263656,0.0,-74.1295761253014,67.3858100146921,0.0,0.0,0.0,0.0,6.354458963107815,-0.1696579454575154,-324.5619074201422,0.0,0.5969627562485331,0.9297972281235651,0.0,0.0,0.0,0.028359269551636236,0.017758718218217756,0.9297972281235651,0.0,0.0,Medical Devices,Healthcare,RSLS
2007Q4,2007,Q4,2007-12-31,2007-12-31,-8746135.0,0.0,-8669432.0,-62.75730204308962,0.0,0.0,59050675.0,45281520.0,57553907.0,7751411.0,13769155.0,0.0,-63433404.0,1045230000.0,1007596460.0,324.91547314945035,7.424958759121404,0.1879532960461502,0.24510592842289747,,324.91547314945035,-0.19315020785521334,0.0,-29.876911344268066,23.082926544868634,0.0,0.0,0.0,0.0,7.369908394742583,-0.14811236281380358,-165.02710032876584,0.0,0.8859425800482279,-2.1193895278438486,0.0,21.932553814738736,0.0,-0.32321961929504617,-0.34362802715825286,-2.1193895278438486,0.0,21.932553814738736,Medical Devices,Healthcare,RSLS
2007Q3,2007,Q3,2007-09-30,2007-09-30,-6609738.0,0.0,-6452256.0,-550.2255098320288,0.0,0.0,24658230.0,13002502.0,22879973.0,6525981.0,11655728.0,0.0,-54687269.0,90097500.0,83744222.0,1082.3692666278198,3.505982165746422,0.3865372332077363,0.73303768766965,,1082.3692666278198,-0.508343548034063,0.0,-3.4077561016790683,6.929243310249059,,0.0,,0.0,3.4684544745073578,-0.26805403307536674,0.0,0.0,0.0,-0.5271344447031232,0.0,0.0,0.0,0.0,0.0,-0.5271344447031232,0.0,0.0,Medical Devices,Healthcare,RSLS
2007Q2,2007,Q2,2007-06-30,2007-06-30,-6609738.0,0.0,0.0,-550.2255098320288,0.0,0.0,,,,,,,,90097500.0,,,0.0,0.0,0.0,0.0,,0.0,0.0,-3.4077561016790683,0.0,,0.0,,0.0,0.0,0.0,0.0,0.0,0.0,-0.5271344447031232,0.0,0.0,0.0,0.0,0.0,-0.5271344447031232,0.0,0.0,Medical Devices,Healthcare,RSLS
2007Q1,2007,Q1,2007-03-31,2007-03-31,-6609738.0,0.0,0.0,-550.2255098320288,0.0,0.0,,,,,,,,90097500.0,,,0.0,0.0,0.0,0.0,,0.0,0.0,-3.4077561016790683,0.0,,0.0,,0.0,0.0,0.0,0.0,0.0,-13.676726343864033,-0.5271344447031232,0.0,0.0,0.0,-0.2650882103842786,0.0,-0.5271344447031232,0.0,0.0,Medical Devices,Healthcare,RSLS
