Quarters,Year,Quarter,FillingDate,Date,NetIncome,Revenue,OperatingIncome,EPSDiluted,GrossProfit,GrossProfitRatio,TotalAssets,CommonStockEquity,CurrentAssets,CurrentLiability,TotalLiability,Inventory,RetainedEarnings,MarketCap,EnterpriseValue,bookValuePerShare,currentRatio,debtToAssets,debtToEquity,roic,shareholdersEquityPerShare,roe,priceToSalesRatio,peRatio,pbRatio,payoutRatio,inventoryTurnover,dividendYield,assetTurnover,quickRatio,returnOnAssets,priceToFreeCashFlowsRatio,grossProfitMargin,epsdilutedGrowth,fiveYNetIncomeGrowthPerShare,fiveYRevenueGrowthPerShare,fiveYShareholdersEquityGrowthPerShare,grossProfitGrowth,netIncomeGrowth,operatingIncomeGrowth,threeYNetIncomeGrowthPerShare,threeYRevenueGrowthPerShare,threeYShareholdersEquityGrowthPerShare,Industry,Sector,Symbol
2023Q1,2023,Q1,2023-05-10,2023-03-31,-19377000.0,51380000.0,-14443000.0,-1.04,21345000.0,0.415434021,204708000.0,-52699000.0,83969000.0,216845000.0,257407000.0,32410000.0,-342448000.0,79553858.75,175200858.75,-2.8153348375448854,0.3872305102723143,0.5452058541923129,-2.1178390481792824,-0.24244826511649437,-2.8153348375448854,0.36769198656520996,1.5483429106656286,-1.0263954527274604,-1.5095895320594317,0.0,0.9267201481024375,0.0,0.2509916564081521,0.18225921741335976,-0.09465677941262676,-27.81603452797203,0.4154340210198521,-0.6507936507936508,0.6978799484993464,32.01003425009787,-1.5298860902684028,-0.2246640029059208,-0.676791277258567,-0.8008728179551122,0.9201673696954626,-0.8414668135474755,0.8682624369790962,Internet Content & Information,Communication Services,AREN
2022Q4,2022,Q4,2023-03-31,2022-12-31,-11556000.0,61664000.0,-8020000.0,-0.63,27530000.0,0.4464517385,203719000.0,-52146000.0,78695000.0,216364000.0,255865000.0,26433000.0,-323071000.0,195831910.56,297326910.56,-2.8252242365295546,0.36371577526760457,0.566299657862055,-2.2123652820925863,-0.12658432775124337,-2.8252242365295546,0.22160856057991024,3.17578993513233,-4.236585119418484,-3.7554541203543894,0.0,1.2913403699920554,0.0,0.3026914524418439,0.22102105710746706,-0.056725194998993714,93.38670031473534,0.44645173845355474,0.3,0.6587811253033566,48.101604247175224,-1.9870929665520574,0.05068315395771315,0.2998485307482581,0.3440209389824963,-2.5749157970437877,-0.8259310858817029,0.7391197656063047,Internet Content & Information,Communication Services,AREN
2022Q3,2022,Q3,2022-11-09,2022-09-30,-16505000.0,66706000.0,-12226000.0,-0.9,26202000.0,0.392798249,167562000.0,-44624000.0,74245000.0,117242000.0,212186000.0,0.0,-309374000.0,239529177.0,316916177.0,-2.440514376250706,0.633262823902697,0.5412324990152899,-2.032314449623521,-0.269330701824985,-2.440514376250706,0.369868232341341,3.590819071747669,-3.628130521054226,-5.36772089010398,0.0,0.0,0.0,0.3980974206562347,0.40058170280274985,-0.09850085341545219,-28.239704904503654,0.3927982490330705,0.2622950819672131,0.6230417903189164,446.5900509180238,-1.5139645169743874,0.42821323449253246,0.2567658846309722,0.42786279189480086,0.9427335993021181,-0.2077840065651104,0.0,Internet Content & Information,Communication Services,AREN
2022Q2,2022,Q2,2022-08-09,2022-06-30,-22207000.0,65075000.0,-21369000.0,-1.22,18346000.0,0.2819208605,186448000.0,-33964000.0,87007000.0,121191000.0,220412000.0,33968000.0,-292869000.0,164330010.0,229330010.0,-1.86013498082304,0.7179328497990775,0.42821054664035013,-2.350694853374161,-0.4219508764290023,-1.86013498082304,0.6538393593216346,2.5252402612370344,-1.849979848696357,-4.838358556118243,0.0,1.375677107866227,0.0,0.3490249292027804,0.40670511836687545,-0.1191055951257187,37.89898754612546,0.2819208605455244,-0.016666666666666684,0.535298131892395,0.0,-1.3761919374176432,-0.07090043553124684,-0.20369667732668437,-0.4071513235875148,0.8381957330433132,-0.0017498000301088281,0.0,Internet Content & Information,Communication Services,AREN
2022Q1,2022,Q1,2022-05-04,2022-03-31,-18449000.0,48243000.0,-15186000.0,-1.2,19746000.0,0.409302904,171259000.0,-24435000.0,80392000.0,96442000.0,195694000.0,30414000.0,-270662000.0,166579543.98,225236543.98,-1.588616727344219,0.8335787312581655,0.4737678019841293,-3.320523838755883,-0.2630605246166477,-1.588616727344219,0.755023531819112,3.452926724706175,-2.2572977394438727,-6.817251646408839,0.0,0.9369698165318603,0.0,0.28169614443620483,0.44045125567698723,-0.10772572536333858,-11.13201977947073,0.4093029040482557,0.23566878980891726,0.4750205651821055,0.0,-1.2033402094347934,-0.4227184581314619,0.03474762069395624,-0.9224748654704348,0.8378075460362566,-0.20835968109957023,0.0,Internet Content & Information,Communication Services,AREN
2021Q4,2021,Q4,2022-04-01,2021-12-31,-19113136.0,61204833.0,-7899193.0,-1.57,34205147.0,0.5588634969,173982880.0,-37789914.0,77671018.0,116412415.0,211772794.0,34131379.0,-252212939.0,171224697.6,245139864.6,-3.1075072497018095,0.6672056240736867,0.47857689791087493,-2.2033441780259144,-0.15748491979921,-3.1075072497018095,0.5057734717258155,2.797568250860189,-2.239620667168381,-4.530962880730557,0.0,0.7910517181271814,0.0,0.3517865263524779,0.2762687639458386,-0.10985641805676513,-20.514199253520246,0.5588634969398577,0.2697674418604651,0.0,0.0,0.0,0.2483790212057096,0.22639722885988528,0.6472292452359583,0.7776568652926101,0.8800206571497785,-1.671553447236242,Internet Content & Information,Communication Services,AREN
2021Q3,2021,Q3,2021-11-15,2021-09-30,-24706654.0,59573508.0,-22391859.0,-2.15,27399649.0,0.4599300917,190163854.0,-47659108.0,79380241.0,130386757.0,237822962.0,0.0,-233099803.0,96069157.36,160085155.36,-4.1473262993966165,0.6088060078064523,0.37990310187970844,-1.5158453658008035,-0.8266208160793187,-4.1473262993966165,0.5184036176254075,1.6126154155635757,-0.9720980161862467,-2.015756513109729,0.0,0.0,0.0,0.3132746142176946,0.21280525444773504,-0.12992297684501072,189.3962360149752,0.4599300917448071,-0.5140845070422535,-8.835351237421937,0.0,-1.9246877904833801,1.4572149013518712,-0.1960682897896155,0.03739539529736833,0.6847690360972954,4.664734176528422,-1.4104040818556263,Internet Content & Information,Communication Services,AREN
2021Q2,2021,Q2,2021-08-16,2021-06-30,-20656558.0,34746512.0,-23261741.0,-1.42,11150693.0,0.3209154634,218549367.0,-32437540.0,82402364.0,120917297.0,250986907.0,0.0,-208393149.0,188861508.275,268629281.275,-2.945393047745954,0.6814770594814074,0.3957487417476711,-2.66637473125274,-0.23714124083672197,-2.945393047745954,0.6368102513322527,5.435409121784656,-2.2857330378444463,-5.822312921232622,0.0,0.0,0.0,0.1589870173359962,0.1772979427418064,-0.09451666817227615,-19.655154829159915,0.32091546339960686,0.43650793650793657,-25.185238669238338,0.0,-1.6264339988734196,1.0622282628295454,0.21704970724491837,-0.0708019144468447,0.3373064792842739,15.211167196605425,-1.7332705193619315,Internet Content & Information,Communication Services,AREN
2021Q1,2021,Q1,2021-08-16,2021-03-31,-26382975.0,33615481.0,-21723664.0,-2.52,5407109.0,0.1608517516,208839844.0,-40243558.0,71709304.0,115605281.0,249083402.0,0.0,-187736591.0,209332243.12,295691016.12,-3.8487908940914806,0.6202943618120698,0.4351827949076614,-2.258336775292085,-0.3154960612107385,-3.8487908940914806,0.65558256553757,6.22725711168613,-1.9835920998295302,-5.201633591145196,0.0,0.0,0.0,0.16096296739237173,0.16101620824744156,-0.12633113727091272,-84.51946923650259,0.16085175160813556,-0.1943127962085309,-13.667034527021364,0.0,-1.8007870359559908,-0.6555349424311557,-0.1976159417299804,-0.41505924072598793,0.2635944676878436,37.66263689143581,-1.7243972304584714,Internet Content & Information,Communication Services,AREN
2020Q4,2020,Q4,2021-08-16,2020-12-31,-22029579.0,42438611.0,-15351770.0,-2.11,15697119.0,0.369878246,214204316.0,-1897468.0,73846465.0,107562825.0,216101784.0,0.0,-162273286.0,138021259.2,219306204.2,-0.1814689834390382,0.6865426321779853,0.4216479793058885,-47.59965227345072,-0.14172554573131108,-0.1814689834390382,11.609987098596656,3.2522567527009776,-1.5663174861398848,-72.73970322556164,0.0,0.0,0.0,0.198122109733774,0.24476578223005951,-0.10284376809662416,-10.60678520664368,0.36987824601516767,0.8464337700145561,-65.07795008892792,0.0,-1.0367971359830788,1.1266777418720257,-0.03598252875894022,-0.11461106228846613,-0.14822694426158,58.651473063010855,-1.0634026690285165,Internet Content & Information,Communication Services,AREN
2020Q3,2020,Q3,2021-05-18,2020-09-30,-21264431.0,32089993.0,-13773208.0,-13.74,7381052.0,0.2300110193,190769235.0,-73489534.0,46376242.0,106782238.0,264258769.0,0.0,-140243707.0,34876268.019999996,135936990.01999998,-41.25800027958381,0.43430670557775725,0.5545679574591784,-1.4395860096214517,-0.29479504634976494,-41.25800027958381,0.28935318871391946,1.0868269126764845,-0.4100305813496726,-0.4745746247349997,0.0,0.0,0.0,0.16821366925332587,0.15365994670387037,-0.11146677293118044,-9.432141628159686,0.23001101932306436,-0.18755401901469315,-94.68601828178062,0.0,-9.146777270513574,5.139126611744135,0.08189935905664135,0.36206260807266477,-3.9854142567483515,2209.3189915047265,-9.688802816069582,Internet Content & Information,Communication Services,AREN
2020Q2,2020,Q2,2021-05-12,2020-06-30,-23161329.0,23090940.0,-21590219.0,-11.57,-1783239.0,-0.0772267825,196506432.0,-56529024.0,42054457.0,104516679.0,253035456.0,0.0,-118979276.0,25491637.6,124749742.6,-31.71098914414192,0.40237077375946856,0.5166899269739934,-1.7961197065776335,-0.2893141999440739,-31.71098914414192,0.4097245514092018,1.103967079729106,-0.2751530104339004,-0.45094777507568506,0.0,0.0,0.0,0.11750729869239089,0.12281112567688837,-0.11786550070788522,-2.936712620751444,-0.07722678245233845,0.05781758957654716,-104.12284245298076,0.0,-7.0787594585935505,-1.4853645325828384,-0.0168903433625633,-0.06920366627654417,-3.9643303682871927,0.0,-7.413200421770616,Internet Content & Information,Communication Services,AREN
2020Q1,2020,Q1,2021-05-07,2020-03-31,-22776624.0,30412853.0,-20192803.0,-12.28,3674020.0,0.1208048452,209107506.0,-37538421.0,50605328.0,107458999.0,246645927.0,0.0,-95817947.0,29755618.200000003,116253484.2,-21.370782736417823,0.4709268509005933,0.4496951582407568,-2.5050236662858034,-0.2453046334997256,-21.370782736417823,0.6067549831145002,0.9783895710145971,-0.3266025970310613,-0.7926710129869342,0.0,0.0,0.0,0.14544123059838895,0.2177664897101824,-0.10892303406841837,-2.507497747048917,0.12080484524092494,-31.7,-86.52006863049458,0.0,-4.986048606803467,-0.2885584595922188,-33.61757457113275,-0.05705526228684958,-4.675399704519885,0.0,-3.7354234426785564,Internet Content & Information,Communication Services,AREN
2019Q4,2019,Q4,2021-04-09,2019-12-31,698293.0,33713044.0,-19102883.0,0.4,5164191.0,0.1531807985,196991291.0,-19022488.0,48160360.0,87541031.0,216013779.0,0.0,-73041323.0,30914928.000000004,84450311.0,-10.82958332621703,0.5501461366156403,0.3167026505755526,-3.279679503543385,0.014691985249860668,-10.82958332621703,-0.036708815376831884,0.9170019770389172,11.068035910427286,-1.6251779472800827,0.0,0.0,0.0,0.1711397688134345,0.2951788059247326,0.003544791226328884,-6.091678647094431,0.15318079850635855,1.0253807106598984,5.895807936940695,0.0,-2.9772825498875686,195.3983060417843,1.0268923873177265,-0.9696770165649583,0.0,0.0,0.0,Internet Content & Information,Communication Services,AREN
2019Q3,2019,Q3,2019-09-30,2019-09-30,-25966196.0,7586020.0,-9698485.0,-15.76,-26565.0,-0.0035018363,,,,,,,,32254662.659999996,,,0.0,0.0,0.0,0.0,,0.0,4.251855737264072,-0.3105447430574736,0.0,0.0,0.0,0.0,0.0,0.0,0.0,-4.978886039199548,-0.0035018362725118047,-1.095744680851064,-110.54902517582833,0.0,0.0,-1.0938324544083415,-1.1374012850487003,-0.3570688163755789,-71.1077856329078,0.0,0.0,Internet Content & Information,Communication Services,AREN
2019Q2,2019,Q2,2019-06-30,2019-06-30,-12148489.0,5770283.0,-7146642.0,-7.52,283111.0,0.0490636248,,,,,,,,23822876.44,,,0.0,0.0,0.0,0.0,,0.0,4.1285455912647615,-0.490243610542842,0.0,0.0,0.0,0.0,0.0,0.0,0.0,-0.5128863816322902,0.049063624782354695,-0.01621621621621611,-40.7466297946376,0.0,0.0,-0.5443966668705081,-0.03739589953069716,-0.47005268141208645,-103.93703363023732,0.0,0.0,Internet Content & Information,Communication Services,AREN
2019Q1,2019,Q1,2019-03-31,2019-03-31,-11710562.0,6273963.0,-4861487.0,-7.4,621398.0,0.0990439376,,,,,,,,21251093.38,,,0.0,0.0,0.0,0.0,,0.0,3.3871881903033216,-0.45367364478323075,0.0,0.0,0.0,0.0,0.0,0.0,0.0,-12.953284253578731,0.09904393761965125,-0.046676096181046685,-46.34484662477411,0.0,0.0,0.19464924608431014,-0.04617539400996401,-0.6451832870724763,-41.987241414869835,0.0,0.0,Internet Content & Information,Communication Services,AREN
2018Q4,2018,Q4,2021-01-08,2018-12-31,-11193689.0,4239241.0,-2954982.0,-7.07,520151.0,0.1226990869,37157803.0,7327576.0,9533342.0,21849647.0,29830227.0,0.0,-34539954.0,16722171.840000002,23315107.840000004,4.627341669513665,0.4363156072956236,0.24219763477404732,1.2281731366552868,-0.23421578394742273,4.627341669513665,-1.5276114502258318,3.9446145760526474,-0.3734732097702554,2.2820878063905443,0.0,0.0,0.0,0.11408750404322882,0.3907280515790484,-0.30124733154971517,-10.277696447833023,0.12269908693560946,-0.03665689149560117,-55.16935490831164,0.0,-0.23430693047684217,1.8307051277956292,-0.2971326245451103,0.18157374771711693,-220.7006113744748,0.0,-0.06169683972213564,Internet Content & Information,Communication Services,AREN
2018Q3,2018,Q3,2020-05-18,2018-09-30,-8629564.0,1157917.0,-3610566.0,-6.82,-626156.0,-0.5407606936,19674651.0,12786098.0,3811848.0,6702812.0,6888553.0,0.0,-25890222.0,18093289.5,17197666.5,10.10547039552979,0.5686938556534183,0.049118482457452484,0.07558122892535314,-0.2597806519231925,10.10547039552979,-0.6749177114081246,15.625722309975586,-0.5241658066386669,1.4150751464598503,0.0,0.0,0.0,0.058853242174410104,0.5132081878471304,-0.4386133202566084,-6.662509155141959,-0.5407606935557557,-1.4098939929328622,-45.19994062473339,0.0,0.6076865913452474,0.2785938619715519,-1.7426576964833729,-0.0035881686330853663,-53.666264089483604,0.0,0.9954194572752666,Internet Content & Information,Communication Services,AREN
2018Q2,2018,Q2,2018-09-28,2018-06-30,-3146424.0,216356.0,-3597657.0,-2.83,-867966.0,-4.0117491542,10845572.0,4465352.0,628778.0,6211724.0,6380220.0,0.0,-15505618.0,29348140.799999997,32127056.799999997,4.016789124849776,0.10122439438712988,0.2669387101021504,0.6483482153254659,-0.44424016409498845,4.016789124849776,-0.7046306763722099,135.64745512026474,-2.3318647455015595,6.5724137313251,0.0,0.0,0.0,0.019948786472488496,0.052212075101855784,-0.2901113929260716,-10.07650761485457,-4.011749154171828,0.17492711370262393,-47.558814502826515,0.0,-0.3728224085546118,0.08541099636152127,0.11912470824588059,-0.007202830739356801,-21.900021866142755,0.0,-0.23001156555323227,Internet Content & Information,Communication Services,AREN
2018Q1,2018,Q1,2018-06-27,2018-03-31,-3571929.0,86685.0,-3571929.0,-3.43,-949023.0,-10.9479494722,6985255.0,5538800.0,2163684.0,1277959.0,1446455.0,0.0,-12044000.0,35319256.28,33800074.28,5.313094435294264,1.6930777904455463,0.0,0.0,-0.6448922149201993,5.313094435294264,-0.6448922149201993,407.44369014246985,-2.472001562741029,6.376698252329025,0.0,0.0,0.0,0.012409711599648116,1.2464038361168082,-0.5113526993645902,-15.02904226985869,-10.947949472227029,-0.994186046511628,-13.488300173818699,0.0,-0.17559857437789195,-0.08076993596394029,-0.8673608940089564,-0.7547975408764926,-22.126426890572958,0.0,-0.009009031965393354,Internet Content & Information,Communication Services,AREN
2017Q4,2017,Q4,2018-05-15,2017-12-31,-1912822.0,70931.0,-2035522.0,-1.72,-878099.0,-12.37962245,6568694.0,2983754.0,3860967.0,416444.0,3584940.0,0.0,-8472071.0,43575705.8,42956456.8,2.862166312863256,9.271275369557491,0.0,0.0,-0.6384411309053101,2.862166312863256,-0.6410789897558579,614.3393692461688,-5.695211812703952,14.604322541335511,0.0,0.0,0.0,0.010798341344565601,1.614745319898954,-0.2912027870380322,-21.09985008817488,-12.379622449986607,0.28033472803347287,-13.878812928649024,0.0,-0.5661858289670434,-0.979916708567924,-0.07368656212076477,-0.14674323933013567,-21.59688965340845,0.0,-0.4774211218634706,Internet Content & Information,Communication Services,AREN
2017Q3,2017,Q3,2017-11-14,2017-09-30,-1781546.0,6064.0,-1775046.0,-2.39,-443503.0,-73.1370382586,4356724.0,3532727.0,1820794.0,655501.0,823997.0,0.0,-6559249.0,18822719.3,17123658.3,4.748410241659397,2.777713535143348,0.0,0.0,-0.5033760209393948,4.748410241659397,-0.5042976714589041,3104.0104386543535,-2.641346238042689,5.3280990294466575,0.0,0.0,0.0,0.001391871507123242,2.5973156410135148,-0.4089187196618377,-12.70170442774672,-73.1370382585752,0.08778625954198473,-24.68702796108998,0.0,-0.29821848336032164,-1.3094423528554096,-0.12649486719844197,-0.11511663189477592,-15.946205200256868,0.0,-0.15986634943333014,Internet Content & Information,Communication Services,AREN
2017Q2,2017,Q2,2017-08-14,2017-06-30,-1581495.0,0.0,-1591803.0,-2.62,-192039.0,0.0,3450312.0,2987870.0,1545225.0,293946.0,462442.0,0.0,-4780953.0,19940712.0,18492238.0,4.944643400897621,5.256832887673246,0.0,0.0,-0.5304501649325601,4.944643400897621,-0.5293051571855536,0.0,-3.15219333605228,6.673888756873626,0.0,0.0,0.0,0.0,4.927687398365686,-0.4583628958772424,-11.600302970013647,0.0,-0.14912280701754402,-2.352991947090382,0.0,-0.28255284728217833,0.0,-0.596663301362948,-0.5729402999233195,-13.535734188762502,0.0,-0.15145616778001308,Internet Content & Information,Communication Services,AREN
2017Q1,2017,Q1,2017-05-22,2017-03-31,-990500.0,0.0,-1011992.0,-2.28,0.0,0.0,4441708.0,3386983.0,3230210.0,886229.0,1054725.0,0.0,-3192586.0,11826643.84,8712304.84,7.81260495285195,3.644893137101133,0.0,0.0,-0.2945281530497051,7.81260495285195,-0.29244315663822346,0.0,-2.985018637051994,3.4917930913736503,0.0,0.0,0.0,0.0,3.5141470206910403,-0.22299980097746183,-12.218995794976701,0.0,0.0,-11.49464388430886,0.0,-0.20657517135646503,0.0,0.0,0.0,-13.62719555723713,0.0,0.3144935639484226,Internet Content & Information,Communication Services,AREN
2016Q3,2016,Q3,2016-10-31,2016-09-30,-94162.0,0.0,-102009.0,-0.18,0.0,0.0,2257854.0,1931979.0,2257854.0,157379.0,325875.0,0.0,-62738143.0,1895317.6,1416130.6,4.485109830669013,14.346602786902954,0.0,0.0,-0.042435571996383536,4.485109830669013,-0.048738625005758346,0.0,-5.0320660138909545,0.9810239138210095,0.0,0.0,0.0,0.0,14.074355536634494,-0.041704202308918116,-43.900530424107664,0.0,-1.5139664804469273,-1.8970344129469296,0.0,-0.5635901694857379,0.0,-2.0707670232194104,-1.0049726797437006,-0.4807454725124672,0.0,-0.28646063436423547,Internet Content & Information,Communication Services,AREN
2016Q2,2016,Q2,2016-08-15,2016-06-30,-30664.0,0.0,-50878.0,-0.0716,0.0,0.0,2266941.0,2012797.0,2266941.0,85648.0,254144.0,0.0,-62643982.0,1506866.24,643876.24,4.7018409809221025,26.468113674575005,0.0,0.0,-0.017874319846319243,4.7018409809221025,-0.015234521911548954,0.0,-12.285303939472998,0.7486429282237602,0.0,0.0,0.0,0.0,26.318699794507754,-0.013526598177896998,-29.113125060375975,0.0,0.5788235294117647,0.8101094143796269,0.0,-0.5488828400620605,0.0,0.5808810464305728,0.2519371296663873,-2.1783060331420687,0.0,-0.2658590704872436,Internet Content & Information,Communication Services,AREN
2016Q1,2016,Q1,2016-05-16,2016-03-31,-73163.0,0.0,-68013.0,-0.17,0.0,0.0,2321881.0,2044040.0,2321881.0,109345.0,277841.0,0.0,-62600617.0,1497010.24,818203.24,4.806260243082907,21.23445059216242,0.0,0.0,-0.03364166509697901,4.806260243082907,-0.035793330854582105,0.0,-5.115325506061808,0.7323781530694116,0.0,0.0,0.0,0.0,21.0431478348347,-0.031510228129693126,-46.752349781386634,0.0,-4.329153605015675,-0.7580424699542482,0.0,-0.5568131542779107,0.0,-4.395501474926253,-0.478189998043946,0.2725683994168642,0.0,-0.25424103701462675,Internet Content & Information,Communication Services,AREN
2015Q4,2015,Q4,2016-03-30,2015-12-31,-13560.0,0.0,-46011.0,-0.0319,0.0,0.0,2351818.0,2097348.0,2351818.0,85974.0,254470.0,0.0,-62527454.0,1403447.0999999999,857742.0999999999,4.931606185940318,27.354991043803942,0.0,0.0,-0.008990699331096412,4.931606185940318,-0.006465307617047815,0.0,-25.87476216814159,0.6691531877399459,0.0,0.0,0.0,0.0,27.006885802684533,-0.005765752281851742,-79.31768396066462,0.0,0.7100000000000001,0.2875458216301071,0.0,-0.5479233691038451,0.0,0.7398361504959613,0.07310636583400483,0.7414530281234464,0.0,-0.25252399212452314,Internet Content & Information,Communication Services,AREN
2015Q3,2015,Q3,2015-11-16,2015-09-30,-52121.0,0.0,-49640.0,-0.11,0.0,0.0,2375475.0,2115666.0,2375475.0,91313.0,259809.0,0.0,-62494367.0,1378601.4,1037167.3999999999,5.064333896657874,26.014641945834658,0.0,0.0,-0.021084387845591454,5.064333896657874,-0.024635741180318634,0.0,-6.61250455670459,0.6516158032506075,0.0,0.0,0.0,0.0,25.587134362029502,-0.021941295951336048,-27.063239104829208,0.0,0.0833333333333333,-0.6867223059627374,0.0,-0.5446017207583809,0.0,-0.019003304072415884,0.11906156276065236,-0.3383405194434269,0.0,-0.2515271971268681,Internet Content & Information,Communication Services,AREN
2015Q2,2015,Q2,2015-08-14,2015-06-30,-51149.0,0.0,-56349.0,-0.12,0.0,0.0,2407694.0,2158874.0,2407694.0,80324.0,248820.0,0.0,-62442246.0,1365672.0,1155905.0,5.216687608737677,29.974777152532244,0.0,0.0,-0.026515829346565913,5.216687608737677,-0.02369244337557449,0.0,-6.674969207609141,0.6325853199399316,0.0,0.0,0.0,0.0,29.763819032916686,-0.021243978678353644,-21.797044083378555,0.0,-0.3333333333333333,0.3961672370169355,0.0,-0.5369740789246154,0.0,0.15849826431732555,0.2354896480612162,-1.0638938108431861,0.0,-0.24308036635609337,Internet Content & Information,Communication Services,AREN
2015Q1,2015,Q1,2015-05-15,2015-03-31,-60783.0,0.0,-73706.0,-0.09,0.0,0.0,2473030.0,2199550.0,2473030.0,104984.0,273480.0,0.0,-62391099.0,1353848.0999999999,583485.0999999999,5.361395417994086,23.556256191419646,0.0,0.0,-0.020357251314759055,5.361395417994086,-0.027634288831806506,0.0,-5.568366566309659,0.615511400059103,0.0,0.0,0.0,0.0,23.37349500876324,-0.024578351253320824,-61.66187374749499,0.0,-0.10837438423645324,0.1851383887348898,0.0,-0.5314017374538008,0.0,-0.8246030078347792,-0.4757728656094826,0.18976185326733375,0.0,-0.45551269179950776,Internet Content & Information,Communication Services,AREN
2014Q4,2014,Q4,2015-03-31,2014-12-31,-33313.0,0.0,-49944.0,-0.0812,0.0,0.0,2504261.0,2246979.0,2504261.0,88786.0,257282.0,0.0,-62330316.0,1362873.754,820658.754,5.477003439307556,28.205584213727388,0.0,0.0,-0.01607411154168544,5.477003439307556,-0.014825683729131425,0.0,-10.227792108185994,0.6065360441730875,0.0,0.0,0.0,0.0,27.87619669767756,-0.013302527172686873,-92.85146164327564,0.0,0.2618181818181819,-2.9771910298495987,0.0,-0.5274787972051127,0.0,0.4151715178540079,0.18868077779041245,0.5495505101261409,0.0,-0.45141549538318454,Internet Content & Information,Communication Services,AREN
2014Q3,2014,Q3,2014-11-14,2014-09-30,-56962.0,0.0,-61559.0,-0.11,0.0,0.0,2523411.0,2278360.0,2523411.0,76555.0,245051.0,0.0,-62284251.0,1618482.6349999998,1033426.6349999998,5.651970062687759,32.96206648814578,0.0,0.0,-0.02191611419418606,5.651970062687759,-0.02500131673660001,0.0,-7.103343610652715,0.7103717739953299,0.0,0.0,0.0,0.0,32.49956240611325,-0.022573413526373626,-22.95036421775074,0.0,0.38888888888888884,-9.47713363442497,0.0,-0.5228882303599945,0.0,0.2074741909452653,0.10817662909628256,-0.8727078617734133,0.0,-0.4500524200627377,Internet Content & Information,Communication Services,AREN
2014Q2,2014,Q2,2014-08-05,2014-06-30,-71874.0,0.0,-69026.0,-0.18,0.0,0.0,2577317.0,2326100.0,2577317.0,82721.0,251217.0,0.0,-62227288.0,1413892.018,993908.0179999999,5.827210349241819,31.15674375309776,0.0,0.0,-0.03012003093218842,5.827210349241819,-0.030898929538712868,0.0,-4.917953703703704,0.6078380198615708,0.0,0.0,0.0,0.0,30.969173486780864,-0.027887139998688557,-27.453680860565814,0.0,-0.12499999999999993,-0.8311628178451405,0.0,-0.5121719218613929,0.0,-0.1608120548476186,0.06606773194062969,0.5226787199988503,0.0,-0.4409095088972151,Internet Content & Information,Communication Services,AREN
2014Q1,2014,Q1,2014-05-15,2014-03-31,-61917.0,0.0,-73909.0,-0.16,0.0,0.0,2626675.0,2355977.0,2626675.0,102202.0,270698.0,0.0,-62156478.0,1438932.0,1346648.0,5.943433400605449,25.7008179879063,0.0,0.0,-0.03178148291502691,5.943433400605449,-0.02628081683310151,0.0,-5.809922961383788,0.6107580846502322,0.0,0.0,0.0,0.0,25.47967750141876,-0.023572387143441804,-60.213918065029084,0.0,-0.23076923076923075,0.575759425861386,0.0,-0.5092339003371451,0.0,-0.24116986729743817,-0.2594618543700902,-0.5962327784577103,0.0,-0.4519540415306215,Internet Content & Information,Communication Services,AREN
2013Q4,2013,Q4,2014-03-31,2013-12-31,-49886.0,0.0,-58683.0,-0.13,0.0,0.0,2658312.0,2395579.0,2658312.0,94237.0,262733.0,0.0,-62094561.0,1360444.8,1260728.8,6.043337537840565,28.208792724725956,0.0,0.0,-0.022959195345689666,6.043337537840565,-0.02082419323261725,0.0,-6.8177685122078335,0.5678981156538774,0.0,0.0,0.0,0.0,27.86865031781572,-0.01876604401590182,-42.21051194539249,0.0,-0.08333333333333341,-0.8355601904584923,0.0,-0.5338352495712888,0.0,0.1303453445600823,-0.07036935704514363,-1.8120587672537354,0.0,-0.44601179200721164,Internet Content & Information,Communication Services,AREN
2013Q3,2013,Q3,2013-11-14,2013-09-30,-57363.0,0.0,-54825.0,-0.12,0.0,0.0,2693804.0,2442424.0,2693804.0,82884.0,251380.0,0.0,-62041335.0,1239528.73,1168115.73,6.285721638739265,32.50089281405337,0.0,0.0,-0.01865904004524668,6.285721638739265,-0.02348609414254036,0.0,-5.402126501403344,0.5074994063274845,0.0,0.0,0.0,0.0,32.00474156652671,-0.021294422311348562,-22.04547237932629,0.0,-1.4285714285714286,0.2703345728243973,0.0,-0.5014122931128042,0.0,-3.450467768806869,0.05849118167299205,-0.9958208988264018,0.0,-0.434771309221389,Internet Content & Information,Communication Services,AREN
2013Q2,2013,Q2,2013-08-13,2013-06-30,23409.0,0.0,-58231.0,0.28,0.0,0.0,2724360.0,2466225.0,2724360.0,89639.0,258135.0,0.0,-61983972.0,1321573.9679999999,1212263.9679999999,6.4045482167064,30.392574660583005,0.0,0.0,-0.12451631718380068,6.4045482167064,0.009491834686616185,0.0,14.113951557093426,0.5358691798193596,0.0,0.0,0.0,0.0,30.18085877798726,0.008592476765185217,-51.995670928905845,0.0,2.166666666666667,-0.8655752979435002,0.0,-0.5735265442038543,0.0,1.2596816240501414,0.34741289462182423,1.2969960387407653,0.0,-0.43154122701440206,Internet Content & Information,Communication Services,AREN
2013Q1,2013,Q1,2013-05-15,2013-03-31,-90145.0,0.0,-89231.0,-0.24,0.0,0.0,2771990.0,2456593.0,2771990.0,146901.0,315397.0,0.0,-62007447.0,1517838.85,1251728.85,6.444790450580442,18.869783051170515,0.0,0.0,-0.03664830895381779,6.444790450580442,-0.03669513020675383,0.0,-4.209437156802929,0.6178633782641244,0.0,0.0,0.0,0.0,18.704181727830306,-0.032519958585709184,-50.976955499580185,0.0,-1.0,0.6530207339324481,0.0,-0.47576184043685604,0.0,-0.9176931095368774,-0.8778357674986321,-0.3006934735457028,0.0,-0.43671052549482703,Internet Content & Information,Communication Services,AREN
2012Q4,2012,Q4,2013-04-01,2012-12-31,-47007.0,0.0,-47518.0,-0.12,0.0,0.0,2808512.0,2514870.0,2808512.0,125146.0,293642.0,0.0,-61917302.0,1668784.1500000001,1554793.1500000001,6.597678231783302,22.441883879628595,0.0,0.0,-0.016589870842602293,6.597678231783302,-0.01869162223097019,0.0,-8.875189599421363,0.663566764882479,0.0,0.0,0.0,0.0,22.151574960446197,-0.016737332794020465,-44.94315127521478,0.0,-9.955223880597014,-1.4356796062576447,0.0,-0.4908935769712763,0.0,-0.3479482694348063,0.13499836167036808,-5.040276684908731,0.0,-0.4307940668136528,Internet Content & Information,Communication Services,AREN
2012Q3,2012,Q3,2012-11-14,2012-09-30,-34873.0,0.0,-54934.0,0.0134,0.0,0.0,2850433.0,2531129.0,2850433.0,150808.0,319304.0,0.0,-61870295.0,1662424.852,859627.852,6.766223003985746,18.90107288737998,0.0,0.0,0.003113638126466665,6.766223003985746,-0.013777646259831086,0.0,-11.917707481432627,0.6567918316292848,0.0,0.0,0.0,0.0,18.72141398334306,-0.01223428159862028,-40.05746492855594,0.0,-0.9923863636363636,0.6457339304756008,0.0,-0.4650693547283077,0.0,-1.0486110046292876,0.18437462881577385,-5.911957924771328,0.0,-0.4288284270077359,Internet Content & Information,Communication Services,AREN
2012Q2,2012,Q2,2012-08-15,2012-06-30,717389.0,0.0,-67352.0,1.76,0.0,0.0,2888780.0,2555959.0,2888780.0,164325.0,332821.0,0.0,-61835422.0,1590985.11,1347987.11,6.891996688768508,17.579674425680814,0.0,0.0,-0.026059889988703767,6.891996688768508,0.2806731250383907,0.0,0.5544359859155911,0.6224611232026804,0.0,0.0,0.0,0.0,17.468486231553324,0.24833632190751806,-23.4828284453366,0.0,20.172113289760347,-0.91704440281606,0.0,-0.4620183686293164,0.0,11.684494288310026,0.16750716899040838,20.67291529988996,0.0,-0.4230327553462986,Internet Content & Information,Communication Services,AREN
2012Q1,2012,Q1,2012-05-11,2012-03-31,-67143.0,0.0,-80904.0,-0.0918,0.0,0.0,3931668.0,3615575.0,2931668.0,147597.0,316093.0,0.0,-60749002.0,1857966.22,1246099.22,9.846685748678466,19.862653034953286,0.0,0.0,-0.011239418328028564,9.846685748678466,-0.018570490170996313,0.0,-6.917944610756146,0.5138784895901758,0.0,0.0,0.0,0.0,19.773559083179197,-0.017077484670628345,420.25926713413253,0.0,0.48999999999999994,-1.5476601854118484,-1.0,1.9247179384418467,0.0,-0.014382619993654727,-0.5428211827075269,0.5033512040280677,0.0,-0.18693131835338186,Internet Content & Information,Communication Services,AREN
2011Q4,2011,Q4,2012-03-28,2011-12-31,-66191.0,0.0,-52439.0,-0.18,0.0,0.0,3936625.0,3665952.0,2936625.0,102177.0,270673.0,0.0,-60681860.0,1898356.79,1475372.79,9.983882871670293,28.740567838163187,0.0,0.0,-0.014592924673167869,9.983882871670293,-0.01805561011164358,0.0,-7.169995883126105,0.5178346006712581,0.0,0.0,0.0,0.0,28.526547070280003,-0.016814149176007365,-57.23976451077944,0.0,-3.773497688751926,0.9477041648253834,-1.0,1.9230692006988146,0.0,-1.4214743003475399,0.02419099722733955,-1.629270320390674,0.0,-0.229873519716606,Internet Content & Information,Communication Services,AREN
2011Q3,2011,Q3,2011-11-08,2011-09-30,-27335.0,0.0,-53739.0,0.0649,0.0,0.0,3984239.0,3723102.0,2984239.0,92641.0,261137.0,0.0,-60616978.0,2390949.0,1617642.0,10.277288725104551,32.21294027482432,0.0,0.0,0.012418936885962985,10.277288725104551,-0.0073419960022583315,0.0,-21.867102615694165,0.642192719941597,0.0,0.0,0.0,0.0,31.95082091082782,-0.006860783201007771,-143.85974729241877,0.0,1.1707894736842106,-1.0144393871837765,-1.0,2.3415820910680627,0.0,0.7983891785843358,0.3191820911405876,0.627050071303747,0.0,-0.18479848250243822,Internet Content & Information,Communication Services,AREN
2011Q2,2011,Q2,2011-08-02,2011-06-30,-135583.0,0.0,-78933.0,-0.38,0.0,0.0,4003972.0,3746196.0,3003972.0,89280.0,257776.0,0.0,-60589643.0,2925743.9200000004,2586381.9200000004,10.422660449380682,33.64663978494624,0.0,0.0,-0.021195234896469285,10.422660449380682,-0.03619218001407294,0.0,-5.394746981553735,0.7809906155470777,0.0,0.0,0.0,0.0,33.47766577060932,-0.0338621249099644,-46.96067413566178,0.0,-7.219312602291326,-1.2832600066797188,-1.0,1.8023581144617309,0.0,-2.879119935912108,-0.2228763536647714,-1.8341300171307957,0.0,-0.3059638447498385,Internet Content & Information,Communication Services,AREN
2011Q1,2011,Q1,2011-05-16,2011-03-31,-34952.0,0.0,-64547.0,0.0611,0.0,0.0,4074100.0,3873579.0,4074100.0,32025.0,200521.0,0.0,-60454060.0,2907477.7600000002,1376624.7600000002,10.844771882279161,127.21623731459798,0.0,0.0,0.010409381334605207,10.844771882279161,-0.009023179855115903,0.0,-20.796218814374,0.7505920906737671,0.0,0.0,0.0,0.0,126.7367369242779,-0.008579072678628409,217.8049112293056,0.0,2.3638392857142856,-1.0206200765597602,-1.0,1.7572244260746681,0.0,-1.1865498905223648,-0.1605415512963429,0.8564291322886816,0.0,-0.11785444444727816,Internet Content & Information,Communication Services,AREN
2010Q4,2010,Q4,2011-03-25,2010-12-31,-15985.0,0.0,-55618.0,-0.0448,0.0,0.0,4103065.0,3896443.0,4103065.0,38126.0,206622.0,0.0,-60419109.0,2593155.84,2552794.84,10.908783708116825,107.61855426742905,0.0,0.0,-0.005378210917109527,10.908783708116825,-0.004102459602257752,0.0,-40.55608132624335,0.6655187410671732,0.0,0.0,0.0,0.0,106.38160310549232,-0.0038958680888555265,-49.3126657285209,0.0,-2.1399491094147582,-1.5089431556530193,-1.0,1.5721192288472357,0.0,0.3919047437897059,-0.20727604245805206,-1.158106508918249,0.0,-0.15822935612726255,Internet Content & Information,Communication Services,AREN
2010Q3,2010,Q3,2010-11-09,2010-09-30,-26287.0,0.0,-46069.0,0.0393,0.0,0.0,4160365.0,3952097.0,4160365.0,31597.0,208268.0,0.0,-60376684.0,2658264.8400000003,2593932.8400000003,11.120669812568412,131.66962053359495,0.0,0.0,0.0061927151628243015,11.120669812568412,-0.006651405570258018,0.0,-25.281173583900788,0.6726213551944702,0.0,0.0,0.0,0.0,130.448238756844,-0.006318436002610348,-35.17107262407219,0.0,1.3572727272727272,0.9119067488876594,-1.0,1.5805544062567398,0.0,0.6343441368757824,0.4776165098083683,0.7189053385774458,0.0,-0.12081125981416405,Internet Content & Information,Communication Services,AREN
2010Q2,2010,Q2,2010-08-11,2010-06-30,-71890.0,0.0,-88190.0,-0.11,0.0,0.0,4220392.0,3957036.0,4220392.0,86685.0,263356.0,0.0,-60350396.0,2395327.22,2297988.22,11.266513107131976,48.68653169521832,0.0,0.0,-0.011815861378078774,11.266513107131976,-0.018167638606269944,0.0,-8.329834538878844,0.6053336942095043,0.0,0.0,0.0,0.0,48.326642441022095,-0.017033962721946207,-70.74835986649734,0.0,0.38888888888888884,-1.0275522422770451,-1.0,1.615132012254349,0.0,-0.1294934640522876,-0.029751757315335935,-1.0087778430714314,0.0,-0.12054846005489195,Internet Content & Information,Communication Services,AREN
2010Q1,2010,Q1,2010-05-07,2010-03-31,-63648.0,0.0,-85642.0,-0.18,0.0,0.0,4259693.0,4005158.0,4259693.0,77864.0,254535.0,0.0,-60278506.0,2310396.0,2161299.0,11.441347197623264,54.70683499434912,0.0,0.0,-0.021655112646702366,11.441347197623264,-0.015891507900562225,0.0,-9.074896304675715,0.5768551452901484,0.0,0.0,0.0,0.0,54.26719665057023,-0.014941921870895391,-112.73523958231678,0.0,-7.823529411764705,-1.058555275024634,-1.0,1.4444171197455518,0.0,-7.905554778228628,-0.3260149258353203,-1.544552802013148,-1.0,2.0744751344383605,Internet Content & Information,Communication Services,AREN
2009Q4,2009,Q4,2010-03-31,2009-12-31,-7147.0,0.0,-64586.0,-0.0204,0.0,0.0,4283666.0,4057553.0,4283666.0,49442.0,226113.0,0.0,-60214859.0,2425915.8,2214949.8,11.591021539164714,86.64022490999555,0.0,0.0,-0.0025226111842279503,11.591021539164714,-0.0017614064437359168,0.0,-84.85783545543585,0.5978765526907474,0.0,0.0,0.0,0.0,85.63114356215364,-0.0016684307319945113,-175.77826244475037,0.0,-0.5111111111111112,-1.0085583577965438,-1.0,1.4017724285808135,0.0,-0.5359982806791317,-0.2191328312286464,0.9940770679356017,-1.0,2.0716587048310924,Internet Content & Information,Communication Services,AREN
2009Q3,2009,Q3,2009-11-10,2009-09-30,-4653.0,0.0,-52977.0,-0.0135,0.0,0.0,4310446.0,4086886.0,4310446.0,41173.0,223560.0,0.0,-60169762.0,2208657.99,1545764.9900000002,11.84621806113132,104.69108396279115,0.0,0.0,-0.0016737063368400427,11.84621806113132,-0.0011385196455198409,0.0,-118.66849290780142,0.5404256419190553,0.0,0.0,0.0,0.0,103.0647025963617,-0.001079470662664606,-24.268566735158064,0.0,0.8626653102746694,0.9919148940207683,-1.0,1.388348563052094,0.0,0.8607261516357868,0.3599647223698835,-1.0025809305141817,-1.0,2.5463878093528147,Internet Content & Information,Communication Services,AREN
2009Q2,2009,Q2,2009-08-12,2009-06-30,-33409.0,0.0,-82772.0,-0.0983,0.0,0.0,4349783.0,4058637.0,4349783.0,102869.0,291146.0,0.0,-60133726.0,2018239.7400000002,-792130.2599999998,11.945213099411074,42.284682460216395,0.0,0.0,-0.010424167536785016,11.945213099411074,-0.008231581193390786,0.0,-15.102515340177797,0.4972703249884136,0.0,0.0,0.0,0.0,42.09764846552412,-0.007680613032880031,-48.64986718090877,0.0,0.7343243243243244,0.9561886681023692,-1.0,1.41171593310527,0.0,0.7329373770963564,0.37961325138659874,-1.0738361589935537,-1.0,1.9195673893277931,Internet Content & Information,Communication Services,AREN
2009Q1,2009,Q1,2009-05-14,2009-03-31,-125098.0,0.0,-133420.0,-0.37,0.0,0.0,4417685.0,4114804.0,4417685.0,108782.0,302881.0,0.0,-60068363.0,2541487.08,-955232.9199999999,12.11052149830327,40.61044106561747,0.0,0.0,-0.032633075723235073,12.11052149830327,-0.030401934089691756,0.0,-5.078992230091608,0.6176447480852065,0.0,0.0,0.0,0.0,40.154713095916605,-0.028317546407224597,-38.22244901642303,0.0,-4.393586005830904,0.7096189285667973,-1.0,1.4516962274859866,0.0,-4.370165271517493,-0.05641553505681143,-1.0775843804327934,-1.0,1.8456040192050913,Internet Content & Information,Communication Services,AREN
2008Q4,2008,Q4,2009-03-30,2008-12-31,-23295.0,0.0,-126295.0,-0.0686,0.0,0.0,4501331.0,4404775.0,4501331.0,65196.0,96556.0,0.0,-59943265.0,2092989.36,-1229368.64,12.963952191328866,69.04305478863733,0.0,0.0,,12.963952191328866,-0.005288578871792543,0.0,-22.46178750804894,0.47516373935104517,0.0,0.0,0.0,0.0,68.07946806552549,-0.005175135976447855,-596.1234292224437,0.0,0.657,0.9901240684887885,-1.0,1.5073391324178518,0.0,0.6611291331481024,-0.12573425202114288,-1.7796955231036968,-1.0,1.6799040597896207,Internet Content & Information,Communication Services,AREN
2008Q3,2008,Q3,2008-11-07,2008-09-30,-68743.0,0.0,-112189.0,-0.2,0.0,0.0,4541984.0,4283511.0,4541984.0,52927.0,258473.0,0.0,-59885156.0,2690986.32,-1758364.6800000002,12.60705298568742,85.81601073176262,0.0,0.0,,12.60705298568742,-0.016048283756012298,0.0,-9.786401233580147,0.6282197757867319,0.0,0.0,0.0,0.0,84.06580762181873,-0.015135015887330294,-13.193955166800682,0.0,-1.4545454545454546,0.9491769129112179,-1.0,1.5552745096699145,0.0,-1.5006846421652174,0.18287957581319467,0.7590425076104657,-1.0,1.658151018249018,Internet Content & Information,Communication Services,AREN
2008Q2,2008,Q2,2008-08-19,2008-06-30,137298.0,0.0,-137298.0,0.44,0.0,0.0,4691141.0,4559331.0,4691141.0,89133.0,131810.0,0.0,-59772966.0,2938867.36,-1714439.6400000001,15.01746035928617,52.63079891847015,0.0,0.0,,15.01746035928617,0.030113628512604153,0.0,5.3512566825445385,0.6445830232549469,0.0,0.0,0.0,0.0,52.2063321104417,0.029267506561836448,-21.35277155354055,0.0,2.0,1.290638860802195,-1.0,1.8491806785329095,0.0,1.9679370585000635,0.1418177726940314,-0.9391264649315055,-1.0,1.8199272056861957,Internet Content & Information,Communication Services,AREN
2008Q1,2008,Q1,2008-05-20,2008-03-31,-141846.0,0.0,-159987.0,-0.44,0.0,0.0,3089043.0,2558489.0,3025997.0,166120.0,530554.0,0.0,-59910265.0,1373559.0,-1620355.0,12.29363092520962,18.215729593065255,0.0,0.0,,12.29363092520962,-0.05544131712116018,0.0,-2.420863119157396,0.5368633595845047,0.0,0.0,0.0,0.0,18.022598121839636,-0.045919075907975386,0.0,0.0,-2.76,-1.7650604313216245,-1.0,1.7739921992279242,0.0,-3.407924220818904,-0.9067408766953495,-1.2195014847123102,-1.0,1.477522441424682,Internet Content & Information,Communication Services,AREN
2007Q4,2007,Q4,2008-04-07,2007-12-31,58908.0,0.0,-83906.0,0.25,0.0,0.0,3175532.0,2697031.0,3150532.0,89181.0,478501.0,0.0,-59768419.0,1373559.0,-1725640.0,12.959330178026573,35.32739036341822,0.0,0.0,,12.959330178026573,0.021841795663453626,0.0,5.829254939906294,0.5092855810704437,0.0,0.0,0.0,0.0,34.75178569426223,0.018550592467655815,6.544839876303789,0.0,2.0869565217391304,-0.8745917328751668,-1.0,1.777848834397792,0.0,2.0756701482725877,0.27287380626375723,-0.881346640244163,-1.0,1.4492012667575094,Internet Content & Information,Communication Services,AREN
2007Q3,2007,Q3,2007-11-16,2007-09-30,-54764.0,0.0,-115394.0,-0.23,0.0,0.0,3370412.0,2632402.0,3370412.0,569514.0,738010.0,0.0,-59827327.0,778350.1000000001,-2512472.9,12.64878552723254,5.918049424597113,0.0,0.0,,12.64878552723254,-0.02080381339932123,0.0,-3.5532014644657073,0.29568056094775796,0.0,0.0,0.0,0.0,5.7783004456431275,-0.016248458645411898,-1.1600526707215473,0.0,-1.0098627787307033,0.9312473098619226,-1.0,1.673654786634479,0.0,-1.0112847406461052,0.0,0.8422544038135209,-1.0,1.414658725553273,Internet Content & Information,Communication Services,AREN
2007Q2,2007,Q2,2007-08-14,2007-06-30,4852925.0,0.0,0.0,23.32,0.0,0.0,4421677.0,2666128.0,4421677.0,1587053.0,1755549.0,0.0,-59772563.0,160248.55000000002,-4261428.45,12.810840160488192,2.7860928399996725,0.0,0.0,,12.810840160488192,1.820214558340785,0.0,0.008255255850852837,0.0601053475302011,0.0,0.0,0.0,0.0,2.7860928399996725,1.0975304166269948,-0.11020690200609326,0.0,79.41379310344828,6.19367437749222,-1.0,1.8105714538156372,-1.0,68.84032754799527,-1.0,11.389854944764586,-1.0,1.4415515208178165,Internet Content & Information,Communication Services,AREN
2007Q1,2007,Q1,2007-05-14,2007-03-31,69486.0,963228.0,131350.0,0.29,760140.0,0.789158953,2302836.0,-2216031.0,2285001.0,4350371.0,4518867.0,437541.0,-64625489.0,160245.47,2318941.4699999997,-10.64831267929134,0.5252427896379412,1.6067145033341497,-1.6696517332113134,0.08750517391331612,-10.64831267929134,-0.031356059549708465,0.16636296909973547,0.5765386912471577,-0.07231192614182744,0.0,0.4641576446550152,0.0,0.41827902638312064,0.35848873578828105,0.03017409837261533,-0.20388398196355048,0.7891589530204687,1.0966666666666667,1.0443950549710386,-0.11307811468742314,-0.18247585422538504,11.286479830033695,1.096862959390212,1.189975209934539,1.263333748448203,0.20585093285027378,0.6028409951626801,Internet Content & Information,Communication Services,AREN
2016Q4,2016,Q4,2017-05-10,2016-12-31,,,,,,,1287685.0,772862.0,719881.0,346327.0,514823.0,0.0,-2187758.0,0.0,-598294.0,0.0,2.0786164520814143,0.0,0.0,,0.0,,0.0,0.0,0.0,0.0,0.0,,,1.727540734623636,,0.0,0.0,0.0,1.0,0.0,-1.0,0.0,0.0,0.0,1.0,0.0,-1.0,Internet Content & Information,Communication Services,AREN
