Quarters,Year,Quarter,FillingDate,Date,NetIncome,Revenue,OperatingIncome,EPSDiluted,GrossProfit,GrossProfitRatio,TotalAssets,CommonStockEquity,CurrentAssets,CurrentLiability,TotalLiability,Inventory,RetainedEarnings,MarketCap,EnterpriseValue,bookValuePerShare,currentRatio,debtToAssets,debtToEquity,roic,shareholdersEquityPerShare,roe,priceToSalesRatio,peRatio,pbRatio,payoutRatio,inventoryTurnover,dividendYield,assetTurnover,quickRatio,returnOnAssets,priceToFreeCashFlowsRatio,grossProfitMargin,epsdilutedGrowth,fiveYNetIncomeGrowthPerShare,fiveYRevenueGrowthPerShare,fiveYShareholdersEquityGrowthPerShare,grossProfitGrowth,netIncomeGrowth,operatingIncomeGrowth,threeYNetIncomeGrowthPerShare,threeYRevenueGrowthPerShare,threeYShareholdersEquityGrowthPerShare,Industry,Sector,Symbol
2023Q1,2023,Q1,2023-05-09,2023-03-31,-516000.0,153008000.0,-21187000.0,-0.0089,73297000.0,0.4790403116,1184392000.0,439101000.0,375115000.0,176901000.0,745291000.0,38286000.0,-560826000.0,1425128700.0,1853011700.0,7.58574760300596,2.1204798163944805,0.4636463265540463,1.2505983816935056,-0.020939311561819277,7.58574760300596,-0.0011751282734496164,9.3140796559657,-690.4693313953488,3.245560133090109,0.0,2.0819881941179545,0.0,0.1291869583718904,1.8165923313039496,-0.00043566656985187334,-447.1693442108566,0.47904031161769317,0.9841071428571428,0.937845084191288,1.0337976786880332,1.065745222425891,0.10717198876166883,0.9840794791891642,0.34187556301059235,0.987303212243547,0.39006975162939894,0.021094467600323002,Software—Application,Technology,QTWO
2022Q4,2022,Q4,2023-02-21,2022-12-31,-32411000.0,146542000.0,-32193000.0,-0.56,66202000.0,0.4517612698,1349726000.0,419024000.0,531076000.0,192042000.0,930702000.0,31247000.0,-560310000.0,1547228340.0,2078719340.0,7.276996283560835,2.7654158986055135,0.5416588255690414,1.7447473175760815,-0.027166693585683802,7.276996283560835,-0.07734879147733781,10.558258656221424,-11.934438462250471,3.6924575680629275,0.0,2.5711268281755046,0.0,0.10857166565658512,2.546302371356266,-0.024013021902223118,39.32464963781929,0.45176126980660836,-0.16666666666666682,-3.2591720973350773,1.056349245950677,1.8512977972493576,-0.00978221849946153,-0.1662408693461912,-0.20397172669134972,-0.7376439641781861,0.41732284463223024,-0.07241370525483475,Software—Application,Technology,QTWO
2022Q3,2022,Q3,2022-11-07,2022-09-30,-27791000.0,144751000.0,-26739000.0,-0.48,66856000.0,0.4618690026,1333398000.0,430345000.0,499294000.0,166228000.0,903053000.0,0.0,-527899000.0,1847056400.0000002,2387233400.0,7.502266308706112,3.0036696585412805,0.5495365974750225,1.7027059684671602,-0.02215125080217707,7.502266308706112,-0.06457841964005623,12.760232399085327,-16.615598575078263,4.292036389408499,0.0,0.0,0.0,0.10855798493773051,2.7166662656110883,-0.020842239151401157,-478.0166666666667,0.4618690026321062,-0.09090909090909087,-2.4678096847259043,1.083887839679883,2.0251156352203514,0.06309629818089302,-0.1018555229561494,-0.14971836436341746,-0.24668202226624705,0.5128378859765579,-0.0611974912002759,Software—Application,Technology,QTWO
2022Q2,2022,Q2,2022-08-04,2022-06-30,-25222000.0,140309000.0,-23257000.0,-0.44,62888000.0,0.4482107349,1343696000.0,440939000.0,496207000.0,160291000.0,902757000.0,0.0,-500108000.0,2207515380.0,2729704380.0,7.704144389698431,3.0956635119875724,0.5457454662364106,1.663078112845541,-0.019008390528306773,7.704144389698431,-0.05720065587303459,15.73324148842911,-21.88085183569899,5.006396304250702,0.0,0.0,0.0,0.10442019623486265,2.7988533354960667,-0.018770614781914958,-136.27479350577195,0.4482107348780192,-0.07317073170731714,-1.3137923856864488,1.1137698196573316,2.1526900178239146,0.041209291544561995,-0.07058873466615731,-0.08697887455599178,-0.14367318879142957,0.4200789266015742,-0.10196648967802996,Software—Application,Technology,QTWO
2022Q1,2022,Q1,2022-05-03,2022-03-31,-23559000.0,134071000.0,-21396000.0,-0.41,60399000.0,0.4505001082,1364104000.0,446187000.0,511590000.0,171847000.0,917917000.0,0.0,-474886000.0,3514974750.0,4024316750.0,7.825782688766115,2.9770086181312445,0.5387316509591644,1.6470358840575812,-0.018178970722772168,7.825782688766115,-0.052800731531846515,26.217263614055238,-37.29970234305361,7.8778062785334395,0.0,0.0,0.0,0.09828502812102304,2.6377126164553353,-0.01727067730906148,-275.0801964313664,0.450500108151651,0.08888888888888896,-1.3847446694649732,1.145363253265664,2.167578707357713,0.015382287673996369,0.0717859816398093,-0.2875195571067517,0.063367395079347,0.4437329466177992,1.2478590593751626,Software—Application,Technology,QTWO
2021Q4,2021,Q4,2022-02-16,2021-12-31,-25381000.0,131891000.0,-16618000.0,-0.45,59484000.0,0.4510087876,1385045000.0,570296000.0,522450000.0,168358000.0,814749000.0,0.0,-493933000.0,4515846240.0,4814971240.0,10.032297787003483,3.103208638734126,0.4490633878321643,1.0906143476370165,-0.013553220353579445,10.032297787003483,-0.04450495882839788,34.23922966692193,-44.4805783854064,7.918425238823348,0.0,0.0,0.0,0.09522506488958843,2.8305753216360374,-0.018325036370659437,134.1645990671143,0.4510087875594241,0.19642857142857148,-1.392476193875098,1.2157377261744649,3.0293335093449016,0.04339589545693738,0.19637146566190672,0.2765975970746996,-0.6345345967691179,0.49994202962676826,1.7419298967386674,Software—Application,Technology,QTWO
2021Q3,2021,Q3,2021-11-04,2021-09-30,-31583000.0,126736000.0,-22972000.0,-0.56,57010000.0,0.4498327231410175,1379647000.0,581729000.0,504081000.0,163938000.0,797918000.0,0.0,-468552000.0,4531507080.0,4853797080.0,10.28534804363585,3.074827068769901,0.4472600600008553,1.0607361847183139,-0.018419444874840565,10.28534804363585,-0.054291603134793004,35.75548447165762,-35.86982775543805,7.789721812046503,0.0,0.0,0.0,0.0918611789827398,2.740902048335346,-0.02289208761371568,-256.36496266123555,0.4498327231410175,-0.05660377358490571,-1.3482468430651209,1.332324866881203,3.00082759175556,0.03017708709794001,-0.04832874166030471,-0.15188286616858046,-1.7099713973990474,0.5912793763726641,1.7639273227536647,Software—Application,Technology,QTWO
2021Q2,2021,Q2,2021-08-05,2021-06-30,-30127000.0,123573000.0,-19943000.0,-0.53,55340000.0,0.44783245530981686,1383599000.0,597495000.0,495359000.0,153035000.0,786104000.0,0.0,-436969000.0,5781408800.0,6075476800.0,10.601401703335698,3.2369000555428498,0.44233697769368147,1.0243048058979574,-0.015628699432713382,10.601401703335698,-0.050422179265098455,46.78537220913954,-47.975311182660064,9.676078963003874,0.0,0.0,0.0,0.08931272717022778,2.948456235501683,-0.02177437248798243,3334.145790080738,0.44783245530981686,-0.15217391304347827,-1.1713306732603375,1.4013785257133968,2.912510643506752,0.04020601116520366,-0.17431299941531866,-0.13875406840632673,-1.639889050115245,0.5948075851495185,1.8531623537365445,Software—Application,Technology,QTWO
2021Q1,2021,Q1,2021-05-06,2021-03-31,-25655000.0,116520000.0,-17513000.0,-0.46,53201000.0,0.4565825609337453,1420500000.0,632974000.0,616944000.0,153403000.0,787526000.0,0.0,-406842000.0,5590959600.0,5826442600.0,11.344026667622495,4.021720566090624,0.42673917634635694,0.9576744068476746,-0.013745474208173385,11.344026667622495,-0.04053089068429351,47.98283213182286,-54.48216332099006,8.832842423227495,0.0,0.0,0.0,0.08202745512143611,3.687124762879474,-0.018060542062653995,-450.48421561518006,0.4565825609337453,0.33333333333333326,-0.858950631033406,1.4139265575872002,2.960645749179582,0.19525949224893283,0.32167314454932444,0.14470599726509084,-2.205864814283799,0.6067247733053223,2.089197020268255,Software—Application,Technology,QTWO
2020Q4,2020,Q4,2021-02-19,2020-12-31,-37821000.0,108986000.0,-20476000.0,-0.69,44510000.0,0.4084010790376746,1416702000.0,643364000.0,616216000.0,145826000.0,773338000.0,0.0,-381187000.0,6912586960.0,7105934960.0,11.776321569775956,4.225693634879925,0.4242607125563457,0.9342316324817677,-0.016238882634297454,11.776321569775956,-0.05878631692168042,63.42637549777036,-45.69278284550911,10.744441653558484,0.0,0.0,0.0,0.07692937540851923,3.9538422503531607,-0.026696510628205508,595.2455833979161,0.4084010790376746,-0.3799999999999999,-2.18698481030842,1.5429740846881974,2.869274388319931,-0.04151772255480426,-0.4154565868263473,-0.0316924472212425,-4.238481455767777,0.6119260750828536,3.6142389583812915,Software—Application,Technology,QTWO
2020Q3,2020,Q3,2020-11-05,2020-09-30,-26720000.0,103804000.0,-19847000.0,-0.5,46438000.0,0.4473623367114947,1293511000.0,637258000.0,480593000.0,145055000.0,656253000.0,0.0,-343366000.0,4889163240.0,5005734240.0,11.894911710904543,3.3131777601599395,0.37245295942593454,0.7560077707929912,-0.0171951277448556,11.894911710904543,-0.04192964231127738,47.09995029093291,-45.744416541916166,7.672188093362501,0.0,0.0,0.0,0.080249800736136,3.0288166557512666,-0.020656956144941944,1519.7896300901461,0.4473623367114947,0.34210526315789475,-1.6613711215369835,1.5890207113254602,2.609321570037885,0.046419396998512774,0.3143619614585204,0.3856749311294766,-2.5699139387233547,0.600062947849815,3.796348451995825,Software—Application,Technology,QTWO
2020Q2,2020,Q2,2020-08-06,2020-06-30,-38971000.0,97581000.0,-32307000.0,-0.76,44378000.0,0.4547811561676966,1281579000.0,647492000.0,464539000.0,119844000.0,634087000.0,0.0,-316646000.0,4395965390.0,4498107390.0,12.63620928553307,3.8761973899402555,0.3732887321031321,0.7388492830799454,-0.027696592030037284,12.63620928553307,-0.06018761621765211,45.049398858384315,-28.200234725821765,6.789219619701865,0.0,0.0,0.0,0.07614122890590436,3.534411401488602,-0.03040858191340526,-202.96252781753543,0.4547811561676966,-0.0857142857142858,-4.683771316988226,1.697569080810717,3.4264658009424314,0.12998752323479235,-0.14257652163715256,-0.18762636473918318,-2.9932170673855727,0.6420029396366437,4.17098964693643,Software—Application,Technology,QTWO
2020Q1,2020,Q1,2020-05-07,2020-03-31,-34108000.0,92380000.0,-27203000.0,-0.7,39273000.0,0.42512448581944146,1002498000.0,360910000.0,178814000.0,140528000.0,641588000.0,0.0,-277675000.0,2869193860.0,3259064860.0,7.429036042897429,1.2724439257656837,0.4717705172479147,1.3104347344213239,-0.031440249204619915,7.429036042897429,-0.09450555540162367,31.058604243342714,-21.030211827137332,7.949887395749633,0.0,0.0,0.0,0.0921498097751816,0.9991247295912559,-0.03402301051972174,-138.4211626785025,0.42512448581944146,-1.1874999999999998,-4.385877529364084,1.8049226943506405,1.4236547367913726,-0.06577382368333412,-1.1771990297459467,-0.24453289413487053,-3.0519489708846144,0.7348687543937185,2.0069907792680066,Software—Application,Technology,QTWO
2019Q4,2019,Q4,2020-02-21,2019-12-31,-15666000.0,86840000.0,-21858000.0,-0.32,42038000.0,0.4840856748042377,1009434000.0,379412000.0,186335000.0,132966000.0,630022000.0,0.0,-243299000.0,3921272040.0,4291181040.0,7.845088187250584,1.4013732833957553,0.4656104311921334,1.2387668286717342,-0.013745493151793908,7.845088187250584,-0.04129020695180964,45.155136342699215,-62.5761528150134,10.335129199919875,0.0,0.0,0.0,0.08602840799893802,1.1712242227336311,-0.015519588204875208,11268.023103448277,0.4840856748042377,0.1794871794871795,-1.341313120993078,1.7892897405427919,2.419182405401018,0.07089542733409757,0.15633582853142333,-0.63192474242198,-0.7357361005578462,0.7147850319373253,2.1508710554430492,Software—Application,Technology,QTWO
2019Q3,2019,Q3,2019-11-07,2019-09-30,-18569000.0,79702000.0,-13394000.0,-0.39,39255000.0,0.49252214499008806,977684000.0,381841000.0,688833000.0,116178000.0,595843000.0,0.0,-227633000.0,3768566340.0,3622432340.0,7.991314721024653,5.929117388834375,0.4288972715110404,1.0981691332256096,-0.01593862392742657,7.991314721024653,-0.048630189005371346,47.28320920428597,-50.73733561311864,9.869464881979674,0.0,0.0,0.0,0.08152122771774929,5.69838523644752,-0.018992844313704633,239.6544572337043,0.49252214499008806,0.0,-1.8712442840060772,1.7156314923767433,2.3601734447209006,0.04418258232696707,-0.07143269286250072,0.06668524841474462,-0.6342416751931637,0.7361836598189322,2.1084871697716343,Software—Application,Technology,QTWO
2019Q2,2019,Q2,2019-08-08,2019-06-30,-17331000.0,77646000.0,-14351000.0,-0.39,37594000.0,0.4841717538572496,951782000.0,385862000.0,669871000.0,99681000.0,565920000.0,0.0,-209064000.0,3453860620.0000005,3319671620.0000005,8.578905242563032,6.720147269790632,0.43485798218499616,1.0726373677636045,-0.016995472727024643,8.578905242563032,-0.04491502143253288,44.482144862581464,-49.82200421210548,8.951025547993842,0.0,0.0,0.0,0.08157960541384476,6.471253298020686,-0.018209001641132108,-257.7507925373135,0.4841717538572496,0.1136363636363636,-1.8031475791040157,2.0698377131920584,2.4479578104599464,0.10207551594746717,0.10253223551343793,0.16286530945575453,-0.5651809254253733,0.8907188948101455,2.166096239953118,Software—Application,Technology,QTWO
2019Q1,2019,Q1,2019-05-08,2019-03-31,-19311000.0,71296000.0,-17143000.0,-0.44,34112000.0,0.4784560143626571,490407000.0,152393000.0,209175000.0,100425000.0,338014000.0,0.0,-191733000.0,3051415829.9999995,3180110829.9999995,3.481438329563886,2.0828976848394323,0.3777800887833983,1.2157120077693857,-0.04596561593615886,3.481438329563886,-0.12671841882501164,42.799257041068216,-39.50359678421625,20.02333328958679,0.0,0.0,0.0,0.14538128534054368,1.8393427931292008,-0.03937749665074112,-185.71090195362422,0.4784560143626571,-0.6296296296296295,-0.1181238623043807,0.36491685298532206,-0.3414857602451329,0.07466448238926343,-0.6278344432268398,-0.35048054198834094,-0.7836634843197795,0.8827864408904904,0.21550700866854927,Software—Application,Technology,QTWO
2018Q4,2018,Q4,2019-02-19,2018-12-31,-11863000.0,67177000.0,-12694000.0,-0.27,31742000.0,0.4725129136460396,463720000.0,158900000.0,218312000.0,73681000.0,304820000.0,0.0,-172422000.0,2151906950.0,2295267950.0,3.658845471919685,2.9629348135883062,0.39403735012507546,1.149924480805538,-0.029310752133985034,3.658845471919685,-0.07465701699181876,32.03338865980916,-45.34913070049734,13.542523285084958,0.0,0.0,0.0,0.14486543603898905,2.681641128649177,-0.025582247908220477,293.0156522331155,0.4725129136460396,-0.28571428571428586,0.49373842209630653,0.18906692659386576,6.683192766609589,0.04411039110555574,-0.3390901907664522,-0.7463199889943596,-0.2575022961823348,0.9717829021012192,0.20216461408912834,Software—Application,Technology,QTWO
2018Q3,2018,Q3,2018-11-07,2018-09-30,-8859000.0,60541000.0,-7269000.0,-0.21,30401000.0,0.5021555639979518,435101000.0,159989000.0,342788000.0,60955000.0,275112000.0,0.0,-160559000.0,2469517920.0,2524096920.0,3.7212802084060197,5.6236239849068985,0.41397744431752626,1.1258399014932277,-0.020701770763853666,3.7212802084060197,-0.05537255686328435,40.7908346409871,-69.68952251947172,15.435548193938333,0.0,0.0,0.0,0.13914240601607442,5.276400623410713,-0.02036078979363412,150.96698373884337,0.5021555639979518,-0.049999999999999906,0.5207657549087447,0.18403356299448714,2.542104868583586,0.038604762392812,-0.0268923148255477,-0.08898876404494382,-0.09953741110463192,0.881600191172032,0.12916322968937324,Software—Application,Technology,QTWO
2018Q2,2018,Q2,2018-08-08,2018-06-30,-8627000.0,58574000.0,-6675000.0,-0.2,29271000.0,0.4997268412606276,418763000.0,158306000.0,327378000.0,54586000.0,260457000.0,0.0,-151700000.0,2430615250.0,2533413250.0,3.7156671752141768,5.997471879236434,0.4240154932503588,1.1216378406377523,-0.019527557441822857,3.7156671752141768,-0.05449572347226258,41.49648734933588,-70.43628289092385,15.353904779351382,0.0,0.0,0.0,0.13987386660235027,5.622394020444803,-0.020601151486640414,-121.90256532423894,0.4997268412606276,-0.4285714285714285,0.3501053555483902,0.1650295677430844,0.0,0.05174086450361108,-0.4264219576719577,-0.2806983883346124,-0.5132541413847508,0.9474630243370374,0.301598707897317,Software—Application,Technology,QTWO
2018Q1,2018,Q1,2018-05-03,2018-03-31,-6048000.0,54808000.0,-5212000.0,-0.14,27831000.0,0.5077908334549701,421854000.0,154855000.0,330494000.0,61795000.0,266999000.0,0.0,-143073000.0,1920843499.9999998,1879306499.9999998,3.6721603035333175,5.348232057609839,0.4152384474249385,1.1311872396758258,-0.015319087330690543,3.6721603035333175,-0.03905589099480159,35.046772368997225,-79.39994626322752,12.40414258499887,0.0,0.0,0.0,0.1299217264740882,5.038401165142811,-0.01433671364974612,-153.67977438195052,0.5077908334549701,-0.07692307692307698,0.30595106969599134,0.2197901523509054,0.0,0.10743702996299391,-0.0954537221517841,0.1763590391908976,-0.10020813290201391,0.9171219605240478,0.19800855218958185,Software—Application,Technology,QTWO
2017Q4,2017,Q4,2018-02-16,2017-12-31,-5521000.0,51703000.0,-6328000.0,-0.13,25131000.0,0.48606463841556585,212815000.0,106622000.0,131087000.0,68073000.0,106193000.0,0.0,-152114000.0,1539482450.0,1481521450.0,2.5521698542260096,1.9256827229591762,0.0,0.0,-0.0529269160131456,2.5521698542260096,-0.05178105831817073,29.775495619209718,-69.71030836804927,14.438694171934497,0.0,0.0,0.0,0.24294810046284332,1.6577644587428202,-0.02594272020299321,214.025086890032,0.48606463841556585,0.07142857142857148,0.4302807425779057,0.24743346897749496,2.619560923773894,0.03406986791754105,0.045140089934278795,-0.06747638326585695,0.04479825656954513,0.9224964228982085,0.11233093279257485,Software—Application,Technology,QTWO
2017Q3,2017,Q3,2017-11-02,2017-09-30,-5782000.0,50116000.0,-5928000.0,-0.14,24303000.0,0.4849349509138798,205467000.0,102637000.0,125639000.0,64254000.0,102830000.0,0.0,-146593000.0,1723726900.0,1683586900.0,2.4799932344271007,1.9553490833255518,0.0,0.0,-0.05778693209098397,2.4799932344271007,-0.056334460282354316,34.39474219810041,-74.52987288135593,16.79440065473465,0.0,0.0,0.0,0.24391264777312172,1.6283032962928379,-0.02814077199744971,225.58917680931816,0.4849349509138798,0.26315789473684204,0.0,0.0,0.0,0.043181525518307076,0.2607083493159443,0.23142746013224427,-0.03221599679223028,0.9714641679802194,0.0427830338711711,Software—Application,Technology,QTWO
2017Q2,2017,Q2,2017-08-03,2017-06-30,-7821000.0,47625000.0,-7713000.0,-0.19,23297000.0,0.4891758530183727,193400000.0,100347000.0,112239000.0,51957000.0,93053000.0,0.0,-140811000.0,1517314800.0,1482843800.0,2.4436732904734075,2.1602286506149317,0.0,0.0,-0.07905677897380466,2.4436732904734075,-0.07793954976232473,31.85962834645669,-48.501304181051026,15.120679243026698,0.0,0.0,0.0,0.24625129265770423,1.8027984679638933,-0.04043950361944157,-727.3800575263663,0.4891758530183727,-0.11764705882352934,0.3887135567685962,-0.01719723005479473,0.0,0.07053579634224795,-0.1109375,-0.1117036609974056,-0.3855541881281424,1.0623872117246542,-0.017860418098884567,Software—Application,Technology,QTWO
2017Q1,2017,Q1,2017-05-04,2017-03-31,-7040000.0,44534000.0,-6938000.0,-0.17,21762000.0,0.48866034939596714,191586000.0,100380000.0,109643000.0,51617000.0,91206000.0,0.0,-132990000.0,1415955500.0,1373199500.0,2.4705882352941178,2.1241645194412695,0.0,0.0,-0.07047887783087073,2.4705882352941178,-0.07013349272763499,31.794931962096374,-50.28251065340909,14.105952380952381,0.0,0.0,0.0,0.23244913511425677,1.7555069066392854,-0.03674590001357093,-85.49939617172876,0.48866034939596714,0.1052631578947368,0.16149096882794264,0.02870216023759497,0.0,0.03584178209338855,0.0629575402635432,0.05502587850721874,0.5608455365542119,-0.08147236741880895,-0.532688107758087,Software—Application,Technology,QTWO
2016Q4,2016,Q4,2017-02-21,2016-12-31,-7513000.0,42155000.0,-7342000.0,-0.19,21009000.0,0.4983750444787095,200980000.0,100235000.0,125669000.0,59211000.0,100745000.0,0.0,-125783000.0,1161443300.0,1106570300.0,2.4898156888071936,2.1223927986353885,0.0,0.0,-0.07420593697583064,2.4898156888071936,-0.07495385843268319,27.55173289052307,-38.64778716890723,11.58720307277897,0.0,0.0,0.0,0.20974723853119714,1.8469878907635406,-0.0373818290377152,366.7329649510578,0.4983750444787095,0.2083333333333333,0.19547119895571202,0.05544546254067121,2.5799920958686395,0.12311557788944724,0.20757304081847908,0.21223175965665236,0.6541231773937929,-0.1950620156129286,4.228352505523474,Software—Application,Technology,QTWO
2016Q3,2016,Q3,2016-11-03,2016-09-30,-9481000.0,38305000.0,-9320000.0,-0.24,18706000.0,0.4883435582822086,205284000.0,102498000.0,127413000.0,60478000.0,102786000.0,0.0,-118270000.0,1142674200.0,1091051200.0,2.570805116629044,2.1067660967624593,0.0,0.0,-0.09186850912625463,2.570805116629044,-0.09249936584128471,29.83094113040073,-30.130634954118765,11.14825850260493,0.0,0.0,0.0,0.18659515597903392,1.7953139984787856,-0.04618479764618772,-244.42228877005348,0.4883435582822086,0.040000000000000036,0.0,0.0,0.0,0.0916836883571637,0.02338277709105892,0.031185031185031187,0.4469443871768419,-0.19216734491810433,2.065346027310151,Software—Application,Technology,QTWO
2016Q2,2016,Q2,2016-08-04,2016-06-30,-9708000.0,36005000.0,-9620000.0,-0.25,17135000.0,0.4759061241494237,200245000.0,106851000.0,124085000.0,52418000.0,93394000.0,0.0,-108789000.0,1104940680.0,1052414680.0,2.7096160673530454,2.3672211835628985,0.0,0.0,-0.09005974417538516,2.7096160673530454,-0.090855490355729,30.688534370226357,-28.454385043263287,10.34094842350563,0.0,0.0,0.0,0.17980473919448675,2.026326834293563,-0.04848061125121726,-131.21252582828643,0.4759061241494237,0.0,0.2098625157630964,-0.22627858471076925,0.0,0.07463154593916588,-0.005801906340654786,-0.01949978804578211,0.2098625157630964,-0.22627858471076925,0.0,Software—Application,Technology,QTWO
2016Q1,2016,Q1,2016-05-10,2016-03-31,-9652000.0,33759000.0,-9436000.0,-0.25,15945000.0,0.4723184928463521,203591000.0,111772000.0,128439000.0,48658000.0,91819000.0,0.0,-99081000.0,938136960.0,882951960.0,2.8641861418614187,2.639627604915944,0.0,0.0,-0.08642545780218548,2.8641861418614187,-0.08635436424149161,27.789240202612635,-24.299030252797348,8.393309236660343,0.0,0.0,0.0,0.165817742434587,2.3374162522092976,-0.04740877543702816,-232.1546547884187,0.4723184928463521,-0.13636363636363635,-0.1969263776607232,-0.1880999652387829,0.0,0.15334538878842677,-0.14631828978622327,-0.13372582001682085,-0.1969263776607232,-0.1880999652387829,0.0,Software—Application,Technology,QTWO
2015Q4,2015,Q4,2016-02-12,2015-12-31,-8420000.0,30408000.0,-8323000.0,-0.22,13825000.0,0.4546500920810313,204468000.0,117974000.0,133218000.0,45693000.0,86494000.0,0.0,-89429000.0,1022153940.0,955265940.0,3.043547804550849,2.915501280283632,0.0,0.0,-0.07127438946967453,3.043547804550849,-0.07137165816196789,33.61463891081294,-30.34898871733967,8.664230593181548,0.0,0.0,0.0,0.14871764774928106,2.618103429409319,-0.041180037952148994,888.8295130434783,0.4546500920810313,-0.15789473684210525,0.06354628508235403,-0.2092839059260687,2.9313805018605437,0.07311961499650703,-0.20011402508551882,-0.19755395683453236,0.06354628508235403,-0.2092839059260687,2.9313805018605437,Software—Application,Technology,QTWO
2015Q3,2015,Q3,2015-11-06,2015-09-30,-7016000.0,28018000.0,-6950000.0,-0.19,12883000.0,0.4598115497180384,198715000.0,123381000.0,141057000.0,39275000.0,75334000.0,0.0,-81009000.0,925467360.0,850551360.0,3.295608739783108,3.591521323997454,0.0,0.0,-0.05685449024302432,3.295608739783108,-0.05686450912215009,33.03117138982083,-32.97702964652223,7.500890412624309,0.0,0.0,0.0,0.14099589864881865,3.2813494589433483,-0.035306846488689834,-769.9395673876871,0.4598115497180384,-0.4615384615384615,0.0,0.0,0.0,0.060678412646138644,-0.4082697711762344,-0.39502207948615015,0.0,0.0,0.0,Software—Application,Technology,QTWO
2015Q2,2015,Q2,2015-08-07,2015-06-30,-4982000.0,26284000.0,-4982000.0,-0.13,12146000.0,0.4621062243189773,169694000.0,106286000.0,135676000.0,32534000.0,63408000.0,0.0,-73993000.0,1051804000.0,982780000.0,2.854694886119467,4.170283395832053,0.0,0.0,-0.04683468197656459,2.854694886119467,-0.04687352990986583,40.01689240602648,-52.78020875150542,9.895978774250608,0.0,0.0,0.0,0.1548905677277924,3.8576873424724902,-0.029358728063455398,964.9577981651377,0.4621062243189773,0.0,0.5705317258494972,-0.40177063534251795,0.0,0.11584749655489206,-0.07255113024757805,-0.08658669574700109,0.5705317258494972,-0.40177063534251795,0.0,Software—Application,Technology,QTWO
2015Q1,2015,Q1,2015-05-08,2015-03-31,-4645000.0,24157000.0,-4585000.0,-0.13,10885000.0,0.45059403071573456,171043000.0,109223000.0,137155000.0,35477000.0,61820000.0,0.0,-69011000.0,753281620.0,659554620.0,3.065220441725367,3.8660258759196098,0.0,0.0,-0.04209878874320751,3.065220441725367,-0.04252767274292045,31.18274702984642,-40.542606027987084,6.896730725213554,0.0,0.0,0.0,0.14123349099349286,3.577529103362742,-0.027156913758528557,-244.57195454545456,0.45059403071573456,0.07142857142857148,0.36916578822834273,-0.3637388870046253,0.0,0.17307899558142043,0.02415966386554622,0.01524914089347079,0.36916578822834273,-0.3637388870046253,0.0,Software—Application,Technology,QTWO
2014Q4,2014,Q4,2015-02-12,2014-12-31,-4760000.0,22148000.0,-4656000.0,-0.14,9279000.0,0.4189543073866715,136806000.0,78940000.0,104522000.0,32887000.0,57866000.0,0.0,-64366000.0,648190200.0,580786200.0,2.2944339485539893,3.1782163164776356,0.0,0.0,-0.05880205709136958,2.2944339485539893,-0.060298961236382065,29.26630847029077,-34.04360294117647,8.211175576387129,0.0,0.0,0.0,0.16189348420390917,2.856508650834676,-0.03479379559376051,-288.21262783459315,0.4189543073866715,0.0,0.40356133001177497,-0.35113873080868485,2.4560063700717985,0.04894867736830206,-0.02918918918918919,-0.028950276243093924,0.40356133001177497,-0.35113873080868485,2.4560063700717985,Software—Application,Technology,QTWO
2014Q3,2014,Q3,2014-11-10,2014-09-30,-4625000.0,20989000.0,-4525000.0,-0.14,8846000.0,0.4214588594025442,133297000.0,81267000.0,106384000.0,28214000.0,52030000.0,0.0,-59606000.0,478394000.0,424128000.0,2.37824471042697,3.770610335294535,0.0003450940381253892,0.0005660354141287362,-0.05538164727793539,2.37824471042697,-0.056911169355334884,22.792605650578874,-25.859135135135134,5.886694476232665,0.0,0.0,0.0,0.15746040796116942,3.4335081874246827,-0.03469695492021576,-320.8544600938967,0.4214588594025442,0.0,0.0,0.0,0.0,0.062199807877041303,0.012385223147554986,0.005275884809848318,0.0,0.0,0.0,Software—Application,Technology,QTWO
2014Q2,2014,Q2,2014-08-12,2014-06-30,-4683000.0,19158000.0,-4549000.0,-0.14,8328000.0,0.43470090823676794,133522000.0,84765000.0,107533000.0,23506000.0,48757000.0,0.0,-54981000.0,485809680.0,393821680.0,2.4881120112715744,4.574704330809155,0.015383232725693145,0.024231699404235238,-0.052046777702114425,2.4881120112715744,-0.05524685896301539,25.358058252427185,-25.934746957078794,5.731253229516899,0.0,0.0,0.0,0.1434819730081934,4.270143793074109,-0.035072871886280915,-1912.6365354330708,0.43470090823676794,0.641025641025641,0.5588144812602095,-0.5234635065820911,0.0,0.25762609483539717,0.15864175350341359,0.14828683767084816,0.5588144812602095,-0.5234635065820911,0.0,Software—Application,Technology,QTWO
2014Q1,2014,Q1,2014-05-14,2014-03-31,-5566000.0,16834000.0,-5341000.0,-0.39,6622000.0,0.39337055958179873,125538000.0,74581000.0,99343000.0,24218000.0,50957000.0,0.0,-50298000.0,219081710.0,139810710.0,5.286807967675622,4.102031546783384,0.050367219487326545,0.08478030597605288,-0.06535901841397633,5.286807967675622,-0.07463026776256687,13.014239634073897,-9.84017741645706,2.9375003016854158,0.0,0.0,0.0,0.1340948557408912,3.815674291849038,-0.04433717280823336,-34.62100347661188,0.39337055958179873,0.27718879827665793,-0.9093715331793912,0.11994688428348975,0.0,0.3824634655532359,0.143560547776581,0.15423594615993666,-0.9093715331793912,0.11994688428348975,0.0,Software—Application,Technology,QTWO
2013Q4,2013,Q4,2013-12-31,2013-12-31,-6499000.0,15669000.0,-6315000.0,-0.5395599833955999,4790000.0,0.30569915119024826,61108000.0,5736000.0,33871000.0,29191000.0,55372000.0,0.0,-44732000.0,182722650.0,171624650.0,0.476214196762142,1.1603233873454146,0.10289978398900308,1.096234309623431,-0.4759595692370188,0.476214196762142,-1.1330195258019526,11.661411066436914,-7.028875596245576,31.855413179916315,0.0,0.0,0.0,0.2564148720298488,0.9502243842280155,-0.10635268704588598,-76.58116093880972,0.30569915119024826,-0.2547906590595346,-1.3260558339298496,0.31121338912133883,1.3021969337758812,-0.0713454827452501,-0.25487545858273797,-0.26426426426426425,-1.3260558339298496,0.31121338912133883,1.3021969337758812,Software—Application,Technology,QTWO
2013Q3,2013,Q3,2013-09-30,2013-09-30,-5179000.0,14325000.0,-4995000.0,-0.43,5158000.0,0.3600698080279232,57184000.0,-29066000.0,32973000.0,20401000.0,86250000.0,0.0,-38233000.0,182722650.0,169302650.0,-2.4131174761311747,1.6162443017499142,0.10940123111359822,-0.21523429436454963,0.23499925895911167,-2.4131174761311747,0.1781806922177114,12.755507853403142,-8.820363487159684,-6.286473887015758,0.0,0.0,0.0,0.2505071348628987,1.3736091368070193,-0.09056729155008394,-45.85260978670013,0.3600698080279232,-0.3870967741935484,0.0,0.0,0.0,-0.08481192334989354,-0.39670981661272925,-0.3960313024035774,0.0,0.0,0.0,Software—Application,Technology,QTWO
2013Q2,2013,Q2,2013-06-30,2013-06-30,-3708000.0,14044000.0,-3578000.0,-0.31,5636000.0,0.4013101680432925,,,,,,,,180538170.0,,,0.0,0.0,0.0,0.0,,0.0,12.855181572201651,-12.172206715210354,0.0,0.0,0.0,0.0,0.0,0.0,0.0,-85.97055714285715,0.4013101680432925,-0.5001790536289815,0.0,0.0,0.0,0.12114581261189576,-0.4897549216552832,-0.6016114592658908,0.0,0.0,0.0,Software—Application,Technology,QTWO
2013Q1,2013,Q1,2013-03-31,2013-03-31,-2489000.0,12834000.0,-2234000.0,-0.206642,5027000.0,0.39169393797724794,,,,,,,,182722650.0,,,0.0,0.0,0.0,0.0,,0.0,14.237388966806918,-18.353018280433908,0.0,0.0,0.0,0.0,0.0,0.0,0.0,-42.503524075366364,0.39169393797724794,0.10916145669291345,0.0,0.0,0.0,0.18060122123062472,0.10916249105225483,0.04243463351907415,0.0,0.0,0.0,Software—Application,Technology,QTWO
2012Q4,2012,Q4,2012-12-31,2012-12-31,-2794000.0,11950000.0,-2333000.0,-0.2319634703196347,4258000.0,0.35631799163179917,31676000.0,-18981000.0,19134000.0,19082000.0,50657000.0,0.0,-26857000.0,182722650.0,177146650.0,-1.575840597758406,1.0027250812283828,0.07892410657911353,-0.1317106580264475,0.15431356210668623,-1.575840597758406,0.14719983141035772,15.290598326359833,-16.349557086614173,-9.626608187134503,0.0,0.0,0.0,0.37725722944816265,0.7844041505083325,-0.08820558151281728,-105.98761600928074,0.35631799163179917,0.0,0.0,0.0,0.0,0.0,0.0,0.0,0.0,0.0,0.0,Software—Application,Technology,QTWO
2012Q3,,,,,,,,,,,,,,,,,,0.0,,0.0,0.0,0.0,0.0,0.0,0.0,0.0,0.0,0.0,0.0,0.0,0.0,,0.0,0.0,0.0,0.0,0.0,0.0,0.0,0.0,0.0,0.0,0.0,0.0,0.0,0.0,0.0,Software—Application,Technology,QTWO
