Quarters,Year,Quarter,FillingDate,Date,NetIncome,Revenue,OperatingIncome,EPSDiluted,GrossProfit,GrossProfitRatio,TotalAssets,CommonStockEquity,CurrentAssets,CurrentLiability,TotalLiability,Inventory,RetainedEarnings,MarketCap,EnterpriseValue,bookValuePerShare,currentRatio,debtToAssets,debtToEquity,roic,shareholdersEquityPerShare,roe,priceToSalesRatio,peRatio,pbRatio,payoutRatio,inventoryTurnover,dividendYield,assetTurnover,quickRatio,returnOnAssets,priceToFreeCashFlowsRatio,grossProfitMargin,epsdilutedGrowth,fiveYNetIncomeGrowthPerShare,fiveYRevenueGrowthPerShare,fiveYShareholdersEquityGrowthPerShare,grossProfitGrowth,netIncomeGrowth,operatingIncomeGrowth,threeYNetIncomeGrowthPerShare,threeYRevenueGrowthPerShare,threeYShareholdersEquityGrowthPerShare,Industry,Sector,Symbol
2023Q1,2023,Q1,2023-05-02,2023-03-31,14206000.0,491008000.0,30041000.0,0.17,98053000.0,0.1996973573,2320051000.0,909771000.0,311883000.0,226675000.0,1410280000.0,0.0,-74857000.0,1221039540.0,2037678540.0,11.109128873910176,1.3759038270651813,0.37013625993566523,0.943902366639517,0.011237599044793252,11.109128873910176,0.015614918479485497,2.486801722171533,21.488095523018444,1.342139439485321,0.0,0.0,0.0,0.21163672695126098,1.6833439947060769,0.006123141258532679,-11.31472200600467,0.19969735727320126,-0.5277777777777777,-0.7418598889614665,-0.37249731659529467,-0.6664315384214498,-0.15330679492604074,-0.5210222866583499,-0.4637163718156988,1.7675816945424596,-0.4131416214218719,-0.38158717541872594,Medical Care Facilities,Healthcare,MD
2022Q4,2022,Q4,2023-02-17,2022-12-31,29659000.0,513844000.0,56017000.0,0.36,115807000.0,0.2253738489,2347887000.0,891632000.0,334750000.0,374225000.0,1456255000.0,0.0,-89063000.0,1232592420.0,1976336420.0,10.749418303253885,0.8945153316854834,0.3209558211276778,0.8451558490498322,0.028239760310904288,10.749418303253885,0.03326372315035799,2.3987677583079687,10.389699753868976,1.382400384912161,0.0,0.0,0.0,0.21885380344113664,1.0684748480192399,0.012632209301384607,13.752314232159593,0.22537384887242043,-0.027027027027027053,-0.7537790307582815,-0.3625663853000742,-0.6714621407008691,0.005199291715853066,-0.034789117417339234,0.18211745837465973,2.2283992007803395,-0.4235499142862428,-0.39585096076805193,Medical Care Facilities,Healthcare,MD
2022Q3,2022,Q3,2022-11-03,2022-09-30,30728000.0,489915000.0,47387000.0,0.37,115208000.0,0.2351591603,2331957000.0,858667000.0,423707000.0,351694000.0,1473290000.0,9664000.0,-118722000.0,1355900260.0000002,2161368260.0,10.455483038258286,1.2047603882920948,0.34912136029952523,0.9481393834862641,0.020177991782728652,10.455483038258286,0.03578570039374985,2.7676234857067046,11.031471784691487,1.579075776756298,0.0,38.7734892384106,0.0,0.21008749303696422,1.1491353278702507,0.013176915354785702,17.751335506591783,0.2351591602624945,0.15624999999999997,-0.4741529686469149,-0.3643703137529668,-0.6680822365455852,-0.08151762295408704,0.1323702830188679,-0.05518891436546705,1.0245604478219847,-0.4465984717175741,-0.4173423121099317,Medical Care Facilities,Healthcare,MD
2022Q2,2022,Q2,2022-08-04,2022-06-30,27136000.0,486033000.0,50155000.0,0.32,125433000.0,0.258075069,2369616000.0,845430000.0,365915000.0,287463000.0,1524186000.0,0.0,-149450000.0,1787488780.0000002,2679785780.0,9.937116528362209,1.272911644281177,0.3825029034240147,1.0720994050364903,0.019720252373418585,9.937116528362209,0.03209727594241983,3.67771073157584,16.46787275206368,2.114295423630579,0.0,0.0,0.0,0.20511044827516356,1.5174265905525233,0.011451644485857624,23.566411950058672,0.2580750689767979,2.2800000000000002,-0.5384229818954772,-0.37527170435909746,-0.6772609938592551,0.13426775783334086,2.2955836715206495,0.28247417408202924,4.219872424421404,-0.4523854874591209,-0.6964778854955564,Medical Care Facilities,Healthcare,MD
2022Q1,2022,Q1,2022-04-28,2022-03-31,-20945000.0,482229000.0,39108000.0,-0.25,110585000.0,0.2293205096,2340976000.0,877076000.0,439777000.0,269727000.0,1463900000.0,16323000.0,-176586000.0,2005309400.0,2867338400.0,10.269609507640068,1.6304522721121726,0.37130154260445214,0.9910292836652697,0.01596029033028304,10.269609507640068,-0.023880484701439785,4.158417266485425,-23.935418954404394,2.286357624652824,0.0,22.76811860564847,0.0,0.20599485001127735,1.5362718600659184,-0.008947122909418978,-19.16627065671385,0.2293205095504418,-1.5319148936170213,-1.4141571158469501,-0.37589583726657644,-0.656647444451655,-0.1980957629638224,-1.5200367464494984,-0.49445435507639807,0.9130866362000218,-0.42902903231881806,-0.6820158704433595,Medical Care Facilities,Healthcare,MD
2021Q4,2021,Q4,2022-02-17,2021-12-31,40276000.0,498530000.0,77358000.0,0.47,137903000.0,0.2766192606,2722546000.0,896487000.0,840564000.0,427366000.0,1825854000.0,0.0,-155390000.0,2351569830.0,3030006830.0,10.373245548060122,1.9668480880556714,0.39148209066072714,1.188893982846377,0.028738311416544076,10.373245548060122,0.04492647411507362,4.717007662527831,14.596594932465985,2.6230941776065912,0.0,0.0,0.0,0.18311169030752833,1.879255719921566,0.014793505784658918,57.260393250219146,0.27661926062624115,0.3055555555555555,-0.4406215080780642,-0.34926499907722375,-0.6478660364047025,-0.001195063302140974,0.3078746549764572,0.3157688840508224,-0.32030676276940406,-0.4568556345101851,-0.7049829514221907,Medical Care Facilities,Healthcare,MD
2021Q3,2021,Q3,2021-10-28,2021-09-30,30795000.0,492949000.0,58793000.0,0.36,138068000.0,0.28008576952179637,2646104000.0,845466000.0,788029000.0,397564000.0,1800427000.0,0.0,-202906000.0,2418397950.0,3125794950.0,9.939058367131018,1.9821437554708172,0.40259604308825353,1.260028197467432,0.021838085299731982,9.939058367131018,0.036423700065999105,4.905980030388539,19.633040672187043,2.8604319393092092,0.0,0.0,0.0,0.18629237550753863,1.8504618124377459,0.011637864573728016,47.83507625056866,0.28008576952179637,-0.1219512195121951,-0.652630860533976,-0.3518920540134633,-0.6549380295666424,0.048018095975467204,-0.12041929679243667,0.17548384516954574,-0.5067345477485663,-0.4225467123443445,-0.7054875291074072,Medical Care Facilities,Healthcare,MD
2021Q2,2021,Q2,2021-08-06,2021-06-30,35011000.0,472959000.0,50016000.0,0.41,131742000.0,0.27854845768872144,2555130000.0,808906000.0,752313000.0,351105000.0,1746006000.0,0.0,-233701000.0,2560096800.0,3279746800.0,9.526403806293574,2.1427009014397402,0.4139934171646844,1.3077007711650055,0.020927453422983334,9.526403806293574,0.043281914091377736,5.412936005023691,18.280660363885637,3.1648878856134086,0.0,0.0,0.0,0.1851017365065574,2.039361444582105,0.013702238242281214,58.04813278008299,0.27854845768872144,0.9523809523809523,-0.5388819973356398,-0.3346979716714199,-0.6566946945436102,0.2483961754588786,0.9845255639950119,0.9160281949126571,-0.5171952349331844,-0.4345163321200174,-0.7220416091966416,Medical Care Facilities,Healthcare,MD
2021Q1,2021,Q1,2021-05-07,2021-03-31,17642000.0,446753000.0,26104000.0,0.21,105529000.0,0.2362132990712989,2483744000.0,766759000.0,665399000.0,326958000.0,1716761000.0,0.0,-268712000.0,2152877220.0,2938514220.0,9.071279842888579,2.03512071886909,0.4248694712498551,1.3762694666772741,0.1909475029883606,9.071279842888579,0.023008533320117534,4.818942950578955,30.507839530665454,2.80776256946446,0.0,0.0,0.0,0.17987079183683988,1.9438888175239633,0.00710298645915199,-23.595760850504163,0.2362132990712989,1.276315789473684,-0.7163714557338436,-0.3520299828230377,-0.6598137791517408,-0.019456807559722365,1.2743872091576458,-0.1919517102615694,-0.6894058535557136,-0.4468330004114448,-0.7276210496713945,Medical Care Facilities,Healthcare,MD
2020Q4,2020,Q4,2021-02-18,2020-12-31,-64296000.0,416630000.0,32305000.0,-0.76,107623000.0,0.25831793197801406,3347948000.0,747485000.0,1549348000.0,444335000.0,2600231000.0,0.0,-286354000.0,2100452220.0,2781287220.0,8.73301555033706,3.4868916470680906,0.5390400328798416,2.4143333979946084,0.005335867276079535,8.73301555033706,-0.08601644180150772,5.0415289825504646,-8.167118561030234,2.810025913563483,0.0,0.0,0.0,0.12444339039913403,3.309764029392238,-0.019204599354589735,-111.4593908198461,0.25831793197801406,-0.5510204081632654,-1.7595859431034722,-0.38485017266437516,-0.6641580549339144,-0.16110249354982034,-0.5665139849917162,0.5790116819003861,-1.5172671785702667,-0.4991396580543967,-0.7330900935108958,Medical Care Facilities,Healthcare,MD
2020Q3,2020,Q3,2020-11-06,2020-09-30,-41044000.0,460635000.0,20459000.0,-0.49,128291000.0,0.27850901472966666,3424826000.0,804761000.0,1651160000.0,488364000.0,2619820000.0,0.0,-222058000.0,1365273360.0,2874379360.0,9.596253368629416,3.381002694711322,0.5266305499899849,2.2411846498525647,-0.005053836054012393,9.596253368629416,-0.05100147745728235,2.963894102706047,-8.315913166358055,1.6964954315629113,0.0,0.0,0.0,0.13449880373484668,1.3637532660065033,-0.011984258470357325,7.963006322469263,0.27850901472966666,0.9391304347826087,-1.5011113306570543,-0.29313730970285007,-0.6176980096047868,-0.07379144045281276,0.9389622209399854,-0.413916580726481,-1.687844495938531,-0.4147305920292325,-0.6953591771893911,Medical Care Facilities,Healthcare,MD
2020Q2,2020,Q2,2020-07-30,2020-06-30,-672436000.0,509203000.0,34908000.0,-8.05,138512000.0,0.27201725048752656,3387212000.0,826570000.0,688329000.0,383933000.0,2560642000.0,0.0,-179071000.0,1427679000.0,3112664000.0,9.900227572164331,1.792836250074883,0.536469521246382,2.1984054587028323,0.00888150918455487,9.900227572164331,-0.8135257751914539,2.8037521381452977,-0.5307862012146881,1.7272330232164246,0.0,0.0,0.0,0.15033100969174648,1.6484725199448862,-0.1985219702811634,7.785825303077401,0.27201725048752656,-34.0,-9.855382784916834,-0.16617687702406897,-0.5874065123055682,-0.17519486938243228,-34.93608379649423,1.6610763835950602,-12.655532338316654,-0.33304092831992455,-0.6784590783364666,Medical Care Facilities,Healthcare,MD
2020Q1,2020,Q1,2020-05-07,2020-03-31,-18712000.0,845918000.0,13118000.0,-0.23,167933000.0,0.19852160611312208,4319662000.0,1487396000.0,940896000.0,346400000.0,2832266000.0,0.0,491287000.0,963780360.0,2754291360.0,17.963936762521286,2.7162124711316395,0.48676632569863104,1.4136558119021432,0.0041602041571872795,17.963936762521286,-0.012580375367420647,1.1393307152702745,-12.876501175716118,0.6479648728381683,0.0,0.0,0.0,0.195829673710582,2.599988452655889,-0.004331820406318828,-6.018210860225797,0.19852160611312208,-3.0909090909090913,-1.3099473525000596,0.505662863201533,-0.19897156391692575,-0.2549490235050888,-3.0053584824777624,-0.7974085342311316,-1.3816481636619768,0.12925033161932495,-0.3993964823558388,Medical Care Facilities,Healthcare,MD
2019Q4,2019,Q4,2020-02-20,2019-12-31,9331000.0,905375000.0,64751000.0,0.11,225398000.0,0.24895540521883197,4145901000.0,1498996000.0,731507000.0,541818000.0,2646905000.0,0.0,510212000.0,2341251920.0,4033231920.0,17.79265976640395,1.3500972651333105,0.41733678638250166,1.154263920650889,0.01576512806086202,17.79265976640395,0.006224833154991741,2.5859471710617146,62.727786946736686,1.5618800317012187,0.0,0.0,0.0,0.21837834526198285,1.2663772705963996,0.002250656732999654,19.38941042990004,0.24895540521883197,1.0072178477690288,-0.8796813142901969,0.586399278022023,-0.24551144480913945,-0.02600511632730667,1.0074296370139404,1.0476196079440783,-0.8670594843053009,0.21230279113027037,-0.3960039047163903,Medical Care Facilities,Healthcare,MD
2019Q3,2019,Q3,2019-11-01,2019-09-30,-1255916000.0,888675000.0,-1359755000.0,-15.24,231416000.0,0.2604056601119644,4290661000.0,1479360000.0,965301000.0,500790000.0,2811301000.0,0.0,500809000.0,1864815420.0,3853473420.0,17.944469378100703,1.9275564607919486,0.4519529741454755,1.3108215714903741,-0.3524946070014471,17.944469378100703,-0.8489590093013195,2.098422280361212,-0.37120623911153294,1.260555524010383,0.0,0.0,0.0,0.20711843699607124,1.202020807124743,-0.29270921193727495,12.629801289518598,0.2604056601119644,-151.4,-18.51039217335683,0.704886767111104,-0.2899168499084712,0.0003674388646571363,-151.32456033959977,-17.891366459627328,-15.617707683685943,0.20557983239247937,-0.37700798875821184,Medical Care Facilities,Healthcare,MD
2019Q2,2019,Q2,2019-08-01,2019-06-30,-8245000.0,868309000.0,80500000.0,-0.1,231331000.0,0.26641552719135697,5638811000.0,2725027000.0,985520000.0,441046000.0,2913784000.0,0.0,1756719000.0,2072526600.0,4128168600.0,32.73934930437081,2.234506151285807,0.3688940806847401,0.7633406935050552,0.011085578850576094,32.73934930437081,-0.003025658094396863,2.386853758281902,-62.841922377198294,0.7605526844321174,0.0,0.0,0.0,0.1539879595184162,1.3864925654013414,-0.0014621876846023037,19.015226665932676,0.26641552719135697,0.9645390070921985,-1.1255827152506235,0.754747767354215,0.3643852846232072,0.13479320883185433,0.9660520768141243,0.02606589764833344,-1.110781317711874,0.24605714554592126,0.17983580603155644,Medical Care Facilities,Healthcare,MD
2019Q1,2019,Q1,2019-05-02,2019-03-31,-242872000.0,851183000.0,78455000.0,-2.82,203853000.0,0.23949373988907202,5706257000.0,2779812000.0,1057416000.0,415183000.0,2926445000.0,0.0,1801270000.0,2390247210.0,4483493210.0,32.2959813181834,2.5468672850285294,0.37147327924417006,0.7625414956119335,0.01292455174783281,32.2959813181834,-0.08736993724755487,2.8081472609297884,-2.4603980800586314,0.8598593034349086,0.0,0.0,0.0,0.14916660781314267,1.5302577417668835,-0.04256240123779914,-38.159698745170665,0.23949373988907202,-5.147058823529411,-5.408736691110443,0.7368030984106257,0.39237468220135935,-0.17218400513291154,-5.033480585910254,-0.2425222546198853,-4.834448812905735,0.21236600920559415,0.21114638987041764,Medical Care Facilities,Healthcare,MD
2018Q4,2018,Q4,2019-02-14,2018-12-31,60214000.0,932696000.0,103574000.0,0.68,246254000.0,0.26402386200862876,5934911000.0,3087884000.0,657409000.0,500193000.0,2847027000.0,0.0,2094359000.0,2898060000.0,4857518000.0,35.16151218401275,1.3143106760790335,0.3326553675362613,0.6393633957752299,0.015140004186813596,35.16151218401275,0.01950008484774687,3.107186049902648,12.032334672999635,0.9385261881599181,0.0,0.0,0.0,0.15715416793950238,1.201416253326216,0.010145729228290028,24.799205894181977,0.26402386200862876,-0.055555555555555455,-0.12132056589781258,0.8944269008486295,0.518826030524859,0.022751437020301028,-0.08175371711780405,-0.05118997453326249,-0.30667755846009825,0.34219401434888613,0.35219164276971227,Medical Care Facilities,Healthcare,MD
2018Q3,2018,Q3,2018-11-01,2018-09-30,65575000.0,896652000.0,109162000.0,0.72,240776000.0,0.268527812350834,5838724000.0,3015305000.0,625401000.0,435941000.0,2823419000.0,0.0,2015742000.0,4162769910.0000005,6134801910.0,33.74749577499468,1.4346000949669795,0.3436526542443178,0.6654361664906203,0.015759831713797093,33.74749577499468,0.02174738542203857,4.642570261372305,15.870262714449105,1.3805468800005307,0.0,0.0,0.0,0.1535698553314046,1.310388332366077,0.011231049797866793,32.30308933310571,0.268527812350834,-0.15294117647058825,-0.05104832006152799,0.8001215893915026,0.5031052026399162,-0.0848672583189221,-0.17424318742759282,-0.15167198999059675,-0.24855298717208735,0.2914499109585851,0.3444554150488424,Medical Care Facilities,Healthcare,MD
2018Q2,2018,Q2,2018-08-02,2018-06-30,79412000.0,915918000.0,128679000.0,0.85,263105000.0,0.28725824800910127,5859638000.0,3186922000.0,624930000.0,411213000.0,2672716000.0,0.0,2153415000.0,4024477360.0,5878393360.0,34.27276931183929,1.5197233550495728,0.32288206199768654,0.5936674948429864,0.018368585519231807,34.27276931183929,0.02491808710724643,4.3939275786697065,12.669613408552864,1.2628101221178303,0.0,0.0,0.0,0.15630965598898772,1.4006244938754369,0.013552373030552399,33.153285773127934,0.28725824800910127,0.2648960106667936,0.24826038026826536,0.8831775620940415,0.5810375587648808,0.09914693447855222,0.25200227029072336,0.2321679928758151,-0.061023460971056,0.34664089621350114,0.4283228663426673,Medical Care Facilities,Healthcare,MD
2018Q1,2018,Q1,2018-05-04,2018-03-31,63428000.0,901857000.0,104433000.0,0.671992,239372000.0,0.26542123640444104,5883074000.0,3143488000.0,622675000.0,356989000.0,2739586000.0,0.0,2111617000.0,5250804440.0,7176264440.0,33.30389456286816,1.7442414192033928,0.33424685802014387,0.6255468447787935,0.014817125207015107,33.30389456286816,0.02017758617179388,5.822213987361633,20.695924670492527,1.6703752137752714,0.0,0.0,0.0,0.15329689886613698,1.6650148884139286,0.010781438411279546,-41.653216246231956,0.26542123640444104,-0.5372641103417882,0.1969318730678224,0.8743696497270151,0.5597075226193974,-0.0829080655295542,-0.53397059579877,-0.169208372115224,-0.07836905665764156,0.40813878562153066,0.4850512407073093,Medical Care Facilities,Healthcare,MD
2017Q4,2017,Q4,2018-02-14,2017-12-31,136103000.0,910820000.0,125703000.0,1.452215,261012000.0,0.28656814738367625,5867278000.0,3066454000.0,627235000.0,531425000.0,2800824000.0,0.0,2048189000.0,5008450240.0,6801074240.0,32.71896373278134,1.180288846027191,0.31578936603992513,0.6042236407263895,0.03210074605517303,32.71896373278134,0.04438449101144188,5.498836477020706,9.199742547923263,1.633303561703518,0.0,0.0,0.0,0.15523723266564154,1.081038716658042,0.023196957771559487,28.089703088019203,0.28656814738367625,1.04537323943662,1.197731408908783,1.0626888401140657,0.6081316469061024,0.031757702250788604,1.065922890103218,-0.005765945330296128,0.5775941016751325,0.43462782429905655,0.3874307719130645,Medical Care Facilities,Healthcare,MD
2017Q3,2017,Q3,2017-11-01,2017-09-30,65880000.0,868951000.0,126432000.0,0.71,252978000.0,0.2911303399155994,5680523000.0,2916574000.0,653323000.0,475994000.0,2763949000.0,0.0,1912087000.0,3992437680.0,5770490680.0,31.500221408590654,1.3725446119068727,0.3215295493038229,0.6262333820434524,0.016260541070429416,31.500221408590654,0.02258814622910305,4.594548691468218,15.15041621129326,1.3688792672498622,0.0,0.0,0.0,0.15297024587348734,1.2172191246108144,0.011597523678717612,21.02799218383782,0.2911303399155994,0.02898550724637684,0.056620658602081736,0.9414577682524892,0.5818077237277233,0.009271745114779736,0.034255392633991646,0.037143982149888434,-0.18215175198459566,0.48433429539521133,0.24649974179175976,Medical Care Facilities,Healthcare,MD
2017Q2,2017,Q2,2017-07-28,2017-06-30,63698000.0,842944000.0,121904000.0,0.69,250654000.0,0.29735545896287296,5407396000.0,2838248000.0,557570000.0,350148000.0,2569148000.0,0.0,1846207000.0,5564966970.0,7297714970.0,30.78994586736963,1.5923837919965271,0.3279158766992467,0.6247413897587526,0.01612549303757272,30.78994586736963,0.022442718183893727,6.60182286130514,21.841215462023925,1.9607049736316204,0.0,0.0,0.0,0.15588723296758736,1.5193175457235226,0.011779791973807725,43.68208803974976,0.29735545896287296,0.16949152542372878,0.10807684382570898,0.9749460508226718,0.5984449519785424,0.06472797091106806,0.1646888884825657,0.1496364476550638,-0.12395915316589332,0.5381492241616345,0.2831455098643597,Medical Care Facilities,Healthcare,MD
2017Q1,2017,Q1,2017-05-04,2017-03-31,54691000.0,835597000.0,106037000.0,0.59,235416000.0,0.2817338980393659,5424885000.0,2762470000.0,562438000.0,328613000.0,2662415000.0,0.0,1782509000.0,6407936800.0,8268449800.0,29.909809441316586,1.7115512776426982,0.3506713967208521,0.6886416866065513,0.013865935416276945,29.909809441316586,0.019797862058230496,7.6686929225451985,29.29155071218299,2.3196403218858483,0.0,0.0,0.0,0.15403036193393962,1.6452848791739827,0.010081504031882703,-191.32167318544174,0.2817338980393659,-0.2918246557847723,0.1823165227742888,1.0666422790320509,0.6060809349169356,-0.11190919002116334,-0.2995427707834373,-0.2573295605765594,-0.07480006675921651,0.5889401240779162,0.28949979891488564,Medical Care Facilities,Healthcare,MD
2016Q4,2016,Q4,2017-02-10,2016-12-31,78079000.0,830770000.0,142778000.0,0.833127,265081000.0,0.3190786860382537,5339400000.0,2760767000.0,587128000.0,448949000.0,2578633000.0,0.0,1785526000.0,6247241880.0,7893675880.0,29.458236411361746,1.3077832894159471,0.3187871296400345,0.6165431563040271,0.019499791759297357,29.458236411361746,0.028281633328709015,7.519821226091457,20.00295175399275,2.262864587993119,0.0,0.0,0.0,0.15559238865790165,1.2523916970524491,0.01462317863430348,52.01526910011324,0.3190786860382537,-0.19891634615384624,0.39712488159168796,1.1426143040571533,0.6654726268470822,-0.034429376431977216,-0.1909666455978199,-0.08995417200476764,0.06767149198187404,0.5812078581437363,0.27246905766682894,Medical Care Facilities,Healthcare,MD
2016Q3,2016,Q3,2016-10-27,2016-09-30,96509000.0,828006000.0,156891000.0,1.04,274533000.0,0.33155919160006087,5343864000.0,2667337000.0,575457000.0,413033000.0,2676527000.0,0.0,1707448000.0,6135015000.0,7871012000.0,28.803690985270613,1.3932470286877805,0.3347394319915327,0.6706321698383069,0.024128951082597768,28.803690985270613,0.03618177980510149,7.409384714603517,15.892339056461056,2.3000524493155536,0.0,0.0,0.0,0.1549451857307746,1.3322204279076975,0.018059778467416087,32.82916035681224,0.33155919160006087,0.16853932584269665,0.7174732900364994,1.1051403535854083,0.6631843322582289,0.05531978688562401,0.17084207844516966,0.06161653753763914,0.3475148664304169,0.6038780829816283,0.28290934722546934,Medical Care Facilities,Healthcare,MD
2016Q2,2016,Q2,2016-07-28,2016-06-30,82427000.0,771759000.0,147785000.0,0.89,260142000.0,0.3370767299117989,4771414000.0,2557965000.0,548477000.0,332104000.0,2213361000.0,0.0,1610939000.0,6676742260.000001,8064297260.000001,27.749072487036514,1.6515218124442945,0.3016814302846075,0.5627313118045009,0.022725753181127534,27.749072487036514,0.03222366216895071,8.651330609685148,20.250470901524988,2.6101773323716317,0.0,0.0,0.0,0.16174639215964073,1.576738009780069,0.017275172516993915,47.34774499166756,0.3370767299117989,0.21917808219178087,0.5194978460072772,1.0230469415909265,0.6588180543564875,0.11282601907027083,0.21396485957083314,0.1895792583291074,0.30696710203332456,0.6006356658156546,0.2800928172366433,Medical Care Facilities,Healthcare,MD
2016Q1,2016,Q1,2016-04-28,2016-03-31,67899000.0,752624000.0,124233000.0,0.73,233767000.0,0.3106026382363571,4636287000.0,2460411000.0,551439000.0,312744000.0,2175687000.0,0.0,1528512000.0,5962422780.0,7349632780.0,26.66562984317593,1.7632280715217559,0.3111759474769357,0.586365855135585,0.01940150281285059,26.66562984317593,0.027596608859251564,7.922179973001127,21.9532790615473,2.423344221758072,0.0,0.0,0.0,0.162333349941451,1.6950125342132862,0.014645124428233196,-137.12393128190976,0.3106026382363571,-0.2618336658452459,0.5559763788888564,1.050802865645694,0.7021010424346467,-0.08147283714862752,-0.26755625552846757,-0.17704689984101749,0.3107285602347645,0.6001348947850785,0.2488204159809227,Medical Care Facilities,Healthcare,MD
2015Q4,2015,Q4,2016-02-11,2015-12-31,92702000.0,741740000.0,150960000.0,0.988937,254502000.0,0.34311483808342547,4547214000.0,2437528000.0,527769000.0,428771000.0,2109368000.0,0.0,1510356000.0,6717336740.0,7938584740.0,26.003349726367894,1.2308878165734156,0.27991205164305,0.5221765657666292,0.026098602348791737,26.003349726367894,0.03803115287291059,9.056187801655566,18.115404036590366,2.755798801080439,0.0,0.0,0.0,0.16311965964214573,1.1781627022349925,0.020386548774700287,69.2716042940673,0.34311483808342547,0.019522680412371117,0.7667421236161103,1.0639734903015998,0.7266772937862783,0.025254498797500736,0.021160815589165133,-0.0011248593925759281,0.496623700666146,0.6794592014462886,0.278060331068579,Medical Care Facilities,Healthcare,MD
2015Q3,2015,Q3,2015-10-29,2015-09-30,90781000.0,722273000.0,151130000.0,0.97,248233000.0,0.3436830672058903,4546495000.0,2333135000.0,573178000.0,404572000.0,2212754000.0,0.0,1414654000.0,7137553710.000001,8438931710.000001,25.101238313483737,1.4167515300119633,0.2996358733485905,0.5838894877493158,0.0253408327425857,25.101238313483737,0.03890945016040649,9.882071889714831,19.655967961357554,3.0592116229879545,0.0,0.0,0.0,0.15886369609996273,1.1758030708996174,0.01996724949659023,43.29017212831384,0.3436830672058903,0.07777777777777772,0.5190992405787153,1.1094127690207733,0.7418344355022412,0.084427300169938,0.07905622251277784,0.07217094574941293,0.4503577545561058,0.6074916022908435,0.26047789075445976,Medical Care Facilities,Healthcare,MD
2015Q2,2015,Q2,2015-07-30,2015-06-30,84130000.0,676588000.0,140957000.0,0.9,228907000.0,0.33832553932378345,4275139000.0,2219548000.0,525504000.0,311810000.0,2054844000.0,0.0,1321018000.0,6855175000.0,8086754000.0,23.995113513513513,1.6853340175106635,0.3033587913749705,0.5843086069776369,0.02460304716806185,23.995113513513513,0.03790411381055963,10.131978397488576,20.370780339950077,3.088545505661513,0.0,0.0,0.0,0.1582610530324277,1.4463006317950033,0.019678892312039446,49.37037277100798,0.33832553932378345,0.25000000000000006,0.7142886905707116,0.9492723888354085,0.7167376108775968,0.1656982517607158,0.22447494432881657,0.227623866714277,0.45846044154619736,0.579721344226793,0.24569455993994624,Medical Care Facilities,Healthcare,MD
2015Q1,2015,Q1,2015-04-30,2015-03-31,68707000.0,639395000.0,114821000.0,0.72,196369000.0,0.30711688392933945,3646314000.0,2113233000.0,477957000.0,267427000.0,1532252000.0,0.0,1236888000.0,6832689810.000001,7679631810.000001,22.426091201409303,1.7872428737562027,0.24604600700872167,0.42454428830138463,0.02325060788916073,22.426091201409303,0.03251274232420183,10.686179607285013,24.861694623546367,3.233287484153428,0.0,0.0,0.0,0.17535379564129694,1.5625273439106746,0.01884286432819554,-115.66714873374866,0.30711688392933945,-0.19101123595505623,0.7932310591688981,0.9179377288021953,0.704506172189488,-0.11795408504732088,-0.2227539084594674,-0.1861630494875466,0.45582443645468623,0.5499860798672616,0.2042242393406052,Medical Care Facilities,Healthcare,MD
2014Q4,2014,Q4,2015-02-09,2014-12-31,88398000.0,650524000.0,141086000.0,0.89,222629000.0,0.3422302636028801,3608795000.0,2264619000.0,467052000.0,416273000.0,1343229000.0,0.0,1376782000.0,6348543300.0,6869470300.0,23.58241174632927,1.1219848512874964,0.1576301784944836,0.2511923639252342,0.0316473922492806,23.58241174632927,0.039034380617666814,9.759122338299585,17.954431378537976,2.8033604328145265,0.0,0.0,0.0,0.18026072414753402,0.9756914332661498,0.02449515697067858,36.87776022213057,0.3422302636028801,0.03488372093023259,0.7187172708058504,0.9126909443376896,0.8647197751584907,0.05942172435781519,0.0254155695013166,0.021304011061002007,0.5436879247224139,0.6373540615593177,0.33327266066071054,Medical Care Facilities,Healthcare,MD
2014Q3,2014,Q3,2014-10-30,2014-09-30,86207000.0,626506000.0,138143000.0,0.86,210142000.0,0.33541897443919133,3478217000.0,2504047000.0,481061000.0,329280000.0,973105000.0,0.0,1604484000.0,5432004160.0,5654963160.0,25.270940981753593,1.4609481292517006,0.08265729251510184,0.11481413887199401,0.031045767959366987,25.270940981753593,0.03442706945995822,8.670314665781333,15.752793160648206,2.1692900173199625,0.0,0.0,0.0,0.180122746798144,1.2884839650145772,0.024784825098606557,34.87396819486264,0.33541897443919133,0.0902802780975369,0.6506840389923898,0.7430451413409207,1.0664628965115006,0.046200874232059826,0.09100688468158348,0.06532636189771115,0.4337498703479383,0.4886119146426284,0.45919608441043286,Medical Care Facilities,Healthcare,MD
2014Q2,2014,Q2,2014-07-31,2014-06-30,79016000.0,595544000.0,129672000.0,0.788788,200862000.0,0.33727482772053785,3174500000.0,2403743000.0,407698000.0,262807000.0,769723000.0,0.0,1518277000.0,5825118100.0,5993473100.0,23.99567752111326,1.5513209313298353,0.05622932745314223,0.07425918661021581,0.03100818669969722,23.99567752111326,0.0328720666061222,9.781171668256249,18.430185342209175,2.423353120529108,0.0,0.0,0.0,0.1876024570798551,1.342015243125183,0.024890848952590958,44.44619334655883,0.33727482772053785,0.2520444444444445,0.6529549027342307,0.6835096287555569,1.0568599611201726,0.16185121557603208,0.24121897580898524,0.2456843136689818,0.3404071834655186,0.43657803374502796,0.4344430112802576,Medical Care Facilities,Healthcare,MD
2014Q1,2014,Q1,2014-05-01,2014-03-31,63660000.0,566338000.0,104097000.0,0.63,172881000.0,0.3052611691251514,3099144000.0,2307080000.0,395996000.0,222195000.0,792064000.0,0.0,1447629000.0,6164840700.0,6400790700.0,23.194892675815613,1.7822003195391436,0.08002209642404483,0.10749518872340795,0.024850001577602907,23.194892675815613,0.027593321427952216,10.885444204697547,24.210024740810557,2.672139977807445,0.0,0.0,0.0,0.18274013727661573,1.544539706113999,0.020541155880462476,-113.34094535961171,0.3052611691251514,-0.19230769230769232,0.7021950319207171,0.6968824123220838,1.0883594138146455,-0.09031066489865505,-0.19391192037885888,-0.15994577015260214,0.3532928357844351,0.4315518484309121,0.4805594780566919,Medical Care Facilities,Healthcare,MD
2013Q4,2013,Q4,2014-02-12,2013-12-31,78974000.0,567387000.0,123917000.0,0.78,190044000.0,0.33494598924543567,3049430000.0,2342988000.0,408839000.0,326792000.0,706442000.0,0.0,1484023000.0,5402429660.0,5404749660.0,23.150454019978856,1.2510679575999413,0.008854113719613173,0.011523746600494753,0.0334596363561052,23.150454019978856,0.0337065320010175,9.521595771492827,17.101924874009168,2.305786312179149,0.0,0.0,0.0,0.1860632970751911,0.9883687483169723,0.02589795469973077,39.82653510162257,0.33494598924543567,0.026315789473684233,0.8127238186607463,0.7048173534110747,1.1723294677707903,0.008693990637240852,0.026196106967436784,0.005077418465256994,0.3940487453976967,0.46231710667570264,0.5372389987358823,Medical Care Facilities,Healthcare,MD
2013Q3,2013,Q3,2013-10-31,2013-09-30,76958000.0,554730000.0,123291000.0,0.76,188406000.0,0.3396354983505489,2979865000.0,2234094000.0,372963000.0,273994000.0,745771000.0,0.0,1405049000.0,4995201200.0,5107379200.0,22.451852149619118,1.3612086396052467,0.04144483055440431,0.055279679368907486,0.0329422912881761,22.451852149619118,0.03444707339977637,9.004743208407694,16.227036825281324,2.23589571432536,0.0,0.0,0.0,0.18615944010886398,1.072928604276006,0.025826002184662727,32.31215845580625,0.3396354983505489,0.11084801552848587,0.8698855961671321,0.8864964626510647,1.2085615033468093,0.05940104137380371,0.11182062469299893,0.08750033077241975,0.20293014982179086,0.5133427368357075,0.557987248541603,Medical Care Facilities,Healthcare,MD
2013Q2,2013,Q2,2013-07-30,2013-06-30,69218000.0,529180000.0,113371000.0,0.684162,177842000.0,0.336070902150497,2889390000.0,2193145000.0,367691000.0,212773000.0,696245000.0,0.0,1371373000.0,4660994040.0,4808640040.0,21.677390977740878,1.7280905002044433,0.05322922831462696,0.07012760214212922,0.029825226453417737,21.677390977740878,0.031561068693588434,8.807955780641748,16.834472391574444,2.125255758283196,0.0,0.0,0.0,0.18314592353403314,1.362701094593769,0.023955921492079642,38.13391509241002,0.336070902150497,0.2439309090909091,0.6171124600209321,0.8868065953487118,1.304232699530786,0.1547132078901918,0.25016706702548447,0.23832357567284165,0.28953613125380884,0.3939046266814334,0.5509154551916635,Medical Care Facilities,Healthcare,MD
2013Q1,2013,Q1,2013-05-02,2013-03-31,55367000.0,502715000.0,91552000.0,0.55,154014000.0,0.30636444108490896,2792656000.0,2105756000.0,394628000.0,190895000.0,686900000.0,0.0,1302155000.0,4413648590.0,4568758590.0,21.352653673771524,2.0672516304774877,0.06588709816031764,0.08737954444864457,0.024386729183846753,21.352653673771524,0.026293169768957087,8.779623822643048,19.92905787743602,2.095992408427187,0.0,0.0,0.0,0.1800132203894787,1.5913460279211085,0.01982592915131688,-194.22850686498856,0.30636444108490896,-0.16666666666666663,-0.04281625928337728,0.9749970139815626,1.189392684630881,-0.04567338972023422,-0.16241320363674872,-0.11134406880017084,0.3807780291259739,0.44086973704817267,0.6229190210945421,Medical Care Facilities,Healthcare,MD
2012Q4,2012,Q4,2013-02-15,2012-12-31,66103000.0,471332000.0,103023000.0,0.66,161385000.0,0.34240195870426793,2750337000.0,2035368000.0,359044000.0,268338000.0,714969000.0,0.0,1246788000.0,3977510880.0,4106814880.0,20.345948539554968,1.3380289038451505,0.05235722022428524,0.07074887686157982,0.030485823712907093,20.345948539554968,0.03247717366097924,8.43887298125313,15.042853123156284,1.9541974129494029,0.0,0.0,0.0,0.17137245363022785,1.0282926756553301,0.024034509225596717,39.22246427831849,0.34240195870426793,0.0,0.523472703219119,0.8716911509960776,1.0184462655282696,-0.012923705488752156,0.002928235472614171,-0.040512978122991816,0.23374413173481173,0.3303022708359375,0.608804603794209,Medical Care Facilities,Healthcare,MD
2012Q3,2012,Q3,2012-11-01,2012-09-30,65910000.0,473134000.0,107373000.0,0.66,163498000.0,0.34556383603799345,2532969000.0,1949109000.0,402806000.0,244881000.0,583860000.0,0.0,1180685000.0,3640497820.0,3628138820.0,19.91406473497078,1.6449050763432034,0.018950093743744987,0.024626637094179955,0.03305913300254708,19.91406473497078,0.03381545105994585,7.694432909070158,13.808594371112124,1.867775388651943,0.0,0.0,0.0,0.18679028444485504,1.3165415038324737,0.026020847471879837,27.668403204231776,0.34556383603799345,0.08196721311475418,0.6652758744063046,0.9963298571729563,1.0680690384518747,0.05060305995900349,0.08862975687103594,0.07657215047725997,0.2776667182553396,0.33263866153685256,0.6284188199900445,Medical Care Facilities,Healthcare,MD
2012Q2,2012,Q2,2012-07-31,2012-06-30,60544000.0,449530000.0,99736000.0,0.61,155623000.0,0.34619046559740174,2346966000.0,1870113000.0,340223000.0,197209000.0,476853000.0,0.0,1114775000.0,3327137220.0000005,3315375220.0000005,19.26243742661146,1.7251900268243336,0.0,0.0,0.032525381432904704,19.26243742661146,0.03237451426731967,7.401368584966522,13.738509265988373,1.7791102569737764,0.0,0.0,0.0,0.1915366477401036,1.3000572996161432,0.02579670945382251,29.379213937552986,0.34619046559740174,0.24489795918367346,0.6669837988527193,0.981722310757946,0.9926659406839442,0.16685161580565344,0.2522026887280248,0.25631077744747316,0.3068191261631046,0.31116950169871166,0.6511363874397348,Medical Care Facilities,Healthcare,MD
2012Q1,2012,Q1,2012-05-03,2012-03-31,48350000.0,422616000.0,79388000.0,0.49,133370000.0,0.3155819940560698,2325037000.0,1797813000.0,361265000.0,172868000.0,527224000.0,0.0,1054231000.0,3589765530.0,3654815530.0,18.6228531769873,2.089831547770553,0.03591340696943748,0.046445319952631334,0.025735149535079042,18.6228531769873,0.026893787062391917,8.494154338690443,18.56135227507756,1.9967402227039188,0.0,0.0,0.0,0.1817674299376741,1.5216407895041304,0.02079536798769224,-102.45934267610458,0.3155819940560698,-0.1764705882352941,0.893798873242131,0.9746021422114061,1.0131081854307493,-0.05826113358894514,-0.17150739388954575,-0.13245691680599722,0.3320212477454253,0.30464985553451474,0.6767144081162193,Medical Care Facilities,Healthcare,MD
2011Q4,2011,Q4,2012-02-29,2011-12-31,58359000.0,404898000.0,91509000.0,0.595,141621000.0,0.3497695715958093,2272648000.0,1731016000.0,337273000.0,254301000.0,541632000.0,0.0,1005881000.0,3523665330.0000005,3563539330.0000005,17.687613675842478,1.3262747688762528,0.025727697382084688,0.03377785069577635,0.0326678530336628,17.687613675842478,0.03371372650512763,8.702599988145163,15.094781139155915,2.0356052919210454,0.0,0.0,0.0,0.17816133426733924,0.9953676941891695,0.025678855678486066,40.32207316794069,0.3497695715958093,0.0,0.7795088190783547,0.8939030565212469,0.9761564679315393,-0.018293359212532927,0.0020260641129101493,-0.037122383913633636,0.38526882565836446,0.258122187838009,0.6597222831750466,Medical Care Facilities,Healthcare,MD
2011Q3,2011,Q3,2011-11-01,2011-09-30,58241000.0,407665000.0,95037000.0,0.595,144260000.0,0.35386898556412744,2179816000.0,1662220000.0,334003000.0,215069000.0,517596000.0,0.0,947522000.0,3006093600.0,3027553600.0,17.31839966659721,1.5530039196722911,0.02293771584390609,0.030080254117986788,0.03426381936626145,17.31839966659721,0.03503808160171337,7.373931046324801,12.903682972476433,1.8084811878090745,0.0,0.0,0.0,0.18701807859011954,1.1625013367802892,0.02671831016929869,31.68444706775159,0.35386898556412744,0.03478260869565221,0.6629159607076063,0.8971193686022849,1.0214892933138724,0.016939594098282072,0.0411147458929944,0.0205534615508521,0.4670962593577019,0.4372962472146422,0.7035899999844637,Medical Care Facilities,Healthcare,MD
2011Q2,2011,Q2,2011-08-02,2011-06-30,55941000.0,393402000.0,93123000.0,0.575,141857000.0,0.36059043929619067,2072727000.0,1590218000.0,305321000.0,174802000.0,482509000.0,0.0,889281000.0,3431262890.0,3484273890.0,16.72821947781448,1.7466676582647795,0.03184210945290914,0.041503743511895855,0.034005210656947185,16.72821947781448,0.035178195693923726,8.722027061377421,15.334293675479524,2.157731134976462,0.0,0.0,0.0,0.1897992354998994,1.309887758721296,0.026989082498563487,37.242091844487376,0.36059043929619067,0.2234042553191489,0.6885801404151766,0.9494356129658142,1.0506785831593253,0.15051216960397085,0.2306626187961985,0.22983359746434232,0.3909284511913787,0.4928422415331359,0.7781526552382644,Medical Care Facilities,Healthcare,MD
2011Q1,2011,Q1,2011-05-03,2011-03-31,45456000.0,382283000.0,75720000.0,0.47,123299000.0,0.3225333064771387,2065800000.0,1505751000.0,292174000.0,149681000.0,560049000.0,0.0,833340000.0,3201076770.0,3539864770.0,15.666302515762531,1.9519778729431256,0.17128328008519703,0.23499038021558677,0.024623690529874686,15.666302515762531,0.030188258217992217,8.373578657696001,17.60535886351637,2.1259004775690005,0.0,0.0,0.0,0.18505324813631524,1.4556089283208957,0.02200406622131862,-92.22081674397165,0.3225333064771387,-0.16034237918215613,2.7650276402035736,3.00691261485694,2.945592865120235,-0.06046451376929759,-0.15509293680297398,-0.11836620636657895,-0.19368437505101624,0.5409875284006028,0.6063431106624834,Medical Care Facilities,Healthcare,MD
2010Q4,2010,Q4,2011-02-24,2010-12-31,53800000.0,368480000.0,85886000.0,0.5597519612127265,131234000.0,0.3561495874945723,2037646000.0,1447454000.0,296009000.0,320847000.0,590192000.0,0.0,787884000.0,3233755530.0000005,3371385530.0000005,15.059762365524273,0.9225861547715889,0.07189668862991903,0.10121219741698181,0.03396901073470109,15.059762365524273,0.037168711406372845,8.775932289405125,15.026745027881043,2.234098997273834,0.0,0.0,0.0,0.18083612168158747,0.7013529813275486,0.026403016029280846,38.95152409058059,0.3561495874945723,-0.12937475216978728,5.66877270386973,3.079240204010741,3.115953214156306,0.048245123568222116,-0.12191937326587236,0.05544768599306904,0.29054790989467744,0.5229986918807862,0.494023296448411,Medical Care Facilities,Healthcare,MD
2010Q3,2010,Q3,2010-11-03,2010-09-30,61270000.0,351058000.0,81374000.0,0.642931,125194000.0,0.3566191341601673,1800999000.0,1373321000.0,333977000.0,311242000.0,427678000.0,0.0,734084000.0,2539691700.0,2478546700.0,14.410806102961237,1.0730460541957705,0.00013436986916705673,0.00017621517474792855,0.0446302016545498,14.410806102961237,0.044614478333907366,7.234393462049006,10.362704831075567,1.8493066806667924,0.0,0.0,0.0,0.19492403938036612,0.8042905520463176,0.03402000778456846,24.763467501316327,0.3566191341601673,0.23640576923076925,1.1483419217155015,0.9391622509418219,0.9363918495835982,-0.008521422348934823,0.24133879006442724,-0.008842874543239952,0.5899196796387528,0.5213160401497519,0.49655744908429833,Medical Care Facilities,Healthcare,MD
2010Q2,2010,Q2,2010-08-03,2010-06-30,49358000.0,349094000.0,82100000.0,0.52,126270000.0,0.36170773487943075,1759694000.0,1300323000.0,298808000.0,285352000.0,459371000.0,0.0,672814000.0,2586754760.0,2618908760.0,13.97715839711067,1.0471557935462166,0.033127918831342265,0.044831168871118945,0.03671098292399704,13.97715839711067,0.037958261139732205,7.409908964347712,13.102003525264394,1.9893170850627115,0.0,0.0,0.0,0.19838335528790801,0.7572822338725504,0.028049194916843496,29.217312475292257,0.36170773487943075,0.2839506172839506,0.8084066936650705,0.9968382811791009,0.9841681774265694,0.18641360518650757,0.2899668086663356,0.2918758162735441,0.4182149953492971,0.6060192770211684,0.44591293763213846,Medical Care Facilities,Healthcare,MD
2010Q1,2010,Q1,2010-05-06,2010-03-31,38263000.0,332927000.0,63551000.0,0.405,106430000.0,0.3196796895415511,1740314000.0,1238121000.0,296847000.0,258819000.0,502193000.0,0.0,623456000.0,2737955880.0,2843392880.0,13.15694338179036,1.1469289348927243,0.07434060749956617,0.10449382572462627,0.02811569525298878,13.15694338179036,0.030904087726482305,8.22389256503678,17.88905652980686,2.2113798893646095,0.0,0.0,0.0,0.19130283385641902,0.7944741305700123,0.02198626224922629,-59.95348778137865,0.3196796895415511,-0.24382214638598437,1.0521224743466688,0.9561156762186805,0.9866045925576504,-0.11378492027145176,-0.2408285549889883,-0.1974262477268135,0.5374698443345273,0.5957795645509234,0.4222498650132145,Medical Care Facilities,Healthcare,MD
2009Q4,2009,Q4,2010-02-25,2009-12-31,50401000.0,333288000.0,79184000.0,0.5355882853013687,120095000.0,0.36033400542473776,1689350000.0,1190098000.0,292665000.0,346704000.0,499252000.0,0.0,585193000.0,2828295720.0,2852235720.0,12.646625010626542,0.8441350546864184,0.02985941338384586,0.042385585052659526,0.040691964547812015,12.646625010626542,0.04235029384134752,8.486041261611579,14.02896629035138,2.37652337874696,0.0,0.0,0.0,0.19728771420960725,0.5827189764179243,0.029834551750673337,41.08983786610879,0.36033400542473776,0.03997725301236639,0.88520429606175,0.9966368727907976,1.0100619510402498,0.0012338782962475093,0.047097685627622884,0.01073484548715265,0.5982886322311274,0.6212707395174364,0.4129497777525398,Medical Care Facilities,Healthcare,MD
2009Q3,2009,Q3,2009-11-02,2009-09-30,48134000.0,331276000.0,78343000.0,0.515,119947000.0,0.362075731414289,1652174000.0,1116833000.0,288646000.0,349154000.0,535341000.0,0.0,534792000.0,2507811960.0,2572960960.0,12.229080437115389,0.8267011118303098,0.05206110252309987,0.07701599075242226,0.04008836543282427,12.229080437115389,0.04309865485708248,7.570158900735339,13.025158723563386,2.2454672811423015,0.0,0.0,0.0,0.2005091473416238,0.5500352280082714,0.029133735308750772,24.130282118389655,0.362075731414289,0.10752688172043008,0.953826381670545,1.2032954847507182,0.8665628561787775,0.040655555651955125,0.11377467200407247,0.04766043942818171,0.4443742634837701,0.620195844972843,0.42743877301684685,Medical Care Facilities,Healthcare,MD
2009Q2,2009,Q2,2009-08-05,2009-06-30,43217000.0,319815000.0,74779000.0,0.465,115261000.0,0.3603989806606945,1583445000.0,1056535000.0,293372000.0,289625000.0,526910000.0,0.0,486658000.0,1907730660.0,2041714660.0,11.666169780486728,1.0129374190763918,0.09636204604517365,0.14441925728915747,0.035932356077218786,11.666169780486728,0.04090446601390394,5.965106889920736,11.035765208135688,1.8056483315744392,0.0,0.0,0.0,0.20197417655807431,0.6719896417781615,0.027293022492097925,23.794285821193373,0.3603989806606945,0.25675675675675685,0.8513824683372263,1.2717791690043752,0.809719559564419,0.18537372989427783,0.26914718665570303,0.3206470868728255,0.36929625020364737,0.6634988787424355,0.43013215172558467,Medical Care Facilities,Healthcare,MD
2009Q1,2009,Q1,2009-05-08,2009-03-31,34052000.0,303885000.0,56623000.0,0.37,97236000.0,0.3199763068265956,1521913000.0,1005872000.0,296800000.0,258998000.0,516041000.0,0.0,443441000.0,1334460540.0,1494791540.0,11.106753235281127,1.1459547950177222,0.11937213230979694,0.1806134378926941,0.02896584468444415,11.106753235281127,0.033853213927815866,4.391334024384224,9.797225860448725,1.3266703318116022,0.0,0.0,0.0,0.1996730430714502,0.7853689989884092,0.02237447212817027,-50.339904937945605,0.3199763068265956,-0.14047248941900733,0.6986644748765621,1.1816143396544903,0.7332984429157621,-0.054547575987398636,-0.12653584712068744,-0.13396653513199352,1.9933026688889974,2.380377519765834,1.797260315615915,Medical Care Facilities,Healthcare,MD
2008Q4,2008,Q4,2009-02-27,2008-12-31,38985000.0,297815000.0,65382000.0,0.43046906055386247,102846000.0,0.3453351913100415,1496874000.0,965138000.0,284901000.0,317125000.0,531736000.0,0.0,409389000.0,1435439400.0,1561207400.0,10.656971865200301,0.8983870713441072,0.09360440491317239,0.14517509413161642,0.03593758221323605,10.656971865200301,0.04039318729549557,4.819902959891207,9.205075028857252,1.487289278838881,0.0,0.0,0.0,0.19895796172556943,0.6227985810011825,0.02604427627175033,21.898723092648247,0.3453351913100415,0.06288656926879616,0.7293467327744756,1.1722677520687892,0.7929871354573184,0.0686297939547594,0.04249117552679431,0.05122515917422342,4.1285221308783795,2.498992264848118,1.912635441191272,Medical Care Facilities,Healthcare,MD
2008Q3,2008,Q3,2008-11-07,2008-09-30,37396000.0,267185000.0,62196000.0,0.405,96241000.0,0.36020360424425024,1435025000.0,919133000.0,251559000.0,266041000.0,515892000.0,0.0,370404000.0,2437561349.586,2597050349.586,10.16582608888004,0.9455647813682854,0.11959721956063483,0.18672488094758866,0.034640308640070755,10.16582608888004,0.04068616837824341,9.123121992574433,16.295602133824474,2.6520224489665805,0.0,0.0,0.0,0.18618839393041933,0.7076277716592555,0.026059476315743627,31.10443617321066,0.36020360424425024,0.03846153846153849,0.6415357633805429,0.8919126903212949,0.7652016895119654,-0.002466858072741218,-0.04917365878464277,-0.005245985541552044,0.3820659804294652,0.5555911002795177,0.365990399298107,Medical Care Facilities,Healthcare,MD
2008Q2,2008,Q2,2008-08-05,2008-06-30,39330000.0,257704000.0,62524000.0,0.39,96479000.0,0.3743791326483097,1226757000.0,874553000.0,246004000.0,221379000.0,352204000.0,0.0,332977000.0,2288259630.0,2332104630.0,9.40763968072976,1.111234579612339,0.04734270927331167,0.06640878254376807,0.04072744021793833,9.40763968072976,0.04497154546379693,8.8794106028622,14.545255720823798,2.6164905157263196,0.0,0.0,0.0,0.21006931283049537,0.8394066284516598,0.032060139049542816,42.34224547574109,0.3743791326483097,-0.31578947368421045,1.0131486128498695,0.9618418250485844,0.6959324839688191,0.1417768257612516,-0.2952370712826578,0.20407495137404433,0.4420801454044581,0.4751920656476893,0.3354888560938186,Medical Care Facilities,Healthcare,MD
2008Q1,2008,Q1,2008-05-08,2008-03-31,55806000.0,245573000.0,51927000.0,0.57,84499000.0,0.3440891303197013,1207177000.0,927918000.0,266591000.0,211669000.0,279259000.0,0.0,374749000.0,3206352895.144,3167494895.144,9.752774741444547,1.2594711554360818,0.0005218787302939006,0.0006789393028263273,0.03399382271361831,9.752774741444547,0.06014109005321591,13.056618175222846,14.363835856108661,3.4554269829273707,0.0,0.0,0.0,0.20342750068962545,0.9686680619268764,0.0462285149567959,-99.43104459776103,0.3440891303197013,0.3141754913126711,2.3726107718327114,0.9990790264965622,0.8462232381264905,1.281679295160059,0.35231540940703227,-0.1486818807790675,1.960273461741119,0.4270947551191238,0.47259941228822916,Medical Care Facilities,Healthcare,MD
2007Q4,2007,Q4,2008-02-28,2007-12-31,41267000.0,239502000.0,60996000.0,0.433732027242916,-299983000.0,-1.25252816260407,1302802000.0,959052000.0,364126000.0,264887000.0,343750000.0,0.0,401732000.0,3242031895.144,3140112895.144,10.080005044984444,1.374646547395682,0.0007092405446107698,0.0009634514082656623,0.039555764827998594,10.080005044984444,0.04302894942088646,13.536554580521248,19.64058385116437,3.380454756513724,0.0,0.0,0.0,0.1838360702547279,1.0056703424479116,0.03167557311087947,37.80001743242235,-1.25252816260407,0.09805576517193915,1.232827896499267,1.059434942894891,0.7979262937400494,-2.3187167279904695,0.043202386369381666,-0.03398688669981945,0.5266829083795639,0.4191072947557731,0.6021218775912133,Medical Care Facilities,Healthcare,MD
2007Q3,2007,Q3,2007-11-07,2007-09-30,39558000.0,236876000.0,63142000.0,0.395,227481000.0,0.9603378983096641,1237951000.0,941977000.0,280350000.0,216078000.0,295974000.0,0.0,387289000.0,3186616897.824,3137008897.824,9.629303647366699,1.2974481437258767,0.0007261999869138601,0.0009543757437814299,0.04068275583485644,9.629303647366699,0.04199465592047364,13.452679451797565,20.138890349764903,3.3829030834340967,0.0,0.0,0.0,0.19134521479444663,1.029281092938661,0.031954414997039465,51.980570563486886,0.9603378983096641,0.09722222222222231,1.1468514664058378,1.0301902463181432,0.8900609421456713,1.5123807209754374,0.089301941346551,0.08418757190199007,0.49905428852723366,0.4707973911317423,0.46975078064668974,Medical Care Facilities,Healthcare,MD
2007Q2,2007,Q2,2007-08-07,2007-06-30,36315000.0,226810000.0,58239000.0,0.36,90544000.0,0.39920638419822757,1188971000.0,938382000.0,331865000.0,174535000.0,250589000.0,0.0,403144000.0,2676815647.074,2540736647.074,9.666666666666666,1.9014237831953475,0.0004432404154516805,0.0005616049753725029,0.03768209802612368,9.666666666666666,0.03869959142438793,11.80201775527534,18.427754695539033,2.8525863103448277,0.0,0.0,0.0,0.19076159132560844,1.6270490159566848,0.030543217622633352,41.06427219148283,0.39920638419822757,0.41176470588235287,1.3254059201601747,1.1202540539750043,0.8411634362036986,0.21354760021980673,0.419552810569932,0.5117981465617942,0.4513770446547126,0.5030801968686149,0.49954578680288836,Medical Care Facilities,Healthcare,MD
2007Q1,2007,Q1,2007-08-07,2007-03-31,25582000.0,214456000.0,38523000.0,0.255,74611000.0,0.34790819562054687,1118368000.0,894848000.0,266907000.0,141929000.0,223520000.0,0.0,366829000.0,2759764056.732,2688707056.732,9.250796013728653,1.880567044085423,0.0005141420355374975,0.0006425672292948076,0.02740108537241081,9.250796013728653,0.028588095408382207,12.868672626235684,26.96978399589555,3.0840590320724854,0.0,0.0,0.0,0.19175799021431228,1.5260447124970937,0.022874402701078714,-85.58734863488912,0.34790819562054687,-0.23903563165201297,0.9802120903896844,1.0852088314691057,0.8527739157958507,-0.09101873736020077,-0.21079747030695667,-0.2416433717862908,0.19477163351158816,0.44142598259043625,0.44366134608926155,Medical Care Facilities,Healthcare,MD
