Year,Date,FillingDate,NetIncome,Revenue,OperatingIncome,EPSDiluted,GrossProfit,GrossProfitRatio,TotalAssets,CommonStockEquity,CurrentAssets,CurrentLiability,TotalLiability,Inventory,RetainedEarnings,EnterpriseValue,bookValuePerShare,currentRatio,debtToAssets,debtToEquity,roic,shareholdersEquityPerShare,roe,priceToSalesRatio,peRatio,pbRatio,payoutRatio,inventoryTurnover,dividendYield,assetTurnover,quickRatio,returnOnAssets,priceToFreeCashFlowsRatio,grossProfitMargin,epsdilutedGrowth,fiveYNetIncomeGrowthPerShare,fiveYRevenueGrowthPerShare,fiveYShareholdersEquityGrowthPerShare,grossProfitGrowth,netIncomeGrowth,operatingIncomeGrowth,threeYNetIncomeGrowthPerShare,threeYRevenueGrowthPerShare,threeYShareholdersEquityGrowthPerShare,Industry,Sector,Price,MarketCap,AvgVolume,Symbol
2022,2022-12-31,2023-03-01,66393000.0,1326961000.0,89715000.0,2.42,328691000.0,0.2477020802,830718000.0,237012000.0,476849000.0,399625000.0,593706000.0,378881000.0,163203000.0,526662545.88,20.255181859249507,1.1932411635908664,0.5400581183987827,1.8928830607732943,0.08976344117842391,20.255181859249507,0.2801250569591413,0.1052883587987891,2.104341510098956,0.5894787853779556,0.07231184010362539,2.6347850644397584,0.03436316764963922,1.5973663746301392,0.21705348764466686,0.07992242854976057,-1.2491823064268088,0.2477020801666364,-0.6170886075949368,0.21899278422582533,-0.6710279291059759,-0.2893002463383155,0.01204199765995443,-0.19053656990282977,-0.27703998581720307,65.98055432728123,0.4821165512997532,0.25235039326359543,Auto & Truck Dealerships,Consumer Cyclical,11.75,162655250,94409,LAZY
2021,2021-12-31,2022-03-11,82021000.0,1235048000.0,124094000.0,6.32,324780000.0,0.2629695364,698128000.0,261109000.0,375635000.0,266350000.0,437019000.0,242906000.0,96810000.0,529476241.7,20.105250554299822,1.4103059883611788,0.4982667934819976,1.3322175796314948,0.12383827754424204,20.105250554299822,0.3141255184616386,0.22650313323854618,3.410617301666646,1.0713619281602702,0.058533790126918714,3.7474084625328317,0.017162227523538146,1.7690853253271606,0.4881772104373944,0.11748705108518781,-15.126925955767046,0.2629695364066822,1.065359477124183,0.35683093995818665,-0.7241286863138152,-0.2945609318376786,0.8145958811500598,1.8166552197802197,1.6104169296142035,189.39102969369546,0.32463188704950635,0.2958983013231898,Auto & Truck Dealerships,Consumer Cyclical,11.75,162655250,94409,LAZY
2020,2020-12-31,2021-03-19,29120000.0,817110000.0,47538000.0,3.06,178982000.0,0.2190427237,443998000.0,155595000.0,203881000.0,174177000.0,288403000.0,116267000.0,21039000.0,324423557.5,16.353044570204847,1.1705391641835603,0.5255001148653823,1.4995404736656062,0.07240318109862162,16.353044570204847,0.1871525434621935,0.18922122786405748,5.3095658482142865,0.9936987531733024,0.37716346153846153,5.488470503238236,0.07103470835855803,1.8403461276852597,0.48728592179219987,0.06558588101748206,1.672847007335598,0.21904272374588488,35.12750885478158,27.217196037098297,0.0,-0.29990447696090294,0.3540880170072402,39.78431372549019,2.919689973614776,-0.3424823968814358,-0.7508742798996392,-0.4262157294650055,Auto & Truck Dealerships,Consumer Cyclical,11.75,162655250,94409,LAZY
2019,2019-12-31,2020-03-20,714000.0,644912000.0,12128000.0,0.0847,132179000.0,0.2049566452,406636000.0,136323000.0,211672000.0,174733000.0,270313000.0,160864000.0,-3442000.0,233107530.6,16.17373377946166,1.2114025398751238,0.5656360971483095,1.6872281273152734,0.011098622020352908,16.17373377946166,0.005237560793116348,0.053584877626714954,48.39990280112044,0.2534974333017906,1.6946778711484594,3.187369454943306,0.035014075918954696,1.5859687779734208,0.27361173905329844,0.0017558701147955419,1.5674482061051387,0.20495664524772372,3.5283582089552237,0.0,0.0,867.3044729308394,0.003896222259353212,3.5140845070422535,-0.05027407987470634,-0.9818007958209846,-0.7780390006403142,-0.43250726195755984,Auto & Truck Dealerships,Consumer Cyclical,11.75,162655250,94409,LAZY
2018,2018-12-31,2019-03-22,-284000.0,608194000.0,12770000.0,-0.0335,131666000.0,0.2164868447,402096000.0,131433000.0,216744000.0,172400000.0,270663000.0,167378000.0,-4156000.0,247280683.2,15.514528056538971,1.257215777262181,0.5673694839043413,1.7357665122153492,-0.003131608994706921,15.514528056538971,-0.0021607967557614907,0.07521725502060199,-161.07987042253524,0.3480608614274954,-9.278169014084508,2.8470169317353533,0.05759980430668687,1.512559189845211,0.2679814385150812,-0.0007062989932752377,-8.560382335329342,0.21648684465811896,-1.007204301075269,0.0,0.0,831.9958129679362,0.03562298937366778,-1.0342086244278488,-0.42062519849371627,0.7128264905195182,0.0,-0.3358024808274991,Auto & Truck Dealerships,Consumer Cyclical,11.75,162655250,94409,LAZY
2017,2017-12-31,2017-12-31,8302000.0,614838000.0,22041000.0,4.65,127137000.0,0.2067812985,246545000.0,50833000.0,149435000.0,134825000.0,195712000.0,114170000.0,1085000.0,120558882.3,28.500336119282817,1.1083626923790098,0.4333732178709769,2.101902307556115,0.08668758479554045,28.500336119282817,0.16331910373182776,0.03220016053009085,2.3847123946037097,0.38946909094485865,1.8067935437244038,4.271708855215906,0.7576567924136008,2.493816544647022,0.24626738364546635,0.033673365916972564,0.9220325214232489,0.2067812984883823,39.75000000000001,0.0,0.0,1527.5472399156101,0.0,41.56285728245469,43.91873072249743,0.0,0.0,1527.5472399156101,Auto & Truck Dealerships,Consumer Cyclical,11.75,162655250,94409,LAZY
2016,2016-11-30,2016-11-30,-204670.0,0.0,-513552.0,-0.12,0.0,0.0,40974268.0,40953158.0,322842.0,21110.0,21110.0,0.0,-416944.0,19397385.9,23.358304734212116,15.293320701089531,0.0,0.0,-0.00714697905329131,23.358304734212116,-0.004997660986241891,0.0,-95.0856251526848,0.47520571917799354,0.0,0.0,0.0,0.0,3.021743249644718,-0.004995086184334032,-24.249446321122534,0.0,0.0,0.0,0.0,1252.1275471236977,0.0,0.0,0.0,0.0,0.0,1252.1275471236977,Auto & Truck Dealerships,Consumer Cyclical,11.75,162655250,94409,LAZY
2015,2015-11-30,2015-11-30,0.0,0.0,0.0,0.0,0.0,0.0,479873.0,-32733.0,25724.0,512606.0,512606.0,0.0,-57833.0,19461074.9,-0.018669802921302558,0.050182791461668416,0.0,0.0,,-0.018669802921302558,0.0,0.0,0.0,-594.5429658143158,0.0,0.0,,0.0,0.048321712972536415,0.0,0.0,0.0,0.0,0.0,0.0,0.0,0.0,0.0,0.0,0.0,0.0,0.0,Auto & Truck Dealerships,Consumer Cyclical,11.75,162655250,94409,LAZY
TTM,,,,,,,,,,,,,,,,494192250.0,22.362353707375465,1.2663554227491924,0.42428949337293215,1.389727713539724,0.06750167152709337,22.362353707375465,0.1405143613751711,0.1304941770908881,3.7234573850870927,0.5254366402461768,0.12621256574947798,2.2738729195296994,0.0,1.4194258097503705,0.1749902998725126,0.043083058415448086,-1.2582793111984403,0.2353825566245419,,,,,,,,,,,Auto & Truck Dealerships,Consumer Cyclical,11.75,162655250,94409,LAZY
