Quarters,Year,Quarter,FillingDate,Date,NetIncome,Revenue,OperatingIncome,EPSDiluted,GrossProfit,GrossProfitRatio,TotalAssets,CommonStockEquity,CurrentAssets,CurrentLiability,TotalLiability,Inventory,RetainedEarnings,MarketCap,EnterpriseValue,bookValuePerShare,currentRatio,debtToAssets,debtToEquity,roic,shareholdersEquityPerShare,roe,priceToSalesRatio,peRatio,pbRatio,payoutRatio,inventoryTurnover,dividendYield,assetTurnover,quickRatio,returnOnAssets,priceToFreeCashFlowsRatio,grossProfitMargin,epsdilutedGrowth,fiveYNetIncomeGrowthPerShare,fiveYRevenueGrowthPerShare,fiveYShareholdersEquityGrowthPerShare,grossProfitGrowth,netIncomeGrowth,operatingIncomeGrowth,threeYNetIncomeGrowthPerShare,threeYRevenueGrowthPerShare,threeYShareholdersEquityGrowthPerShare,Industry,Sector,Symbol
2023Q1,2023,Q1,2023-05-12,2023-03-31,88836.0,0.0,-1027334.0,0.0623,-1027334.0,0.0,41796073.0,34709268.0,560055.0,1525805.0,7086805.0,0.0,-6379156.0,46244230.52,45835567.52,7.5506767472103675,0.3670554232028339,0.0,0.0,-0.015880747125526364,7.5506767472103675,0.0025594316768650957,0.0,130.13933123958756,1.3323309071225589,0.0,0.0,0.0,0.0,0.2678343562906138,0.0021254628395351877,-4.239014017074587,0.0,2.4693396226415096,-0.9108514670525771,0.0,-0.18276301052803826,0.40187646098177976,1.1347872726196853,-0.10165967316974306,-0.9108514670525771,0.0,-0.18276301052803826,Shell Companies,Financial Services,BLNGU
2022Q4,2022,Q4,2023-03-31,2022-12-31,-659083.0,0.0,-932533.0,-0.0424,-1717595.0,0.0,52318630.0,34620432.0,960831.0,11359698.0,17698198.0,0.0,-6179321.0,159543000.0,158762328.0,2.2263943408360127,0.08458244224450333,0.0,0.0,-0.0408733288669884,2.2263943408360127,-0.019037399648854758,0.0,-60.51703654926618,4.608348041410922,0.0,0.0,0.0,0.0,0.06872295372641068,-0.012597482005931731,15.935087065525096,0.0,-1.9860465116279071,-5.4576727871293915,0.0,5.392495954564244,-5.04297575906836,-1.9821667535951122,-2.2809098265489216,-5.4576727871293915,0.0,5.392495954564244,Shell Companies,Financial Services,BLNGU
2022Q3,2022,Q3,2022-11-09,2022-09-30,671050.0,0.0,-284230.0,0.043,-284230.0,0.0,151721258.0,145764337.0,1135985.0,240421.0,5956921.0,0.0,-4677294.0,153509600.0,152603828.0,9.37391234726688,4.724982426659901,0.0,0.0,-0.0016756255699142877,9.37391234726688,0.004603663789174988,0.0,57.19007525519708,1.0531355142101735,0.0,0.0,0.0,0.0,3.767441280087846,0.004422913498383991,-428.1209038224483,0.0,-0.4109589041095891,-0.7257223061479404,0.0,20.121672451141553,-0.1373066842726527,-0.5282836498143151,-0.1373066842726527,-0.7257223061479404,0.0,20.121672451141553,Shell Companies,Financial Services,BLNGU
2022Q2,2022,Q2,2022-08-11,2022-06-30,1422571.0,0.0,-249915.0,0.073,-249915.0,0.0,151447759.0,145093287.0,1225585.0,249222.0,6354472.0,0.0,-4907157.0,153012000.0,152060945.0,9.330758006430868,4.917643707216859,0.0,0.0,-0.0017136247207743048,9.330758006430868,0.009804526656012693,0.0,26.890046261311383,1.054576701401768,0.0,0.0,0.0,0.0,3.816095689786616,0.009393146583304675,-1144.1689348846949,0.0,-0.6681818181818183,0.0,0.0,0.0,0.0,-0.5779845607906261,0.003993352383457478,0.0,0.0,0.0,Shell Companies,Financial Services,BLNGU
2022Q1,2022,Q1,2022-05-13,2022-03-31,3370898.0,0.0,-250917.0,0.22,0.0,0.0,151455612.0,143670716.0,1435995.0,202396.0,7784896.0,0.0,-6329728.0,153789500.0,152704713.0,9.239274340836014,7.094977173461926,0.0,0.0,-0.0037922169669251534,9.239274340836014,0.023462665836509092,0.0,11.405677359564129,1.0704303861059619,0.0,0.0,0.0,0.0,5.359725488646021,0.022256672799948807,-491.75345418034965,0.0,34.333333333333336,0.0,0.0,0.0,0.0,34.027943798867355,0.39885721130809776,0.0,0.0,0.0,Shell Companies,Financial Services,BLNGU
2021Q4,2021,Q4,2022-03-30,2021-12-31,-102062.0,0.0,-417400.0,-0.0066,0.0,0.0,151782919.0,-7881722.0,1778407.0,293891.0,9664641.0,0.0,-7882166.0,155033500.0,153635976.0,-0.5068631511254019,6.051246890854092,0.0,0.0,0.020809977900530078,-0.5068631511254019,0.012949200694975032,0.0,-379.75323822774396,-19.670003585510884,0.0,0.0,0.0,0.0,4.755245992561868,-0.0006724208538906806,-1381.3416611721939,0.0,-1.04125,0.0,0.0,0.0,0.0,-1.0417157141642632,-1.3399353070113968,0.0,0.0,0.0,Shell Companies,Financial Services,BLNGU
2021Q3,2021,Q3,2021-11-15,2021-09-30,2446608.0,0.0,-178381.0,0.16,0.0,0.0,151965136.0,-7622991.0,1963793.0,61877.0,9588127.0,0.0,-7623435.0,154722500.0,153212742.0,-0.490224501607717,31.73704284305962,0.0,0.0,0.02340039493684303,-0.490224501607717,-0.3209511856960083,0.0,15.809898847710787,-20.296823123626933,0.0,0.0,0.0,0.0,24.39934062737366,0.016099798048415527,-270.7120598944254,0.0,0.0,0.0,0.0,0.0,0.0,0.0,0.0,0.0,0.0,0.0,Shell Companies,Financial Services,BLNGU
