Year,Date,FillingDate,NetIncome,Revenue,OperatingIncome,EPSDiluted,GrossProfit,GrossProfitRatio,TotalAssets,CommonStockEquity,CurrentAssets,CurrentLiability,TotalLiability,Inventory,RetainedEarnings,EnterpriseValue,bookValuePerShare,currentRatio,debtToAssets,debtToEquity,roic,shareholdersEquityPerShare,roe,priceToSalesRatio,peRatio,pbRatio,payoutRatio,inventoryTurnover,dividendYield,assetTurnover,quickRatio,returnOnAssets,priceToFreeCashFlowsRatio,grossProfitMargin,epsdilutedGrowth,fiveYNetIncomeGrowthPerShare,fiveYRevenueGrowthPerShare,fiveYShareholdersEquityGrowthPerShare,grossProfitGrowth,netIncomeGrowth,operatingIncomeGrowth,threeYNetIncomeGrowthPerShare,threeYRevenueGrowthPerShare,threeYShareholdersEquityGrowthPerShare,Industry,Sector,Price,MarketCap,AvgVolume,Symbol
2022,2022-12-31,2023-03-28,-26865000.0,14000.0,-26961000.0,-25.98,-147000.0,-10.5,16836000.0,9260000.0,16836000.0,7576000.0,7576000.0,52408.0,-205137000.0,-9644573.0,8.955512572533848,2.2222808870116157,0.0073750890947968635,0.013408963282937366,-2.8358291848510007,8.955512572533848,-2.9011879049676024,435.0185714285714,-0.22669867857807557,0.657695464362851,-0.03376739251814629,3.072050068691803,0.1489527540696128,0.000831551437396056,2.103298046462513,-1.595687811831789,-0.2696595085233562,-10.5,0.9037456930087807,0.9858384423003744,-0.9999776653409297,1.0113875545948583,0.9044213263979194,0.014526246285902938,0.07876033622633773,0.9952029993511343,-0.9999802218393217,-0.9971590898880011,Medical Devices,Healthcare,0.6846,3674707,238090,RMED
2021,2021-12-31,2022-03-24,-27261000.0,22000.0,-29266000.0,-269.91,-1538000.0,-69.9090909091,21044000.0,13673000.0,17089000.0,5390000.0,7371000.0,986000.0,-178272000.0,-4903000.0,135.37623762376236,3.170500927643785,0.1075841094848888,0.16558180355445037,-1.6081695963599874,135.37623762376236,-1.9937833686828055,358.09090909090907,-0.28898426323319026,0.5761720178453887,0.0,1.5821501014198782,0.0,0.001045428625736552,2.7951762523191093,-1.295428625736552,-0.2824668339906777,-69.9090909090909,0.7455527588449898,0.3780230465454922,-0.9996470601879465,4.449600286607608,-0.42804085422469823,0.24369538077403247,0.1883857012119027,0.9353586527049176,-0.9997429445357833,-0.9850143446726053,Medical Devices,Healthcare,0.6846,3674707,238090,RMED
2020,2020-12-31,2021-03-17,-36045000.0,4405000.0,-36059000.0,-1060.77,-1077000.0,-0.2444948922,33438000.0,21147000.0,27620000.0,7762000.0,12291000.0,2218000.0,-153202000.0,-6397430.0,622.336668628605,3.5583612471012627,0.14609127340151923,0.23100203338535016,-1.2587604383298792,622.336668628605,-1.704497091786069,2.8657366628830876,-0.3502169510334304,0.5969437745306663,0.0,2.4715960324616773,0.0,0.13173634786769545,3.1105385209997425,-1.0779651893055804,-0.4449462479292235,-0.24449489216799092,0.8041493883187907,-1.4444183716434258,-0.7899503891571781,16.85812095350206,0.34766807995154453,0.36715416893445935,0.37538541486229,0.42181559258960455,-0.786157329745025,1.7913441841537467,Medical Devices,Healthcare,0.6846,3674707,238090,RMED
2019,2019-12-31,2020-03-11,-56957000.0,7199000.0,-57730000.0,-5416.22,-1651000.0,-0.229337408,44081000.0,33150000.0,36000000.0,6814000.0,10931000.0,2777000.0,-117157000.0,3765850.0,3152.3392925066564,5.283240387437629,0.0793085456319049,0.10546003016591252,-1.4588017274566099,3152.3392925066564,-1.71815987933635,2.063321294624253,-0.26079059641483926,0.448079939668175,0.0,3.1868923298523586,0.0,0.1633129919920147,4.602729674200176,-1.2920986366008032,-0.4441807960288269,-0.22933740797332963,-0.29713831344058117,-11.481029587243953,0.1092282945653541,81.32658255089989,-1.8049731838127743,-0.8473339387649196,-0.8526957637997432,-11.481029587243953,0.1092282945653541,81.32658255089989,Medical Devices,Healthcare,0.6846,3674707,238090,RMED
2018,2018-12-31,2019-03-15,-30832000.0,6257000.0,-31160000.0,-4175.514626218852,2051000.0,0.32779287198337864,74035000.0,66705000.0,69233000.0,5950000.0,7330000.0,2097000.0,-60221000.0,9913500.0,9033.72156013001,11.635798319327732,0.011481056257175661,0.012742672963046249,-0.4614034440371518,9033.72156013001,-0.46221422681957874,11.727425283682276,-2.3799461598339384,1.1000449741398697,0.0,2.005722460658083,0.0,0.0845140811778213,11.03109243697479,-0.4164516782602823,-3.8438187532739656,0.32779287198337864,-1.2760021576992755,-8.621967664368668,0.37301034673181716,231.1934891229971,0.2029325513196481,-0.7355474247115114,-0.7545045045045045,-8.621967664368668,0.37301034673181716,231.1934891229971,Medical Devices,Healthcare,0.6846,3674707,238090,RMED
2017,2017-12-31,2017-12-31,-17765000.0,5870000.0,-17760000.0,-1834.582894437904,1705000.0,0.29045996592844975,11269000.0,-7615000.0,10042000.0,2633000.0,18884000.0,1196000.0,-29389000.0,233901000.0,-786.4298254673139,3.813900493733384,0.005590558168426657,-0.008273145108338806,2.3518273006919346,-786.4298254673139,2.3328956007879187,41.23935264054514,-13.62651280607937,-31.789231779382796,0.0,3.4824414715719065,0.0,0.5208980388676901,3.3247246486897075,-1.5764486644777709,-39.88056013179572,0.29045996592844975,-3.2277486910994764,-3.2277486910994764,-0.017737617135207457,-19.039473684210527,-0.3992248062015504,-3.2277486910994764,-3.2305859933301573,-3.2277486910994764,-0.017737617135207457,-19.039473684210527,Medical Devices,Healthcare,0.6846,3674707,238090,RMED
2016,2016-12-31,2016-12-31,-4202000.0,5976000.0,-4198000.0,-433.93849267819155,2838000.0,0.4748995983935743,5842000.0,-380000.0,5308000.0,2710000.0,6222000.0,870000.0,-11624000.0,238261000.0,-39.244035939275015,1.958671586715867,0.01831564532694283,-0.28157894736842104,15.380949765144004,-39.244035939275015,11.057894736842105,40.50786479250335,-57.60947168015231,-637.0394736842105,0.0,3.606896551724138,0.0,1.0229373502225265,1.5918819188191882,-0.719274221157138,-115.49379770992367,0.4748995983935743,0.0,0.0,0.0,0.0,0.0,0.0,0.0,0.0,0.0,0.0,Medical Devices,Healthcare,0.6846,3674707,238090,RMED
TTM,,,,,,,,,,,,,,,,-8404293.0,13.15377330601568,2.864585672580283,0.002865447648889897,0.0038758609151493184,0.730202883132931,13.15377330601568,-5.67109634551495,35.333721153846156,-0.01952592469244288,0.05204590227253715,0.0,3.3857142857142857,0.0,0.0021439320538456782,2.761733662699304,-1.9706033931847697,-0.14076101279399372,-1.2788461538461537,,,,,,,,,,,Medical Devices,Healthcare,0.6846,3674707,238090,RMED
