Quarters,Year,Quarter,FillingDate,Date,NetIncome,Revenue,OperatingIncome,EPSDiluted,GrossProfit,GrossProfitRatio,TotalAssets,CommonStockEquity,CurrentAssets,CurrentLiability,TotalLiability,Inventory,RetainedEarnings,MarketCap,EnterpriseValue,bookValuePerShare,currentRatio,debtToAssets,debtToEquity,roic,shareholdersEquityPerShare,roe,priceToSalesRatio,peRatio,pbRatio,payoutRatio,inventoryTurnover,dividendYield,assetTurnover,quickRatio,returnOnAssets,priceToFreeCashFlowsRatio,grossProfitMargin,epsdilutedGrowth,fiveYNetIncomeGrowthPerShare,fiveYRevenueGrowthPerShare,fiveYShareholdersEquityGrowthPerShare,grossProfitGrowth,netIncomeGrowth,operatingIncomeGrowth,threeYNetIncomeGrowthPerShare,threeYRevenueGrowthPerShare,threeYShareholdersEquityGrowthPerShare,Industry,Sector,Symbol
2023Q1,2023,Q1,2023-06-23,2023-03-31,-32101.0,0.0,-585321.0,-0.006,-585321.0,0.0,21650555.0,-9328384.0,73513.0,5376897.0,9401897.0,0.0,-9328718.0,692130.4,680567.4,-1.7521119141710868,0.013672011942947763,0.0,0.0,0.006524603843154608,-1.7521119141710868,0.0034412176857213424,0.0,-5.390255755272421,-0.07419617374241884,0.0,0.0,0.0,0.0,0.002150496838604124,-0.0014826871643706132,-1.304036475996684,0.0,0.9571428571428571,0.0,0.0,-1341.2752992937592,0.3205563507071045,0.973805964546947,-4.191464651421468,0.0,0.0,-1341.2752992937592,,,MBTCR
2022Q4,2022,Q4,2023-05-26,2022-12-31,-1225508.0,0.0,183402.0,-0.14,-861471.0,0.0,21219455.0,-8543013.0,119073.0,4637086.0,8662086.0,0.0,-8543347.0,623971.2459,576598.2459,-0.9597641161111716,0.025678410967577482,0.0,0.0,-0.05049254369995667,-0.9597641161111716,0.14345149656216138,0.0,-0.1272882849193967,-0.073038779866073,0.0,0.0,0.0,0.0,0.010216114171701797,-0.05775398095756936,-0.9656172511447889,0.0,-52.851851851851855,-3.4389519581161605,0.0,-3752595.044686267,0.16307842068601705,-31.81566043903543,1.1781755758340595,-3.4389519581161605,0.0,-3752595.044686267,,,MBTCR
2022Q3,2022,Q3,2022-11-21,2022-09-30,39769.0,0.0,-1029333.0,0.0027,-1029333.0,0.0,119243422.0,-7487161.0,81360.0,3543521.0,7568521.0,0.0,-7487495.0,655928.0,603893.0,-0.5045256738544475,0.02296021386637754,0.0,0.0,-0.011050183835088701,-0.5045256738544475,-0.005311626129049449,0.0,4.12336241796374,-0.08760703823518688,0.0,0.0,0.0,0.0,0.014684546810926194,0.00033351105941927764,-1.9802377149895694,0.0,-0.7499999999999999,1.1631461706657695,0.0,-2109102.995154827,-5.567555668984879,-0.7509518799629268,-5.567555668984879,1.1631461706657695,0.0,-2109102.995154827,,,MBTCR
2022Q2,2022,Q2,2022-08-22,2022-06-30,159684.0,0.0,-156730.0,0.0108,-156730.0,0.0,117618819.0,112169683.0,141308.0,1424136.0,5449136.0,0.0,-5308162.0,264152.0,256309.0,7.5586039757412395,0.09922366964952785,0.0,0.0,-0.15106280641806522,7.5586039757412395,0.0014235932181425528,0.0,0.41355426968262315,0.002354932214616315,0.0,0.0,0.0,0.0,0.005507198750681115,0.0013576398858417375,178.8436018957346,0.0,1.878048780487805,0.0,0.0,22433895.2189868,0.0,1.8763012758951845,0.23776499253473657,0.0,0.0,22433895.2189868,,,MBTCR
2022Q1,2022,Q1,2022-05-16,2022-03-31,-182225.0,0.0,-205619.0,-0.0123,0.0,0.0,116460876.0,-4001098.0,291572.0,267670.0,4292670.0,0.0,-4001432.0,3125304.0,3022011.0,-0.26961576819407007,1.0892965218365898,0.0,0.0,0.04829085905461138,-0.26961576819407007,0.045543748241107816,0.0,-4.287699272876938,-0.7811115848699532,0.0,0.0,0.0,0.0,0.3858968132401838,-0.0015646885568678017,-11.113693583488613,0.0,0.603225806451613,0.0,0.0,-207.2421649484536,0.0,0.6041005385840389,0.5648339601318075,0.0,0.0,-207.2421649484536,,,MBTCR
2021Q4,2021,Q4,2022-03-31,2021-12-31,-460281.0,0.0,-472507.0,-0.031,0.0,0.0,0.49170500000000006,-3.795479,0.491705,0.26218400000000003,4.287184,0.0,-3.795813,5946388.0,5946387.615495,-2.557600404312668e-07,1.87541955268056,0.0,0.0,122860.34970865375,-2.557600404312668e-07,121270.85935661876,0.0,-3.22975964682444,-1566702.9115429174,0.0,0.0,0.0,0.0,1.4665463948982391,-936091.7623371736,19.977047715354043,0.0,-0.5499999999999999,0.0,0.0,0.0,0.0,-0.8882316020068673,-0.9265790578862173,0.0,0.0,0.0,,,MBTCR
2021Q3,2021,Q3,2021-11-18,2021-09-30,-243763.0,0.0,-245257.0,-0.02,0.0,0.0,116.78058000000001,-3.549925,0.6254270000000001,0.150352,4.175352,0.0,-3.550259,6232800.0,6232799.55084,-2.3921327493261456e-07,4.159751782483771,0.0,0.0,69087.93847757347,-2.3921327493261456e-07,68667.08451587005,0.0,-6.392274463310674,-1755755.4032831679,0.0,0.0,0.0,0.0,2.9873895924231135,-2087.359045485131,-12.512521957340025,0.0,-1.0058823529411764,0.0,0.0,0.0,0.0,0.0,0.0,0.0,0.0,0.0,,,MBTCR
2021Q2,2021,Q2,2021-08-16,2021-06-30,0.0,0.0,0.0,3.4,0.0,0.0,116.978707,5.000009,0.825048,0.10471599999999999,4.129716,0.0,0.0,5639200.0,5639199.415031,3.369278301886793e-07,7.878910577180183,0.0,0.0,,3.369278301886793e-07,0.0,0.0,0.0,1127837.969891654,0.0,0.0,0.0,0.0,1114.8117575155661,0.0,-15.56431402422195,0.0,0.0,0.0,0.0,0.0,0.0,0.0,0.0,0.0,0.0,0.0,,,MBTCR
2021Q1,2021,Q1,2021-06-23,2021-03-31,0.0,0.0,0.0,0.0,0.0,0.0,466447.0,19400.0,0.0,447047.0,447047.0,0.0,0.0,7271600.0,7271600.0,0.001307277628032345,0.0,0.0,0.0,,0.001307277628032345,0.0,0.0,0.0,374.82474226804123,0.0,0.0,,0.0,0.0,0.0,0.0,0.0,0.0,0.0,0.0,0.0,0.0,0.0,0.0,0.0,0.0,0.0,,,MBTCR
