Year,Date,FillingDate,NetIncome,Revenue,OperatingIncome,EPSDiluted,GrossProfit,GrossProfitRatio,TotalAssets,CommonStockEquity,CurrentAssets,CurrentLiability,TotalLiability,Inventory,RetainedEarnings,EnterpriseValue,bookValuePerShare,currentRatio,debtToAssets,debtToEquity,roic,shareholdersEquityPerShare,roe,priceToSalesRatio,peRatio,pbRatio,payoutRatio,inventoryTurnover,dividendYield,assetTurnover,quickRatio,returnOnAssets,priceToFreeCashFlowsRatio,grossProfitMargin,epsdilutedGrowth,fiveYNetIncomeGrowthPerShare,fiveYRevenueGrowthPerShare,fiveYShareholdersEquityGrowthPerShare,grossProfitGrowth,netIncomeGrowth,operatingIncomeGrowth,threeYNetIncomeGrowthPerShare,threeYRevenueGrowthPerShare,threeYShareholdersEquityGrowthPerShare,Industry,Sector,Price,MarketCap,AvgVolume,Symbol
2022,2022-12-31,2023-03-13,-51408292.0,1502748.0,-55548161.0,-0.73,1502748.0,1.0,155265814.0,132272564.0,131380691.0,6991525.0,22993250.0,0.0,-225526542.0,18524423.340000004,1.8782094988415945,18.791421184934617,0.10649910997149702,0.12501210001493582,-0.3188332578823693,1.8782094988415945,-0.38865423369278607,87.16708545943831,-2.548035700933227,0.9903048627680643,0.0,0.0,0.0,0.009678550360094077,30.4847620511977,-0.33109858941647,-2.312438436015399,1.0,-1.4147727272727273,0.7821055789274782,0.0,-0.5645460918950079,-0.9927885211666171,-1.4185164334500453,-1.4472149349582235,0.5168998648039489,0.0,0.05190538305798314,Biotechnology,Healthcare,3.355,236598945,299360,OVID
2021,2021-12-31,2022-03-15,122834584.0,208382779.0,124209092.0,1.76,208382779.0,1.0,194544757.0,179746436.0,190479129.0,14798321.0,14798321.0,0.0,-171357513.0,28811351.629999995,2.6637229733641834,12.871671657886054,0.0,0.0,0.6836284921821334,2.6637229733641834,0.6833770211722028,1.0394759330376335,1.7634193610327202,1.2050802700199297,0.0,0.0,0.0,1.0711302746647653,12.690462113911437,0.6313949853708984,1.829122957832296,1.0,2.284671532846715,2.5919236282423608,0.0,0.05922884682994193,15.515742967488642,2.529061332166661,2.525329752582976,1.8625785400010646,0.0,0.6907600746727247,Biotechnology,Healthcare,3.355,236598945,299360,OVID
2020,2020-12-31,2021-03-15,-80333327.0,12617221.0,-81430977.0,-1.37,12617221.0,1.0,75925518.0,43631656.0,74843201.0,22062775.0,32293862.0,0.0,-294192097.0,62988556.83000001,0.7464617763032205,3.3922841075068755,0.0,0.0,-1.8501544264284273,0.7464617763032205,-1.8411707087166254,10.701444226902264,-1.6807779768663136,3.0945991788622464,0.0,0.0,0.0,0.16617892550960273,3.271378736355694,-1.0580543816638828,-2.5978555374573973,1.0,0.0927152317880794,-1.0471122714140608,0.0,-0.7850350520860678,0.0,-0.35565331185483307,-0.3260329551468017,0.5897578247962878,0.0,-0.8269363998304186,Biotechnology,Healthcare,3.355,236598945,299360,OVID
2019,2019-12-31,2020-03-11,-59258017.0,0.0,-61409467.0,-1.51,0.0,0.0,80843731.0,70023561.0,79813192.0,10533608.0,10820170.0,0.0,-213156521.0,120854331.45000002,1.785530836795864,7.577004194574167,0.0,0.0,-0.8595302744050093,1.785530836795864,-0.8462582615585631,0.0,-2.746488723205166,2.3242387722898012,0.0,0.0,0.0,0.0,7.392553339748356,-0.7329945843296124,-3.170400919324168,0.0,0.28436018957345965,-1.2506621492362469,0.0,-0.48580549531764855,0.0,-0.14002427105551582,-0.16016464090136714,-0.3214266999790531,0.0,-0.28998406059847864,Biotechnology,Healthcare,3.355,236598945,299360,OVID
2018,2018-12-31,2019-03-07,-51979610.0,0.0,-52931683.0,-2.11,0.0,0.0,47649602.0,38805145.0,44268147.0,8844457.0,8844457.0,0.0,-152695278.0,23117428.619999997,1.5754588798648987,5.0051853946488745,0.0,0.0,-1.364037758395182,1.5754588798648987,-1.339503047856154,0.0,-1.1467390120857004,1.536060401784351,0.0,0.0,0.0,0.0,4.69227811272077,-1.090871860797494,-1.2983314910169022,0.0,0.37014925373134333,-2.143336019852563,0.0,-0.546301703848893,0.0,0.19792045971507538,0.18576115520589503,-2.143336019852563,0.0,-0.546301703848893,Biotechnology,Healthcare,3.355,236598945,299360,OVID
2017,2017-12-31,2018-03-29,-64806054.0,0.0,-65007563.0,-3.35,0.0,0.0,89457603.0,83436503.0,88588048.0,6021100.0,6021100.0,0.0,-100715668.0,103803183.85,4.313222281125424,14.71293418146186,0.0,0.0,-0.7791261697533033,4.313222281125424,-0.7767110517563278,0.0,-2.94615660212856,2.288312393078123,0.0,0.0,0.0,0.0,14.470047001378486,-0.7244331596946545,-6.057904962722691,0.0,-1.9296626085822157,-3.990009304619972,0.0,0.2421153131177929,0.0,-1.8912749295629872,-1.8847153787230575,-3.990009304619972,0.0,0.2421153131177929,Biotechnology,Healthcare,3.355,236598945,299360,OVID
2016,2016-12-31,2016-12-31,-22414352.0,0.0,-22535174.0,-1.1434763819514366,0.0,0.0,53027887.0,49294475.0,52411210.0,3733412.0,3733412.0,0.0,-61770840.0,188184067.25,2.5147757081353745,14.038421154697097,0.0,0.0,-0.4571541536855804,2.5147757081353745,-0.4547031284946234,0.0,-10.712945359740939,4.871209770466163,0.0,0.0,0.0,0.0,13.91408984596396,-0.42268989522437506,-13.34691172365585,0.0,-0.7032061181908502,-0.7032062007464537,0.0,-0.27579864599128506,0.0,-0.7032062007464537,-0.7084560301322768,-0.7032062007464537,0.0,-0.27579864599128506,Biotechnology,Healthcare,3.355,236598945,299360,OVID
2015,2015-12-31,2015-12-31,-13160093.0,0.0,-13190374.0,-0.671367,0.0,0.0,70376520.0,68067361.0,70283264.0,2309159.0,2309159.0,0.0,-13495262.0,170179436.25,3.472481367530158,30.436736491510544,0.0,0.0,-0.19378412511100584,3.472481367530158,-0.19333925697516025,0.0,-18.246354964968713,3.527736711432077,0.0,0.0,0.0,0.0,30.315336449330687,-0.18699550645584637,-43.32946123939246,0.0,0.0,0.0,0.0,0.0,0.0,0.0,0.0,0.0,0.0,0.0,Biotechnology,Healthcare,3.355,236598945,299360,OVID
TTM,,,,,,,,,,,,,,,,-62011190055.0,1.7157961991697515,17.78297865882418,5.7184519528635755,6.778445939956088,0.8968288845580633,1.7157961991697515,10.852981649915998,1915.1296320279741,0.15922668175362892,1.9553604336129402,0.0,0.0,0.0,0.0008617185025363297,17.515259043374215,10.359989569148002,-4.867375762405502,535.9908533130433,,,,,,,,,,,Biotechnology,Healthcare,3.355,236598945,299360,OVID
