Quarters,Year,Quarter,FillingDate,Date,NetIncome,Revenue,OperatingIncome,EPSDiluted,GrossProfit,GrossProfitRatio,TotalAssets,CommonStockEquity,CurrentAssets,CurrentLiability,TotalLiability,Inventory,RetainedEarnings,MarketCap,EnterpriseValue,bookValuePerShare,currentRatio,debtToAssets,debtToEquity,roic,shareholdersEquityPerShare,roe,priceToSalesRatio,peRatio,pbRatio,payoutRatio,inventoryTurnover,dividendYield,assetTurnover,quickRatio,returnOnAssets,priceToFreeCashFlowsRatio,grossProfitMargin,epsdilutedGrowth,fiveYNetIncomeGrowthPerShare,fiveYRevenueGrowthPerShare,fiveYShareholdersEquityGrowthPerShare,grossProfitGrowth,netIncomeGrowth,operatingIncomeGrowth,threeYNetIncomeGrowthPerShare,threeYRevenueGrowthPerShare,threeYShareholdersEquityGrowthPerShare,Industry,Sector,Symbol
2023Q1,2023,Q1,2023-05-05,2023-03-31,1522739791.0,66160.0,-14892304.0,21.6,66160000.0,1000.0,143367004.0,120947682.0,119519364000.0,6720998000.0,22419322.0,0.0,-238882751000.0,181866016.32,-62065922983.68,1.7157961991697515,17.78297865882418,5.7184519528635755,6.778445939956088,0.9730336636041386,1.7157961991697515,12.590070068478038,2748.881746070133,0.029858354230135175,1.503675087547358,0.0,0.0,0.0,0.0004614729899775265,17.515259043374215,10.621270923677809,-14.998244763653096,1000.0,136.0,41.325746673809235,0.0,-0.41427147520805213,1428.5592048401038,133.93724630226382,-0.22341840540047855,60.00953511509665,0.0,0.824884841096757,Biotechnology,Healthcare,OVID
2022Q4,2022,Q4,2023-03-13,2022-12-31,-11454576.0,46280.0,-12172699.0,-0.16,46280.0,1.0,155265814.0,132272564.0,131380691.0,6991525.0,22993250.0,0.0,-225526542.0,131079032.28,18613292.28,1.8769361106851772,18.791421184934617,0.10649910997149702,0.12501210001493582,-0.07330052595238813,1.8769361106851772,-0.08659827596598188,2832.3040682800347,-2.8608442660819575,0.990976724999449,0.0,0.0,0.0,0.00029806947716127646,30.4847620511977,-0.07377397319412501,-14.187995607187483,1.0,0.0,0.6351210685481524,0.0,-0.44651677481090457,3.168618266978923,-0.029033658057649757,0.04929429071992062,0.5292889225411983,0.0,0.3172329286008571,Biotechnology,Healthcare,OVID
2022Q3,2022,Q3,2022-11-08,2022-09-30,-11131391.0,11102.0,-12803856.0,-0.16,11102.0,1.0,165031865.0,142050733.0,140498139.0,6732299.0,22981132.0,0.0,-214021753.0,129592219.36,87583866.36,2.0168907517041537,20.86926605606792,0.09845876128225298,0.11438753364264583,-0.068227754634557,2.0168907517041537,-0.07836208068000607,11672.871497027563,-2.9105126969306894,0.9122953231082589,0.0,0.0,0.0,6.72718568623096e-05,20.477055609086882,-0.06744994974152416,-10.208152420647133,1.0,0.23809523809523805,0.5845235098766741,0.0,-0.4662228799696774,0.0,0.2515785147982695,0.10489379862135037,0.6341594374040983,0.0,1.584652773463209,Biotechnology,Healthcare,OVID
2022Q2,2022,Q2,2022-08-09,2022-06-30,-14873158.0,0.0,-14304287.0,-0.21,0.0,0.0,177329852.0,152147496.0,156080929.0,9215386.0,25182356.0,0.0,-202053983.0,151341634.7,94496849.69999999,2.161448282545874,16.93699308960037,0.0900410721596948,0.10494402089929893,-0.07922300902925015,2.161448282545874,-0.09775486544977381,0.0,-2.543871898288178,0.994703420554486,0.0,0.0,0.0,0.0,16.642362566256043,-0.08387283828556966,-10.401760011843608,0.0,0.0869565217391305,0.6265712540377071,0.0,-0.612160392248787,-1.0,0.07666337887079608,0.12066189765641795,0.37387138608071957,0.0,0.8405991285516213,Biotechnology,Healthcare,OVID
2022Q1,2022,Q1,2022-05-10,2022-03-31,-16108056.0,1445366.0,-16267107.0,-0.23,1445366.0,1.0,191096074.0,164996271.0,170087187.0,10227718.0,26099803.0,0.0,-187465569.0,220885899.92000002,70089957.92000002,2.3455018682842144,16.630023139081466,0.0830581427852882,0.09619662858926066,-0.08294053748971061,2.3455018682842144,-0.09762678818359477,152.823506239942,-3.4281899057217085,1.3387326791161238,0.0,0.0,0.0,0.007563556747900535,16.39349334817405,-0.0842929719215477,-10.955237677869068,1.0,0.8944954128440367,0.8354660875189176,0.0,0.3630126908221559,1.0034715268250376,0.8916827298396325,0.8918331334616685,0.4967464846076933,0.0,0.24268026722846697,Biotechnology,Healthcare,OVID
2021Q4,2021,Q4,2022-03-15,2021-12-31,-148711798.0,-416348792.0,-150389001.0,-2.18,-416348792.0,1.0,194544757.0,179746436.0,190479129.0,14798321.0,14798321.0,0.0,-171357513.0,218792479.71,30994947.71000001,2.637138444268149,12.871671657886054,0.0,0.0,-0.8273421232118338,2.637138444268149,-0.8273421232118338,-0.5255028570132131,-0.36781291506878294,1.217228472390963,0.0,0.0,0.0,-2.14011828650823,12.690462113911437,-0.7644091791175848,1.8495171267629562,1.0,-11.823529411764707,-4.656132957110849,0.0,0.04865751475844446,0.0,-12.06294434204174,-11.873859394504274,-3.1666198832227663,0.0,0.6741595936777646,Biotechnology,Healthcare,OVID
2021Q3,2021,Q3,2021-11-10,2021-09-30,-11384248.0,0.0,-11681734.0,-0.17,0.0,0.0,207086188.0,197021761.0,205056319.0,10064427.0,10064427.0,0.0,-145357465.0,228244443.84,26464876.840000004,2.900369033403762,20.374365972349942,0.0,0.0,-0.057794823619257474,2.900369033403762,-0.057781678238070365,0.0,-5.012286359186834,1.1584732705744112,0.0,0.0,0.0,0.0,20.04878837116112,-0.05497347799941153,-20.96303003567889,0.0,0.2608695652173913,0.43216678237774975,0.0,0.0,0.0,0.2789498282507814,0.18382756836420705,0.6814920322017276,0.0,0.42980317089276115,Biotechnology,Healthcare,OVID
2021Q2,2021,Q2,2021-08-16,2021-06-30,-15788427.0,0.0,-14312826.0,-0.23,0.0,0.0,217998872.0,206709513.0,215872537.0,11289786.0,11289786.0,0.0,-133973217.0,265169811.06,53003246.06,3.04798722222237,19.12104773287997,0.0,0.0,-0.07636634988593881,3.04798722222237,-0.07637977938635074,0.0,-4.198800346924998,1.282813776741857,0.0,0.0,0.0,0.0,18.79278889785865,-0.07242435181040753,-13.656656519316094,0.0,-1.0909090909090908,0.15266657247145493,0.0,0.0,0.0,-1.0897032473771102,-1.0810661734345803,0.5567857821772825,0.0,0.2281530473903587,Biotechnology,Healthcare,OVID
2021Q1,2021,Q1,2021-05-13,2021-03-31,176007307.0,208382779.0,176557316.0,2.53,0.0,0.0,237456222.0,221109940.0,236662050.0,16346090.0,16346090.0,0.0,-118184790.0,265676139.83999997,32624979.839999974,3.3456597168842697,14.478205491343802,0.0,0.0,0.7962414446141787,3.3456597168842697,0.7960171623220558,1.2749428773094535,0.3773652133658291,1.2015567452100975,0.0,0.0,0.0,0.8775629345269378,14.319935287276651,0.7412200258117473,1.6513155210891401,0.0,8.441176470588234,15.177505490073983,0.0,0.0,-1.0,8.989618421225247,9.177265771800704,5.971560944210385,0.0,0.14212185070389727,Biotechnology,Healthcare,OVID
2020Q4,2020,Q4,2021-03-15,2020-12-31,-22029501.0,5703187.0,-21591241.0,-0.34,5703187.0,1.0,75925518.0,43631656.0,74843201.0,22062775.0,32293862.0,0.0,-294192097.0,147850900.89000002,75816970.89000002,0.6816943606923733,3.3922841075068755,0.0,0.0,-0.4948526592710577,0.6816943606923733,-0.5048972012430608,25.924259697253486,-1.6778739210888163,3.388615387185854,0.0,0.0,0.0,0.07511554942568847,3.271378736355694,-0.2901462061806414,-10.126869059661725,1.0,-0.21428571428571425,0.10773428043463135,0.0,-0.728924389365194,0.0,-0.341234946762482,-0.3162451774487916,0.22735016501238878,0.0,-0.7989774978480769,Biotechnology,Healthcare,OVID
2020Q3,2020,Q3,2020-11-13,2020-09-30,-16424789.0,6914034.0,-16403662.0,-0.28,0.0,0.0,91599016.0,63643038.0,90346834.0,17959266.0,27955978.0,0.0,-272162596.0,340991674.1,254125399.10000002,1.0713195243965636,5.030652923120577,0.0,0.0,-0.25774479841769965,1.0713195243965636,-0.25807675931497803,49.318773106987905,-5.190198700573871,5.3578786433796575,0.0,0.0,0.0,0.0754815313736558,4.872987014057256,-0.17931184981288445,-225.71288229811776,0.0,0.3170731707317072,0.06320341263840779,0.0,0.0,0.0,0.27166661138504583,0.2911639501476275,0.2731813928046002,0.0,-0.7164715788986207,Biotechnology,Healthcare,OVID
2020Q2,2020,Q2,2020-08-10,2020-06-30,-22551196.0,0.0,-23141687.0,-0.41,0.0,0.0,45355298.0,30482914.0,44110604.0,14585822.0,14872384.0,0.0,-255737807.0,409824400.7,368570502.7,0.5481837484451179,3.0242110454933564,0.0,0.0,-0.7591691201175845,0.5481837484451179,-0.7397979077722031,0.0,-4.543266803898117,13.444397103898927,0.0,0.0,0.0,0.0,2.866967662158499,-0.4972119464411853,-23.758915552983083,0.0,-0.10810810810810806,-0.4760533443005582,0.0,0.0,0.0,-0.125865934701242,-0.14029993319334716,0.283256488028547,0.0,-0.9016366148154499,Biotechnology,Healthcare,OVID
2020Q1,2020,Q1,2020-05-07,2020-03-31,-20030090.0,0.0,-20294386.0,-0.37,0.0,0.0,61723224.0,51444800.0,60737495.0,9991862.0,10278424.0,0.0,-233186611.0,163052517.8,135715640.8,0.9402216296226982,6.078696343084002,0.0,0.0,-0.39448857804870463,0.9402216296226982,-0.3893511103163002,0.0,-2.0350946725651258,3.1694654814480763,0.0,0.0,0.0,0.0,5.875556828146745,-0.3245146429810601,-8.75933698671642,0.0,-0.0571428571428572,-0.9488000444376803,0.0,0.0,0.0,-0.1803785314919511,-0.1752646191677068,0.736959697442408,0.0,-0.45362055315747996,Biotechnology,Healthcare,OVID
2019Q4,2019,Q4,2020-03-11,2019-12-31,-16969209.0,0.0,-17267929.0,-0.35,0.0,0.0,80843731.0,70023561.0,79813192.0,10533608.0,10820170.0,0.0,-213156521.0,203941391.60000002,162044247.60000002,1.424908283061848,7.577004194574167,0.0,0.0,-0.2466016973915394,1.424908283061848,-0.24233570469231064,0.0,-3.0045801133099372,2.9124681562538646,0.0,0.0,0.0,0.0,7.392553339748356,-0.20990135895633022,-11.9262416402406,0.0,0.186046511627907,0.10482929695803668,0.0,-0.4333855387372213,0.0,-0.020116958825270648,-0.029953531416694143,0.10482929695803668,0.0,-0.4333855387372213,Biotechnology,Healthcare,OVID
2019Q3,2019,Q3,2019-11-08,2019-09-30,-16634572.0,0.0,-16765736.0,-0.43,0.0,0.0,40694177.0,30046599.0,39150495.0,10361016.0,10647578.0,0.0,-196187312.0,124755633.00000001,86847729.00000001,0.7803333478336806,3.7786347400679623,0.0,0.0,-0.5579911390304108,0.7803333478336806,-0.5536257863993193,0.0,-1.8749450391630156,4.152071687048508,0.0,0.0,0.0,0.0,3.658705285273182,-0.4087703260346069,-13.114428762853795,0.0,-0.26470588235294107,-0.4637734335706193,0.0,0.0,0.0,-0.27397042581728626,-0.2584747970052542,-0.4637734335706193,0.0,0.0,Biotechnology,Healthcare,OVID
2019Q2,2019,Q2,2019-08-07,2019-06-30,-13057267.0,0.0,-13322266.0,-0.34,0.0,0.0,54908278.0,45437899.0,53607138.0,9183817.0,9470379.0,0.0,-179552740.0,89380871.58,42018905.58,1.1743177800191238,5.837130465469858,0.0,0.0,-0.2931972272749671,1.1743177800191238,-0.2873651134265693,0.0,-1.711324268317405,1.9670995698986875,0.0,0.0,0.0,0.0,5.3307250133577355,-0.23780142950394476,-7.545090005849962,0.0,0.2608695652173913,-0.2282378524486361,0.0,0.0,0.0,0.053834601612513446,0.052034523698130046,-0.2282378524486361,0.0,0.0,Biotechnology,Healthcare,OVID
2019Q1,2019,Q1,2019-05-07,2019-03-31,-13800195.0,0.0,-14053535.0,-0.46,0.0,0.0,66655592.0,57245801.0,62823510.0,8071552.0,9409791.0,0.0,-166495473.0,53380166.4,-1219914.6000000015,1.8874540218743117,7.783324693937423,0.0,0.0,-0.24549459968251644,1.8874540218743117,-0.2410691222575434,0.0,-0.9670183356104751,0.932473045490271,0.0,0.0,0.0,0.0,7.544822854390333,-0.2070373180392727,-4.14591609509046,0.0,0.11538461538461538,-1.4222200415970705,0.0,0.0,0.0,-0.06978819733313323,-0.0706398057761306,-1.4222200415970705,0.0,0.0,Biotechnology,Healthcare,OVID
2018Q4,2018,Q4,2019-03-07,2018-12-31,-12899932.0,0.0,-13126296.0,-0.52,0.0,0.0,47649602.0,38805145.0,44268147.0,8844457.0,8844457.0,0.0,-152695278.0,59616791.96,23127173.96,1.5752013453358586,5.0051853946488745,0.0,0.0,-0.33826174338480114,1.5752013453358586,-0.33242839319373757,0.0,-1.1553702755952513,1.5363115370397404,0.0,0.0,0.0,0.0,4.69227811272077,-0.2707248635570975,-5.42610080002432,0.0,0.018867924528301903,-0.3574871516083644,0.0,-0.37362153601212417,0.0,0.004771797213392633,0.003755300921577668,-0.3574871516083644,0.0,-0.37362153601212417,Biotechnology,Healthcare,OVID
2018Q3,2018,Q3,2018-11-08,2018-09-30,-12961783.0,0.0,-13175775.0,-0.53,0.0,0.0,60393974.0,49971069.0,55254234.0,10422905.0,10422905.0,0.0,-139795346.0,140908653.6,110395473.6,2.0285093028523553,5.301231662382032,0.0,0.0,-0.2636680636149689,2.0285093028523553,-0.25938574578022333,0.0,-2.717771420799129,2.819804667376637,0.0,0.0,0.0,0.0,5.037708201312398,-0.2146204685917837,-13.849831207562309,0.0,0.0,-0.7827912486694475,0.0,0.0,0.0,-0.002059738046901696,0.0025678864979178932,-0.7827912486694475,0.0,0.0,Biotechnology,Healthcare,OVID
2018Q2,2018,Q2,2018-08-09,2018-06-30,-12935140.0,0.0,-13209696.0,-0.53,0.0,0.0,68612088.0,61115860.0,65189276.0,7496228.0,7496228.0,0.0,-126833563.0,192082534.79999998,169547156.79999998,2.4817649792905585,8.696277114303353,0.0,0.0,-0.2161418656302963,2.4817649792905585,-0.2116494801840308,0.0,-3.7124170051503116,3.142924517465679,0.0,0.0,0.0,0.0,8.350145699944026,-0.18852567203609952,-16.325384796939556,0.0,0.018518518518518535,-0.9117920713172436,0.0,0.0,0.0,0.018783474596135347,0.01639391136053202,-0.9117920713172436,0.0,0.0,Biotechnology,Healthcare,OVID
2018Q1,2018,Q1,2018-05-08,2018-03-31,-13182758.0,0.0,-13429864.0,-0.54,0.0,0.0,78667463.0,72088199.0,75688240.0,6579264.0,6579264.0,0.0,-113898426.0,173985983.5,144783424.5,2.929336930925818,11.504058812657464,0.0,0.0,-0.18629767682224938,2.929336930925818,-0.18286984808706347,0.0,-3.2994989269316783,2.4135154701257,0.0,0.0,0.0,0.0,11.271556514528069,-0.16757573585409766,-13.400501196014062,0.0,-0.20000000000000004,-1.8517211493875685,0.0,0.0,0.0,-0.2027774148505912,-0.21558539266113888,-1.8517211493875685,0.0,0.0,Biotechnology,Healthcare,OVID
2017Q4,2017,Q4,2018-03-29,2017-12-31,-10960264.0,0.0,-11048063.0,-0.45,0.0,0.0,89457603.0,83436503.0,88588048.0,6021100.0,6021100.0,0.0,-100715668.0,242844470.60999998,155718870.60999998,3.391134591376151,14.71293418146186,0.0,0.0,-0.13241282415683217,3.391134591376151,-0.1313605389238329,0.0,-5.539202126198784,2.9105303060220535,0.0,0.0,0.0,0.0,14.470047001378486,-0.12251908873525261,-27.151006931183236,0.0,-0.1842105263157895,-0.15481254141428163,0.0,0.3484839146512069,0.0,-0.17114279626687992,-0.17418763853592134,-0.15481254141428163,0.0,0.3484839146512069,Biotechnology,Healthcare,OVID
2017Q3,2017,Q3,2017-11-09,2017-09-30,-9358606.0,0.0,-9409112.0,-0.38,0.0,0.0,97567059.0,92959056.0,96870639.0,4608003.0,4608003.0,0.0,-89755404.0,210838591.52,114795818.52000001,3.778526047706164,21.02226040217422,0.0,0.0,-0.10121780926863112,3.778526047706164,-0.10067449480123808,0.0,-5.632211451149883,2.26808016983305,0.0,0.0,0.0,0.0,20.84260209900037,-0.09591973044918778,-22.556295795850254,0.0,0.33333333333333326,-0.2889001163253673,0.0,0.0,0.0,0.08682085235138162,0.08543734994799818,-0.2889001163253673,0.0,0.0,Biotechnology,Healthcare,OVID
2017Q2,2017,Q2,2017-08-10,2017-06-30,-10248379.0,0.0,-10288100.0,-0.57,0.0,0.0,108007138.0,100942111.0,107311317.0,7065027.0,7065027.0,0.0,-80396803.0,190000691.46,83885043.46000001,5.573046793952968,15.189088024716678,0.0,0.0,-0.10192079299787975,5.573046793952968,-0.10152729023073433,0.0,-4.634896198218275,1.8822738060233355,0.0,0.0,0.0,0.0,15.019850313381676,-0.09488612687802171,-31.576063878477136,0.0,0.5904325032765401,-1.0593884976238859,0.0,0.0,0.0,0.7006794628668461,0.6997252927584269,-1.0593884976238859,0.0,0.0,Biotechnology,Healthcare,OVID
2017Q1,2017,Q1,2017-06-13,2017-03-31,-34238810.0,0.0,-34262293.0,-1.391712,0.0,0.0,47203311.0,42335548.0,46541184.0,4867763.0,4867763.0,0.0,-70148424.0,301373728.25,257147921.25,1.7208217385484728,9.561103118619375,0.0,0.0,-0.8093031652737789,1.7208217385484728,-0.8087484777568015,0.0,-2.2005271813623195,7.118692032756964,0.0,0.0,0.0,0.0,9.08544787410562,-0.7253476350419571,-41.80738049905495,0.0,-2.6078702884886322,-6.40875077122828,0.0,0.0,0.0,-3.528154288465885,-3.5148397965058322,-6.40875077122828,0.0,0.0,Biotechnology,Healthcare,OVID
2016Q4,2016,Q4,2016-12-31,2016-12-31,-7561317.0,0.0,-7588817.0,-0.3857433579140674,0.0,0.0,53027887.0,49294475.0,52411210.0,3733412.0,3733412.0,0.0,-61770840.0,240123728.25,188184067.25,2.5147757081353745,14.038421154697097,0.0,0.0,-0.15394863217429539,2.5147757081353745,-0.1533907603235454,0.0,-7.939216417259057,4.871209770466163,0.0,0.0,0.0,0.0,13.91408984596396,-0.14259133123671325,-41.39733815214406,0.0,-0.30700205299952354,0.0,0.0,0.0,0.0,-0.307000760382926,-0.3050575510036322,0.0,0.0,0.0,Biotechnology,Healthcare,OVID
2016Q3,2016,Q3,2016-09-30,2016-09-30,-5785243.0,0.0,-5814929.0,-0.295136,0.0,0.0,,,,,,,,240123728.25,,,0.0,0.0,0.0,0.0,,0.0,0.0,-10.376561894202197,0.0,0.0,0.0,0.0,0.0,0.0,0.0,-51.07807009277805,0.0,-0.07419836214740679,0.0,0.0,0.0,0.0,-0.07420065931054254,-0.07347257202553548,0.0,0.0,0.0,Biotechnology,Healthcare,OVID
2016Q2,2016,Q2,2016-06-30,2016-06-30,-5385626.0,0.0,-5416933.0,-0.27475,0.0,0.0,,,,,,,,240123728.25,,,0.0,0.0,0.0,0.0,,0.0,0.0,-11.146509628128653,0.0,0.0,0.0,0.0,0.0,0.0,0.0,-66.39548728117023,0.0,-0.46262649922543353,0.0,0.0,0.0,0.0,-0.462624444416683,-0.4583224749737246,0.0,0.0,0.0,Biotechnology,Healthcare,OVID
2016Q1,2016,Q1,2016-03-31,2016-03-31,-3682166.0,0.0,-3714496.0,-0.187847,0.0,0.0,,,,,,,,240123728.25,,,0.0,0.0,0.0,0.0,,0.0,0.0,-16.303157452026877,0.0,0.0,0.0,0.0,0.0,0.0,0.0,-62.00235907153864,0.0,0.0,0.0,0.0,0.0,0.0,0.0,0.0,0.0,0.0,0.0,Biotechnology,Healthcare,OVID
