Quarters,Year,Quarter,FillingDate,Date,NetIncome,Revenue,OperatingIncome,EPSDiluted,GrossProfit,GrossProfitRatio,TotalAssets,CommonStockEquity,CurrentAssets,CurrentLiability,TotalLiability,Inventory,RetainedEarnings,MarketCap,EnterpriseValue,bookValuePerShare,currentRatio,debtToAssets,debtToEquity,roic,shareholdersEquityPerShare,roe,priceToSalesRatio,peRatio,pbRatio,payoutRatio,inventoryTurnover,dividendYield,assetTurnover,quickRatio,returnOnAssets,priceToFreeCashFlowsRatio,grossProfitMargin,epsdilutedGrowth,fiveYNetIncomeGrowthPerShare,fiveYRevenueGrowthPerShare,fiveYShareholdersEquityGrowthPerShare,grossProfitGrowth,netIncomeGrowth,operatingIncomeGrowth,threeYNetIncomeGrowthPerShare,threeYRevenueGrowthPerShare,threeYShareholdersEquityGrowthPerShare,Industry,Sector,Symbol
2023Q1,2023,Q1,2023-05-08,2023-03-31,-10585000.0,240698000.0,-13185000.0,-0.37,88000000.0,0.3656033702,588277000.0,246316000.0,339599000.0,187550000.0,341961000.0,307738000.0,166957000.0,109124600.0,280930600.0,8.57735835916008,1.810711810183951,0.3039095528127056,0.7258277984377791,-0.017471795565113975,8.57735835916008,-0.04297325386901379,0.45336729013120175,-2.577340576287199,0.44302684356680033,0.0,0.4961948150699621,0.0,0.40915759072681746,0.09288189816049054,-0.01799322428039852,5.097374813153961,0.3656033701983398,0.30188679245283023,-4.3285817582944315,-0.08719718131850374,0.24549642993253845,-0.0712597095575819,0.2980769230769231,0.2391367072537365,-1.8658037706548805,-0.0990806961318888,0.42213704111081224,Home Improvement Retail,Consumer Cyclical,LL
2022Q4,2022,Q4,2023-03-01,2022-12-31,-15080000.0,263869000.0,-17329000.0,-0.53,94752000.0,0.3590872744,613953000.0,256081000.0,369748000.0,180524000.0,357872000.0,332296000.0,177542000.0,161243420.0,356138420.0,8.925481858422502,2.048193038044803,0.33503378923142324,0.8032419429789793,-0.023961130500323845,8.925481858422502,-0.058887617589747,0.6110737525059784,-2.6731336206896557,0.6296578816858728,0.0,0.5089348051135133,0.0,0.42978697066387817,0.10997983647603643,-0.024562140750187717,89.87927536231884,0.35908727436720494,-3.076923076923077,-6.009469095488774,0.008246872532232835,0.28518060512790316,-0.00868364336381327,-2.9957604663487016,-3.2163017031630172,-1.9202974513728588,-0.0357557843114567,0.5892616131412519,Home Improvement Retail,Consumer Cyclical,LL
2022Q3,2022,Q3,2022-11-02,2022-09-30,-3774000.0,268821000.0,-4110000.0,-0.13,95582000.0,0.3555600195,651819000.0,270287000.0,399546000.0,204706000.0,381532000.0,365622000.0,192622000.0,198669240.0,396772240.0,9.428177759173991,1.951804050687327,0.31320658035436216,0.7553230455034833,-0.0053500824573024615,9.428177759173991,-0.013962935694280525,0.7390391375673776,-13.160389507154212,0.7350306896003138,0.0,0.4738199561295546,0.0,0.4124166371339283,0.08427207800455287,-0.0057899508912750315,-3.752653708845696,0.35556001949252475,-2.4444444444444446,0.8019652148300205,0.03744119334723552,0.3845160605661358,-0.10461826697892272,-2.379385964912281,-1.881406819644006,-4.616270345943629,0.01976559911693045,0.8856092770591127,Home Improvement Retail,Consumer Cyclical,LL
2022Q2,2022,Q2,2022-08-03,2022-06-30,2736000.0,298957000.0,4663000.0,0.09,106750000.0,0.3570747633,641260000.0,273269000.0,389790000.0,245939000.0,367991000.0,358804000.0,196396000.0,271045990.0,415150990.0,9.446848964635116,1.584905200069936,0.23256869288588092,0.5457516220281114,0.005135214605044865,9.446848964635116,0.010012112606991646,0.9066387139287589,24.76662920321637,0.9918651219128404,0.0,0.5356880079374812,0.0,0.4662024763746374,0.06502018793278008,0.004266600130992109,-4.597194491087026,0.3570747632602682,-0.3571428571428572,-0.39986875844086817,0.11365658565115404,0.26636496880210697,0.025663198147560986,-0.32226901164230864,-0.07736446379105659,1.9502006354448305,0.027589099929024204,0.9169223786284866,Home Improvement Retail,Consumer Cyclical,LL
2022Q1,2022,Q1,2022-05-04,2022-03-31,4037000.0,279032000.0,5054000.0,0.14,104079000.0,0.3730002294,650630000.0,276503000.0,397987000.0,265759000.0,374127000.0,318574000.0,193660000.0,408612900.0,488925900.0,9.487150454623434,1.4975485308117504,0.20961836988764734,0.4932460045641458,0.00732799266077489,9.487150454623434,0.014600203252767601,1.4643944063763297,25.304242011394596,1.4777883060943282,0.0,0.5491753878219817,0.0,0.42886433149409037,0.25067824608009515,0.006204755390928792,-14.26173257477924,0.373000229364374,-0.6,1.1485969933618256,0.0904757013579276,0.30210065324861834,-0.02290671147870333,-0.6083624369421808,-0.5312557966982007,1.8058248074454475,0.030180347759285263,0.8962914951794838,Home Improvement Retail,Consumer Cyclical,LL
2021Q4,2021,Q4,2022-02-23,2021-12-31,10308000.0,285281000.0,10782000.0,0.35,106519000.0,0.3733827349,605892000.0,272121000.0,359828000.0,232340000.0,333771000.0,254385000.0,189623000.0,496651650.0,541685650.0,9.352844131294036,1.5487130928811226,0.21492774289807423,0.4785481458615836,0.019355311162726943,9.352844131294036,0.037880207701720923,1.7409208815168202,12.045296129220024,1.8251132768143585,0.0,0.7027222517050927,0.0,0.4708446389785638,0.3666566239132306,0.017012932997960032,-26.45,0.3733827349175024,0.16666666666666663,2.7888449907922306,0.11042744724202896,0.12346894190554934,0.012528398019030237,0.17416562250825834,-0.10418743768693918,1.1783024562824906,0.043662531924702874,0.8162784462079573,Home Improvement Retail,Consumer Cyclical,LL
2021Q3,2021,Q3,2021-11-03,2021-09-30,8779000.0,282229000.0,12036000.0,0.3,105201000.0,0.3727504969368846,599835000.0,260903000.0,350778000.0,230254000.0,338932000.0,224998000.0,179315000.0,543251760.0,573664760.0,8.971288081975105,1.523439332215727,0.2244350529729009,0.5159925336236072,0.016584235013863496,8.971288081975105,0.03364852071459508,1.9248615840328245,15.470206173823897,2.0821982115958804,0.0,0.7867981048720433,0.0,0.4705110572073987,0.4525914859242402,0.014635691481824168,-68.80959594680178,0.3727504969368846,-0.26829268292682923,1.4452819341879968,0.08135855585341108,0.11593625427594896,-0.06678790029273485,-0.2677454333138711,-0.27555074033947274,0.45772448506260166,0.026257334203534304,0.26087447468957803,Home Improvement Retail,Consumer Cyclical,LL
2021Q2,2021,Q2,2021-08-04,2021-06-30,11989000.0,301384000.0,16614000.0,0.41,112730000.0,0.3740410904361214,597908000.0,251065000.0,356927000.0,245404000.0,346843000.0,223907000.0,170536000.0,612786200.0,627677200.0,8.644893602368983,1.4544465452885853,0.2128855944392783,0.5069842471073228,0.02444336886963919,8.644893602368983,0.04775257403461255,2.0332406498022455,12.77809241804988,2.440747216856193,0.0,0.8425551679938545,0.0,0.5040641704074874,0.4597480073674431,0.020051579841714778,107.50635087719299,0.3740410904361214,0.13888888888888887,1.9150289710089705,0.18155442469767197,-0.0066852837150089455,-0.0247594989272614,0.12869516098663153,0.2677603967951164,9.104706535627813,0.04502264399637965,0.25924047074456674,Home Improvement Retail,Consumer Cyclical,LL
2021Q1,2021,Q1,2021-05-05,2021-03-31,10622000.0,283450000.0,13105000.0,0.36,115592000.0,0.4078038454753925,691305000.0,238124000.0,454347000.0,253194000.0,453181000.0,225404000.0,158547000.0,727048160.0,743351160.0,8.227343399094773,1.794461954074741,0.3257129631638712,0.9455871730694932,0.017079093252558252,8.227343399094773,0.04460701147301406,2.5649961545246076,17.11184710977217,3.053233441400279,0.0,0.7446984081915139,0.0,0.41002162576576184,0.8291428706841394,0.015365142737286726,18.086225030473393,0.4078038454753925,-0.6571428571428571,1.3068380102834485,0.1361615202697444,-0.09631336856473105,-0.01976713618208492,-0.6579066022544283,-0.28629778891188323,6.305454471294527,0.06653834884599295,0.19467164624855482,Home Improvement Retail,Consumer Cyclical,LL
2020Q4,2020,Q4,2021-03-02,2020-12-31,31050000.0,304211000.0,18362000.0,1.05,117923000.0,0.387635555584775,674348000.0,227606000.0,438152000.0,242255000.0,446742000.0,244409000.0,147925000.0,888078600.0,942355600.0,7.878366216683974,1.808639656560236,0.33249598130342195,0.9851146279096333,0.053799749263393905,7.878366216683974,0.13641995377977734,2.9192849699715,7.150391304347826,3.9018242049858087,0.0,0.7621977914070267,0.0,0.45111871022083555,0.7183298590328373,0.046044475552682,-29.87950339815625,0.387635555584775,0.9811320754716981,2.4685044914208842,0.214883280097165,-0.23107321135525918,0.01198874071022776,1.00283816035606,-0.20689357290946786,9.243540958592721,0.1543873783105246,0.13440636846094736,Home Improvement Retail,Consumer Cyclical,LL
2020Q3,2020,Q3,2020-11-02,2020-09-30,15503000.0,295833000.0,23152000.0,0.53,116526000.0,0.393891148046364,707027000.0,193986000.0,480693000.0,298596000.0,513041000.0,237440000.0,116875000.0,636340950.0,668380950.0,6.721854534114141,1.6098440702487642,0.3272675583817874,1.1928025733815841,0.028745633864716152,6.721854534114141,0.07991813842236038,2.151014085649674,10.26157759788428,3.280344715598033,0.0,0.7551676212938006,0.0,0.4184182499395355,0.6927855697999973,0.021927026832072892,8.778932882665378,0.393891148046364,4.888888888888889,2.7160969153776007,0.17621727835911197,-0.3849426237401343,0.3197798215013818,4.874573702159909,2.8560959360426383,1.8081118038091206,0.1341305035151891,-0.012904105439174663,Home Improvement Retail,Consumer Cyclical,LL
2020Q2,2020,Q2,2020-08-05,2020-06-30,2639000.0,230284000.0,6004000.0,0.09,88292000.0,0.3834048392419795,664480000.0,176960000.0,429333000.0,268760000.0,487520000.0,248722000.0,101372000.0,399597660.0,511731660.0,6.137837744094898,1.597458699211192,0.35948561281001684,1.3498587251356238,0.005885576745204572,6.137837744094898,0.014912974683544303,1.7352384881277032,37.85502652519894,2.2581242088607594,0.0,0.5708863711292126,0.0,0.3465627257404286,0.5395966661705611,0.003971526607271851,5.966815887710915,0.3834048392419795,-0.7857142857142857,1.121835573632685,-0.12754051494203045,-0.4536390770513809,-0.1588995160614259,-0.7843073150796894,-0.3150028522532801,-0.41921790034741085,-0.13930353982644525,-0.17721319220716983,Home Improvement Retail,Consumer Cyclical,LL
2020Q1,2020,Q1,2020-05-28,2020-03-31,12235000.0,267374000.0,8765000.0,0.42,104972000.0,0.3926036189008655,589819000.0,173334000.0,354737000.0,238754000.0,416485000.0,269636000.0,98733000.0,134785910.0,207744910.0,6.031316329726156,1.4857845313586369,0.161715712786465,0.5502844219829923,0.034098019353949204,6.031316329726156,0.07058626697589625,0.5041100106966272,2.7541052308949734,0.7776080284306599,0.0,0.6023008797044905,0.0,0.4533153391125074,0.21592517821690946,0.020743651866080952,4.280956328410354,0.3926036189008655,-0.2631578947368421,2.4813851824473625,-0.031154349307286142,-0.4979309068528449,-0.06202977286130421,-0.25387242346627636,-0.54670045510964,1.4567175010694087,0.05967712981206607,-0.17220866576873475,Home Improvement Retail,Consumer Cyclical,LL
2019Q4,2019,Q4,2020-02-25,2019-12-31,16398000.0,273854000.0,19336000.0,0.57,111914000.0,0.408663010217123,596009000.0,161250000.0,359113000.0,238106000.0,434759000.0,286369000.0,86498000.0,280516240.0,384856240.0,5.6161186960156035,1.5082064290694062,0.1901531688279875,0.7028403100775193,0.0414197090229451,5.6161186960156035,0.10169302325581395,1.0243277074645614,4.276683741919746,1.7396355968992245,0.0,0.5654941701091948,0.0,0.45947963873028763,0.15126876265192812,0.027513007353915795,25.452884493240177,0.408663010217123,13.249999999999998,-0.10884604352237039,-0.0508722565799939,-0.5422512481543758,0.16974308589585468,14.691866028708134,7.873795318953649,3.883660294236029,0.08016809364443624,-0.3253886368193274,Home Improvement Retail,Consumer Cyclical,LL
2019Q3,2019,Q3,2019-11-06,2019-09-30,1045000.0,263960000.0,2179000.0,0.04,95674000.0,0.3624564327928474,573349000.0,143532000.0,352516000.0,237671000.0,429817000.0,306881000.0,70100000.0,283328220.0,397931220.0,5.0000696718456075,1.4832099835486872,0.20965938721441915,0.837499651645626,0.004686843565729499,5.0000696718456075,0.007280606415294151,1.0733755872101833,67.78187081339712,1.9739724939386336,0.0,0.5483754289121842,0.0,0.4603827686103926,0.023583020225437686,0.0018226246143273992,-37.28493485984998,0.3624564327928474,1.4000000000000001,-0.9372719467033642,-0.06355283245783772,-0.5674591737458466,-0.06647672387717467,1.3658963585434174,2.5824255628177197,1.053697974765506,0.024608119474713405,-0.37804259881823693,Home Improvement Retail,Consumer Cyclical,LL
2019Q2,2019,Q2,2019-08-07,2019-06-30,-2856000.0,288567000.0,-1377000.0,-0.1,102487000.0,0.35515842074804116,578310000.0,141398000.0,356376000.0,243143000.0,436912000.0,303700000.0,69055000.0,317620440.0,425104440.0,4.92813327756866,1.465705366800607,0.20786602341304836,0.8501605397530375,-0.004204252070521278,4.92813327756866,-0.020198305492298334,1.1006817827402302,-27.802909663865545,2.24628665186212,0.0,0.6127099110964768,0.0,0.4989832442807491,0.05234368252427584,-0.004938527779218758,-12.109513896831752,0.35515842074804116,0.411764705882353,-1.1641372396743705,0.04686501255170141,-0.5650849881503395,0.09481791669782397,0.4199837530463038,0.5974861151710026,0.7793642992100727,0.14510655750834153,-0.4337481137904004,Home Improvement Retail,Consumer Cyclical,LL
2019Q1,2019,Q1,2019-04-30,2019-03-31,-4924000.0,266220000.0,-3421000.0,-0.17,93611000.0,0.3516302306363158,576406000.0,143316000.0,357464000.0,264099000.0,433090000.0,299886000.0,71911000.0,294767340.0,374884340.0,5.003002164351043,1.3535227320058008,0.1686432826861622,0.6782703954896872,-0.009958432584111374,5.003002164351043,-0.03435764324988138,1.1072321388325446,-14.965847887896018,2.056765050657289,0.0,0.5755820545140486,0.0,0.4618619514717057,0.06471058201659226,-0.0085425897717928,91.25923839009288,0.3516302306363158,0.9145728643216081,-1.3454577452818934,0.03848290181537965,-0.5591780997635205,-0.0246415770609319,0.9134256980097053,0.9376969167167495,0.8562855417608791,0.07816157855814888,-0.4504731413711015,Home Improvement Retail,Consumer Cyclical,LL
2018Q4,2018,Q4,2019-03-18,2018-12-31,-56876000.0,268921000.0,-54909000.0,-1.99,95976000.0,0.3568929165070783,475517000.0,147398000.0,366303000.0,242124000.0,328119000.0,318272000.0,76835000.0,272500480.0,328799480.0,5.149455002794857,1.5128735689151014,0.1366933253700709,0.4409829170002307,-0.2566774335625845,5.149455002794857,-0.38586683672777106,1.013310526139647,-1.1977832477670722,1.848739331605585,0.0,0.5433874170520813,0.0,0.5655339346437667,0.047764781682113296,-0.1196087626730485,-13.077093770995297,0.3568929165070783,-10.476190476190478,-3.636533084950092,0.0030898897229021146,-0.540660220243422,-0.04674122484654655,-10.602566267094378,-9.201493651979089,-1.714938141171835,0.08393085133973696,-0.4974143382438203,Home Improvement Retail,Consumer Cyclical,LL
2018Q3,2018,Q3,2018-10-30,2018-09-30,5923000.0,270469000.0,6695000.0,0.21,100682000.0,0.37224968480676157,443235000.0,203507000.0,336448000.0,177878000.0,239728000.0,304665000.0,133711000.0,442758960.0,473927960.0,7.115131808964408,1.8914536929805823,0.09701399934571954,0.21129494317148795,0.02616550968017133,7.115131808964408,0.02910464996290054,1.6370044626186364,18.688120884686814,2.1756448672527235,0.0,0.5572907948074114,0.0,0.6102157997450562,0.06651187892825419,0.013363114374992949,-52.92361463064786,0.37224968480676157,5.2,-0.7198696715184882,0.026209390200807807,-0.33521468633959817,-0.006198795775343007,5.073590096286107,8.332968236582694,1.6615347649621226,0.08503390287197567,-0.34895730338182734,Home Improvement Retail,Consumer Cyclical,LL
2018Q2,2018,Q2,2018-07-31,2018-06-30,-1454000.0,283474000.0,-913000.0,-0.05,101310000.0,0.3573872736123948,438302000.0,195973000.0,326761000.0,188413000.0,242329000.0,296798000.0,127788000.0,695095100.0,718973100.0,6.865164996847194,1.734280543274615,0.07985361691253975,0.1785960310859149,-0.004565078381830676,6.865164996847194,-0.007419389405683436,2.4520594481328093,-119.51428817056397,3.546892173921918,0.0,0.6137642436943646,0.0,0.6467549771618656,0.059029897087780565,-0.0033173473997380803,-68.24694158075602,0.3573872736123948,0.28571428571428575,-1.068676236935585,0.06348882328905318,-0.3163453864739356,0.06673545887208862,0.26267748478701824,0.3686030428769018,0.9322025166107474,0.0846988521814713,-0.3888958880542877,Home Improvement Retail,Consumer Cyclical,LL
2018Q1,2018,Q1,2018-05-01,2018-03-31,-1972000.0,261772000.0,-1446000.0,-0.07,94972000.0,0.36280427242027413,416657000.0,196326000.0,305504000.0,174657000.0,220331000.0,273411000.0,129242000.0,681911360.0,695305360.0,6.886698470604743,1.7491655072513554,0.06240144771358695,0.13243279035889285,-0.007258525379004541,6.886698470604743,-0.010044517791836028,2.604982045444127,-86.4492089249493,3.4733624685472124,0.0,0.6100705531233198,0.0,0.6282673758031186,0.07217575018464763,-0.0047329098035074416,-38.03398739472363,0.36280427242027413,-1.7,-1.1192774150947655,0.08440305309484965,-0.25461719354741125,0.030959617889709076,-1.6597524255603882,-3.3900826446280994,0.7593001412132363,-0.04376746947547427,-0.42672573168262085,Home Improvement Retail,Consumer Cyclical,LL
2017Q4,2017,Q4,2018-02-27,2017-12-31,2989000.0,259859000.0,605000.0,0.1,92120000.0,0.35449994035226795,410795000.0,197847000.0,297996000.0,178161000.0,212948000.0,262280000.0,131214000.0,894238320.0,892172320.0,6.944924178601516,1.6726219542997627,0.036514563224966226,0.07581616097287298,0.020006857015581164,6.944924178601516,0.015107633676527822,3.441244367137563,74.7941050518568,4.519847761148767,0.0,0.639541711148391,0.0,0.6325758590050998,0.11919555907297333,0.007276135298628269,55.0334371345929,0.35449994035226795,1.1515151515151514,-0.7932308444227538,0.1783019829303621,-0.19424814443717633,-0.006106639621949377,1.1580227332804653,1.035019680481593,-0.8362847041684001,-0.09229479260001093,-0.4339453016417322,Home Improvement Retail,Consumer Cyclical,LL
2017Q3,2017,Q3,2017-10-31,2017-09-30,-18915000.0,257185000.0,-17276000.0,-0.66,92686000.0,0.36038649221377606,402933000.0,193764000.0,285689000.0,155081000.0,209169000.0,252949000.0,128225000.0,1109136920.0,1122279920.0,6.809727982006045,1.8421921447501628,0.07941766993520015,0.16514935694969138,-0.08199291537618567,6.809727982006045,-0.09761875270948164,4.312603456655714,-14.659488765530002,5.72416403459879,0.0,0.650324769024586,0.0,0.638282295071389,0.12690142570656623,-0.04694328833825971,30.525303976881794,0.36038649221377606,-5.125,-2.399790879715678,0.2001527089694348,-0.17013480466625366,-0.04894516499753735,-5.2268156424581,-4.37421875,-2.1454634033141713,-0.07950772248701518,-0.4109111350011057,Home Improvement Retail,Consumer Cyclical,LL
2017Q2,2017,Q2,2017-08-01,2017-06-30,4475000.0,263500000.0,5120000.0,0.16,97456000.0,0.36985199240986716,448874000.0,211814000.0,325083000.0,158668000.0,237060000.0,275142000.0,147140000.0,711553640.0,760914640.0,7.459815453969148,2.048825219956135,0.12698440987894152,0.26910402522968263,0.01851295742510411,7.459815453969148,0.021127026542154908,2.700393320683112,39.751599999999996,3.3593324331725003,0.0,0.603484746058399,0.0,0.5870244211070367,0.2348236569440593,0.009969390073829182,61.03565277062961,0.36985199240986716,1.1720430107526882,-0.6439902053206435,0.21353836327334172,-0.030060409829921805,0.12277791218792843,1.1696875473987562,1.201455833169388,-0.7401179964676443,-0.034040574216870366,-0.34166031155717436,Home Improvement Retail,Consumer Cyclical,LL
2017Q1,2017,Q1,2017-05-02,2017-03-31,-26372000.0,248389000.0,-25415000.0,-0.93,86799000.0,0.3494478418931595,478996000.0,206134000.0,353690000.0,177885000.0,272862000.0,301332000.0,142665000.0,593841901.42,654870901.42,7.286034632540801,1.988307052309076,0.1503144076359719,0.34928735676792766,-0.0929451712116398,7.286034632540801,-0.1279361968428304,2.390773751736188,-5.629473508076748,2.8808537234032228,0.0,0.5362523727981098,0.0,0.5185617416429364,0.2369058661494786,-0.05505682719688682,-18.40742386844797,0.3494478418931595,-3.65,-4.17575452914852,0.30393147415574684,-0.062384721807206514,0.07842260240784225,-3.8010194793373384,-1.7565075921908895,-2.8733785574953288,-0.018937629144759632,-0.3580167414694584,Home Improvement Retail,Consumer Cyclical,LL
2016Q4,2016,Q4,2017-02-21,2016-12-31,-5493000.0,244901000.0,-9220000.0,-0.2,80487000.0,0.3286511692479818,488634000.0,230892000.0,360395000.0,186712000.0,257742000.0,301892000.0,169037000.0,436546979.72,469313979.72,8.32496901554786,1.930218732593513,0.08186086109439786,0.17324116903140863,-0.01965185784093508,8.32496901554786,-0.02379034353723819,1.782544700593301,-19.868331500091028,1.890697727595586,0.0,0.5446119804433374,0.0,0.5011951685719782,0.22333861776425726,-0.011241542749788185,-24.22703700094345,0.3286511692479818,0.7058823529411765,-1.6539323946071525,0.41351545272496926,0.08091542611879071,0.049524703673277784,0.7020826553856166,0.6153846153846154,-1.2627954504366863,-0.05722130999514526,-0.25739919428238006,Home Improvement Retail,Consumer Cyclical,LL
2016Q3,2016,Q3,2016-10-31,2016-09-30,-18438000.0,244082000.0,-23972000.0,-0.68,76689000.0,0.31419359067854247,471478000.0,218647000.0,342564000.0,194733000.0,252831000.0,253371000.0,174530000.0,534973743.15000004,546185743.1500001,8.039247804343386,1.759147139930058,0.04241979477303289,0.09147164150434262,-0.07672286900166882,8.039247804343386,-0.08432770630285345,2.1917787593923355,-7.253684552961277,2.4467463223826535,0.0,0.6606636118577106,0.0,0.5176954173895707,0.19148269682077512,-0.03910680880125902,58.98927590142243,0.31419359067854247,-0.5111111111111112,-3.7941949775405526,0.4484565719140603,0.09185885644822467,0.08649268956137368,-0.5076042518397383,-0.24104369434665562,-1.9170658126537057,-0.026081675295052453,-0.2488721197728624,Home Improvement Retail,Consumer Cyclical,LL
2016Q2,2016,Q2,2016-07-27,2016-06-30,-12230000.0,238092000.0,-19316000.0,-0.45,70584000.0,0.29645683181291266,488370000.0,235927000.0,360018000.0,186790000.0,252443000.0,254937000.0,192968000.0,418012468.62,437280468.62,8.703076135528313,1.9273944001284866,0.06552409034133956,0.13563517528727106,-0.04533927364739282,8.703076135528313,-0.05183806855510391,1.7556762454009374,-8.544817428863452,1.771787326673081,0.0,0.6570564492404005,0.0,0.48752380367344433,0.22073986830130093,-0.025042488277330712,-24.660047703380332,0.29645683181291266,0.625,-3.3626416890694912,0.3859494624872537,0.2239988965370273,-0.07259325441143623,0.6225541633232516,0.5303328713497216,-1.6082875668083136,-0.05940016071752714,-0.13332044391431302,Home Improvement Retail,Consumer Cyclical,LL
2016Q1,2016,Q1,2016-05-10,2016-03-31,-32402000.0,233513000.0,-41127000.0,-1.2,76109000.0,0.32593046211559956,478972000.0,246638000.0,348370000.0,178060000.0,232334000.0,240006000.0,205198000.0,355428344.0,358455344.0,9.104199523265933,1.9564753453891948,0.05219511787745421,0.10136313139094544,-0.11884739800576964,9.104199523265933,-0.13137472733317657,1.5220923203419081,-2.7423333744830565,1.441093197317526,0.0,0.655833604159896,0.0,0.48752954243671864,0.28346063124789395,-0.06764904837861085,-33.505688536953244,0.32593046211559956,-0.6396171886821,-6.708517544989809,0.4883820695756363,0.33068569396089936,0.4103139013452915,-0.6342361426337823,-0.30474921480917483,-3.0623940777558647,0.017951603797273324,-0.014605645924211352,Home Improvement Retail,Consumer Cyclical,LL
2015Q4,2015,Q4,2016-02-29,2015-12-31,-19827000.0,234807000.0,-31521000.0,-0.7318781531953457,53966000.0,0.22983130826593756,456202000.0,277568000.0,322788000.0,127744000.0,178634000.0,244402000.0,237600000.0,470292382.0,463589382.0,10.245925012665845,2.5268349198396796,0.043840228670632746,0.07205441549458151,-0.06642573558772434,10.245925012665845,-0.07143114480055338,2.0028891046689408,-5.929948832400262,1.694332134828222,0.0,0.7399325701099009,0.0,0.5146996286732631,0.3624358091182365,-0.04346101069263177,-16.9255157993234,0.22983130826593756,-1.3608972683720828,-4.408127515313536,0.5597301665699198,0.5650710199436347,-0.23987266888275396,-1.3383653732751504,-0.8181346253677106,-2.4423165380173866,0.11962767058929694,0.18873480524815156,Home Improvement Retail,Consumer Cyclical,LL
2015Q3,2015,Q3,2015-11-04,2015-09-30,-8479000.0,236064000.0,-17337000.0,-0.31,70996000.0,0.3007489494374407,472008000.0,296023000.0,337386000.0,132304000.0,175985000.0,243381000.0,257427000.0,355915861.02000004,322111861.02000004,10.928825169107661,2.550081630185028,0.04237216318367485,0.06756231779287421,-0.026743940414851237,10.928825169107661,-0.028643044628289017,1.507709184882066,-10.494040011204152,1.2023250254878843,0.0,0.678228785320136,0.0,0.500127116489551,0.4066694884508405,-0.017963678581718955,37.296013939012894,0.3007489494374407,0.5866666666666667,-3.003628587129019,0.623557228888206,0.7280481244594085,0.13987540941493803,0.5832800904310218,0.38666996851452223,-1.6591629660459428,0.15720948940443596,0.331837579664697,Home Improvement Retail,Consumer Cyclical,LL
2015Q2,2015,Q2,2015-08-05,2015-06-30,-20347000.0,247944000.0,-28267000.0,-0.75,62284000.0,0.251201884296454,481264000.0,304250000.0,341957000.0,136372000.0,177014000.0,262743000.0,265906000.0,560886403.38,535620403.38,11.234035023899601,2.507530871439885,0.04155723262076532,0.0657354149548069,-0.06260699889437403,11.234035023899601,-0.0668759244042728,2.2621495312651243,-6.891512303779427,1.8435050234346757,0.0,0.7066220603403326,0.0,0.5151933242461518,0.3319303082744258,-0.042278250606735596,708.1899032575758,0.251201884296454,-1.5862068965517244,-3.2626706259209715,0.4863928379368629,0.8277544459312862,-0.3201327337030083,-1.6152956298200514,-3.84604834561975,-2.6970750814874886,0.19717670727687117,0.4606708965219594,Home Improvement Retail,Consumer Cyclical,LL
2015Q1,2015,Q1,2015-04-29,2015-03-31,-7780000.0,259961000.0,-5833000.0,-0.29,91612000.0,0.3524067071599201,506027000.0,325210000.0,365522000.0,143662000.0,180817000.0,301476000.0,286253000.0,833266433.52,809377433.52,12.012920954603342,2.5443193050354305,0.03952358273372765,0.06149872390147904,-0.021607225292607436,12.012920954603342,-0.02392300359767535,3.2053517009089822,-26.775913673521853,2.562241116570831,0.0,0.558415926972628,0.0,0.5137295045521286,0.3055018028427838,-0.015374673683420055,199.489210802011,0.3524067071599201,-1.4531249999999998,-2.1252603539923975,0.732815533056427,1.0908423169068202,-0.1396641748995154,-1.4485442490631306,-1.203247499912889,-1.9790989472207074,0.4261780098997655,0.5459023722524662,Home Improvement Retail,Consumer Cyclical,LL
2014Q4,2014,Q4,2015-02-25,2014-12-31,17345000.0,271976000.0,28699000.0,0.64,106484000.0,0.3915198399858811,493462000.0,332054000.0,357277000.0,144247000.0,161408000.0,314371000.0,294033000.0,1794645337.25,1774358337.25,12.268998382566076,2.476841806068757,0.0,0.0,0.05268339602735308,12.268998382566076,0.05223547977136249,6.598543023097626,25.866897337128854,5.404679170406018,0.0,0.5264226025937507,0.0,0.5511589544888968,0.14064070656582112,0.03514961638383503,184.46349442388734,0.3915198399858811,0.10344827586206906,1.4523474543757633,1.0001092310212967,1.2551350397824723,0.022331457977303713,0.10302066772655008,0.11318412784608821,1.116041642116267,0.608671016617023,0.5930088856756447,Home Improvement Retail,Consumer Cyclical,LL
2014Q3,2014,Q3,2014-10-22,2014-09-30,15725000.0,266067000.0,25781000.0,0.58,104158000.0,0.3914728245141261,452534000.0,313226000.0,322698000.0,124000000.0,139308000.0,288827000.0,276688000.0,1554781620.02,1543993620.02,11.559763537575654,2.6024032258064516,0.0,0.0,0.05036355572043717,11.559763537575654,0.05020336753653911,5.843571807176388,24.71830874435612,4.963769355098235,0.0,0.5605743230376662,0.0,0.5879491927678362,0.087,0.03474877025814635,-65.88336878766049,0.3914728245141261,-0.03333333333333337,1.0229289274062172,0.8904296739449619,1.2371683882348945,-0.019578681827594646,-0.053110134280724995,-0.05119240394523775,1.391953894764387,0.5848201753707966,0.5700013862155257,Home Improvement Retail,Consumer Cyclical,LL
2014Q2,2014,Q2,2014-07-30,2014-06-30,16607000.0,263085000.0,27172000.0,0.6,106238000.0,0.4038162571032176,454563000.0,310298000.0,342564000.0,129329000.0,144265000.0,272740000.0,260963000.0,2079834167.25,2031772167.25,11.331255862173355,2.6487794694152123,0.0,0.0,0.05365775204615366,11.331255862173355,0.05351951994534286,7.905559675580136,31.309600879900046,6.702699235090139,0.0,0.5750788296546161,0.0,0.5787646596841362,0.3716258534435432,0.03653398978799419,-257.0235006487889,0.4038162571032176,0.22448979591836732,1.3477808932992454,0.8033132072447743,1.3649751275945665,0.04888090278120588,0.21272089966408647,0.21189955844966774,2.1758978390127113,0.5160119010959261,0.5936255705106475,Home Improvement Retail,Consumer Cyclical,LL
2014Q1,2014,Q1,2014-04-30,2014-03-31,13694000.0,246291000.0,22421000.0,0.49,101287000.0,0.411249294533702,433041000.0,312348000.0,343241000.0,106195000.0,120693000.0,247370000.0,244356000.0,2581511353.4,2505446353.4,11.349259557356785,3.2321766561514194,0.0,0.0,0.0440267066938668,11.349259557356785,0.043842124809507346,10.481549684722545,47.128511636483125,8.26485635701205,0.0,0.5861826413873954,0.0,0.5687475319888878,0.7162766608597392,0.031622871737318176,326.319220503097,0.411249294533702,-0.33783783783783783,1.6180300121693805,0.9362591874066004,1.5286070087009593,-0.0402247659477694,-0.3414763164222169,-0.3456015410659039,1.3748099949453556,0.5452506332324741,0.6588275873600431,Home Improvement Retail,Consumer Cyclical,LL
2013Q4,2013,Q4,2014-02-19,2013-12-31,20795000.0,258433000.0,34262000.0,0.74,105532000.0,0.4083534223570519,429559000.0,309329000.0,352207000.0,107000000.0,120230000.0,252428000.0,230662000.0,2839007861.39,2758373861.39,11.210557477786386,3.2916542056074767,0.0,0.0,0.06719281776435086,11.210557477786386,0.0672261572629789,10.985469585501852,34.130895183818225,9.177955708614453,0.0,0.6057212353621627,0.0,0.6016239911164706,0.753588785046729,0.04841011362816284,570.7695740631283,0.4083534223570519,0.013698630136986314,2.107956733763615,1.1538029588276901,1.6260424896227625,-0.007924794359576968,0.01941271630962302,0.029909519944689933,2.509478198517303,0.6854318487622605,0.712419191454812,Home Improvement Retail,Consumer Cyclical,LL
2013Q3,2013,Q3,2013-10-23,2013-09-30,20399000.0,254278000.0,33267000.0,0.73,106375000.0,0.4183413429396173,410446000.0,295342000.0,342309000.0,102758000.0,115104000.0,237290000.0,209867000.0,2942961210.4500003,2858767210.4500003,10.70290161764779,3.3312150878763696,0.0,0.0,0.06893645732128338,10.70290161764779,0.06906907923695241,11.57379407754505,36.067469121648124,9.964587530557793,0.0,0.6233006026381221,0.0,0.6195163310155295,0.8193425329414742,0.04969959507462614,1191.4822714372472,0.4183413429396173,0.0,2.6244405474618673,1.0056012504863479,1.601870914803323,0.0027903732124171608,-0.0011262364117128588,0.005440203100915767,3.7316189348104283,0.7166229947007875,0.692325458634815,Home Improvement Retail,Consumer Cyclical,LL
2013Q2,2013,Q2,2013-07-24,2013-06-30,20422000.0,257111000.0,33087000.0,0.73,106079000.0,0.4125805585914255,396538000.0,276503000.0,336350000.0,107912000.0,120035000.0,230499000.0,189470000.0,2178847240.42,2094183240.42,10.041861578961552,3.1168915412558382,0.0,0.0,0.07352482483776202,10.041861578961552,0.07385814982115926,8.474344701004625,26.672794540446574,7.880013021269208,0.0,0.6552392852029727,0.0,0.648389309473493,0.7845652012751131,0.05150073889513741,256.4556544750471,0.4125805585914255,0.280701754385965,2.377683155474928,0.9515855374029837,1.5867449350673732,0.1406712044474553,0.2940878271338952,0.302227644836272,1.2337184013170588,0.516037188067993,0.6337902728028358,Home Improvement Retail,Consumer Cyclical,LL
2013Q1,2013,Q1,2013-04-24,2013-03-31,15781000.0,230419000.0,25408000.0,0.57,92997000.0,0.40359952955268447,357204000.0,251411000.0,298239000.0,93896000.0,105793000.0,210087000.0,169047000.0,1867525656.78,1794797656.78,9.239143177154546,3.176269489648121,0.0,0.0,0.06225518152516515,9.239143177154546,0.06276972765710331,8.104911733754594,29.58503353367974,7.428177990541385,0.0,0.6541194838328883,0.0,0.6450627652545884,0.7745590866490585,0.04417923651470868,220.3570096495575,0.40359952955268447,0.12330231894553881,2.597545468576134,0.9773225045366619,1.548259566934858,0.1302228920055419,0.14288818076477405,0.037866100241003224,1.2707568577766737,0.5280061941708876,0.608067812962106,Home Improvement Retail,Consumer Cyclical,LL
2012Q4,2012,Q4,2013-02-20,2012-12-31,13808000.0,210655000.0,24481000.0,0.5074324074529355,82282000.0,0.3906007452944388,347387000.0,234541000.0,288145000.0,101027000.0,112846000.0,206704000.0,153267000.0,1437583861.98,1373416861.98,8.619184840412728,2.8521583339107366,0.0,0.0,0.058774003118685386,8.619184840412728,0.05887243594936493,6.8243519592698965,26.02809715346176,6.129349930204101,0.0,0.6210474881956808,0.0,0.6063986274673491,0.6351470399002247,0.039748177105073015,54.19323187620161,0.3906007452944388,0.1031139292455119,1.4972233776360817,0.10057520660653003,0.4024453781910332,0.05644146573196723,0.07188324794286602,0.17975037347597705,0.9417150873115072,0.5407846126608069,0.584271604077861,Home Improvement Retail,Consumer Cyclical,LL
2012Q3,2012,Q3,2012-10-24,2012-09-30,12882000.0,204291000.0,20751000.0,0.46,77886000.0,0.3812502753425261,307379000.0,222590000.0,249388000.0,75031000.0,84789000.0,194954000.0,139459000.0,1388843776.0,1348778776.0,8.205824295676578,3.323799496208234,0.0,0.0,0.05780079821483547,8.205824295676578,0.05787321982119592,6.798360064809512,26.953186151218755,6.239470668044388,0.0,0.6483837212880987,0.0,0.6646225018625215,0.5339792885607282,0.041909174016442244,119.8415545776167,0.3812502753425261,0.06976744186046518,0.9247526584475386,0.10699827380410903,28.963044064649036,-0.007568807339449542,0.057896033505789604,0.04829502399595857,0.6553837344047232,0.44992041682925904,0.5880783939934779,Home Improvement Retail,Consumer Cyclical,LL
2012Q2,2012,Q2,2012-07-25,2012-06-30,12177000.0,210347000.0,19795000.0,0.43,78480000.0,0.3730977860392589,311659000.0,211553000.0,253866000.0,90589000.0,100106000.0,211598000.0,126577000.0,929445614.91,897924614.91,7.691010377936089,2.802393226550685,0.0,0.0,0.05746714440267181,7.691010377936089,0.057560044055154025,4.418630239128678,19.08199094419808,4.393440957632366,0.0,0.6231958714165541,0.0,0.6749267629043282,0.34795615361688503,0.03907154935362046,-81.67360412214411,0.3730977860392589,0.48275862068965525,1.8317559540423622,0.0849681564887524,3394.1154344140923,0.11895290645451045,0.4855434915212883,0.48633428442709115,0.7138461118889308,0.4354118855202092,0.6052102671699663,Home Improvement Retail,Consumer Cyclical,LL
2012Q1,2012,Q1,2012-04-25,2012-03-31,8197000.0,188034000.0,13318000.0,0.29,70137000.0,0.37300169118350934,326422000.0,217012000.0,268550000.0,100474000.0,109410000.0,191751000.0,114400000.0,701235519.84,639799519.84,7.77081474886402,2.6728307820928796,0.0,0.0,0.03765336012766092,7.77081474886402,0.03777210476839991,3.729301721178085,21.386956198609248,3.231321400844193,0.0,0.6148442511381949,0.0,0.5760457322116769,0.6114616716762545,0.025111665267659657,97.97897440827163,0.37300169118350934,-0.04248075668006634,0.9734781642544453,0.0975433367847848,42.42252960711982,0.1328864480697787,-0.03085835895010641,-0.013846723435764532,0.5443766962027629,0.4568181431599263,0.7313320343050317,Home Improvement Retail,Consumer Cyclical,LL
2011Q4,2011,Q4,2012-02-22,2011-12-31,8458000.0,174454000.0,13505000.0,0.3028659758257234,61910000.0,0.3548786499593016,294854000.0,215084000.0,237969000.0,70721000.0,79770000.0,164139000.0,106203000.0,493182767.04,431507767.04,7.701776489063595,3.364898686387353,0.0,0.0,0.03851424538734439,7.701776489063595,0.03932417102155437,2.827007503639928,14.577405031922439,2.2929774741031412,0.0,0.685662761439999,0.0,0.5916623142300935,0.8720889127698986,0.028685383274434127,21.694574716931335,0.3548786499593016,0.26194156594051415,1.7991496758986034,0.10446539604892151,22.127911030285812,0.01080851619644723,0.25582776540460284,0.23660836919696,0.24899285694174175,0.4365315413691767,0.8041201203360893,Home Improvement Retail,Consumer Cyclical,LL
2011Q3,2011,Q3,2011-10-27,2011-09-30,6735000.0,171993000.0,10921000.0,0.24,61248000.0,0.3561075160035583,264209000.0,204389000.0,210211000.0,53796000.0,59820000.0,160847000.0,97744000.0,419165520.59999996,381348520.59999996,7.362900210833801,3.9075581827645176,0.0,0.0,0.03251128243121361,7.362900210833801,0.03295187118680555,2.4371080253266117,15.559224966592426,2.0508223074627305,0.0,0.6885114425509956,0.0,0.6509732825149787,0.7029704810766599,0.02549118311639649,45.44292287510841,0.3561075160035583,0.26315789473684204,0.2769543953673396,0.13657567645982985,0.0,0.025517379947759693,0.27387932665027426,0.25919520350513087,0.18955568340431597,0.34853322341493326,0.7899179672528827,Home Improvement Retail,Consumer Cyclical,LL
2011Q2,2011,Q2,2011-07-26,2011-06-30,5287000.0,175460000.0,8673000.0,0.19,59724000.0,0.3403852729966944,273807000.0,196869000.0,229742000.0,71868000.0,76938000.0,182279000.0,91009000.0,703265471.8,669909471.8,7.110362730024762,3.1967217676852004,0.0,0.0,0.026649550544436774,7.110362730024762,0.026855421625547955,4.00812419810783,33.25446717420087,3.572250947584434,0.0,0.6349387477438432,0.0,0.6408163414375819,0.4641286803584349,0.019309221458910838,-59.88805857106361,0.3403852729966944,-0.050000000000000044,-0.40327565929563386,0.08350781910181587,0.0,0.033412350976761894,-0.08481911026484334,-0.07141327623126338,-0.13037906780419972,0.32447906111448643,0.8316021022354501,Home Improvement Retail,Consumer Cyclical,LL
2011Q1,2011,Q1,2011-04-27,2011-03-31,5777000.0,159680000.0,9340000.0,0.2,57793000.0,0.36193011022044086,261493000.0,188642000.0,219366000.0,67680000.0,72851000.0,162992000.0,85723000.0,689030377.56,645900377.56,6.841735478621182,3.241223404255319,0.0,0.0,0.030341520762331934,6.841735478621182,0.030624145206263716,4.315069999749499,29.817828352085854,3.6525820207588975,0.0,0.6251042995975262,0.0,0.61064732134321,0.6372635933806147,0.022092369585419113,99.87394949412958,0.36193011022044086,-0.0686625907785847,-0.12699043311760444,0.12956760402674058,0.0,0.11086977414704469,-0.024320216179699376,-0.00032109600770630417,0.299734372431032,0.352353441943456,0.8870275688490323,Home Improvement Retail,Consumer Cyclical,LL
2010Q4,2010,Q4,2011-02-23,2010-12-31,5921000.0,153220000.0,9343000.0,0.21474494422724535,52025000.0,0.3395444458947918,242290000.0,180505000.0,202805000.0,56687000.0,61785000.0,155131000.0,79947000.0,686824598.04,651994598.04,6.5466198543723895,3.5776280275901002,0.0,0.0,0.03208805020498642,6.5466198543723895,0.032802415445555524,4.48260408588957,28.99951857963182,3.805017024680757,0.0,0.6523196524227911,0.0,0.6323826819101077,0.6144265881066205,0.02443765735275909,90.241045597162,0.3395444458947918,0.4316329615149691,0.9847169672847215,-0.017501897193595326,18.959025690850634,0.005100365139777052,0.3821195144724556,0.363543490951547,0.056822715847474684,-0.20996946696807722,0.06521404605340478,Home Improvement Retail,Consumer Cyclical,LL
2010Q3,2010,Q3,2010-11-09,2010-09-30,4284000.0,147192000.0,6852000.0,0.15,51761000.0,0.3516563400184793,234498000.0,173417000.0,195866000.0,58573000.0,61081000.0,156963000.0,74026000.0,673719596.55,646932596.55,6.324375469882567,3.343963942430813,0.0,0.0,0.024198443312296324,6.324375469882567,0.024703460445054407,4.577148191138105,39.3160362132353,3.884968581799939,0.0,0.607984047195836,0.0,0.6276897883990482,0.457326754648046,0.01826881252718573,-43.83626758735116,0.3516563400184793,-0.53125,-0.1777160180920692,-0.01529447860858106,0.0,-0.11580116159890673,-0.5288683602771362,-0.5331471009061798,-0.36678600046077503,-0.21097397467308285,22.093053672294424,Home Improvement Retail,Consumer Cyclical,LL
2010Q2,2010,Q2,2010-08-04,2010-06-30,9093000.0,168674000.0,14677000.0,0.32,58540000.0,0.34706000924860975,230471000.0,168322000.0,197462000.0,59727000.0,62149000.0,143146000.0,69742000.0,638907074.52,596738074.52,6.146359019346049,3.306075979037956,0.0,0.0,0.053529094777363104,6.146359019346049,0.05402145887049821,3.7878219199165253,17.56590439129,3.795743126388707,0.0,0.7693823089712601,0.0,0.731866482117056,0.7060290990674234,0.03945398770344208,-63.13934919656092,0.34706000924860975,0.28,0.0376102530216197,0.0530880614606286,0.0,0.09412380382775119,0.30496555683122845,0.29988486405101406,1.123907214512525,-0.12614043075694995,2712.6470566497846,Home Improvement Retail,Consumer Cyclical,LL
2010Q1,2010,Q1,2010-04-28,2010-03-31,6968000.0,151195000.0,11291000.0,0.25,53504000.0,0.35387413604947254,222165000.0,156756000.0,191965000.0,63074000.0,65409000.0,131049000.0,60649000.0,727645504.32,692118504.32,5.745493506356417,3.0434886006912514,0.06808903292597844,0.09650029344969252,0.04020802462136673,5.745493506356417,0.044451249074995536,4.812629414464764,26.106684282433985,4.641898902242977,0.0,0.745453990492106,0.0,0.6805527423311503,0.8030884358055618,0.03136407624963428,50.820331353541,0.35387413604947254,-0.043362692847124726,0.0641431548775807,0.0808723621225707,0.0,0.10652906748288628,-0.022720897615708276,-0.02259349030470914,0.717140736478516,-0.09667697341474567,31.62650218361652,Home Improvement Retail,Consumer Cyclical,LL
2009Q4,2009,Q4,2010-02-18,2009-12-31,7130000.0,137080000.0,11552000.0,0.26133206193269315,48353000.0,0.35273562882988035,205880000.0,148434000.0,179361000.0,55261000.0,57446000.0,133342000.0,53681000.0,714276689.28,678601689.28,5.440471708403559,3.2457067371202113,0.0,0.0,0.04758173588711584,5.440471708403559,0.04803481682094399,5.21065574321564,25.044764701262274,4.812082738995109,0.0,0.6654092483988541,0.0,0.6658247522828832,0.6455728271294403,0.034631824363707014,-32.558879081046584,0.35273562882988035,-0.06667120738323884,1.415284696362656,-0.1116877798853459,15.924582968768147,-0.05531025320412629,-0.08130395567581497,-0.07264991571004255,1.415284696362656,-0.1116877798853459,15.924582968768147,Home Improvement Retail,Consumer Cyclical,LL
2009Q3,2009,Q3,2009-11-04,2009-09-30,7761000.0,140520000.0,12457000.0,0.28,51184000.0,0.3642470822658696,192676000.0,139787000.0,168982000.0,50841000.0,52889000.0,104057000.0,46552000.0,708249294.06,651497294.06,5.167140568572132,3.3237347809838518,0.0,0.0,0.0550079484276276,5.167140568572132,0.05552018428036942,5.040202775832621,22.814369735214534,5.066632047758375,0.0,0.8585294598152935,0.0,0.729307230791588,1.1162644322495623,0.04028005563744317,65.69421148873016,0.3642470822658696,0.1200000000000001,0.5098978506139402,-0.047164733121042024,0.0,0.011981493930167267,0.11846087332468655,0.09937340040596593,0.5098978506139402,-0.047164733121042024,0.0,Home Improvement Retail,Consumer Cyclical,LL
2009Q2,2009,Q2,2009-08-05,2009-06-30,6939000.0,143116000.0,11331000.0,0.25,50578000.0,0.3534056290002515,180772000.0,128711000.0,157692000.0,50199000.0,52061000.0,106775000.0,38789000.0,703289021.8199999,659984021.8199999,4.7912790836402825,3.141337476842168,0.0,0.0,0.053207119211049966,4.7912790836402825,0.053911476097614035,4.914118769529612,25.338269989191527,5.464094147508759,0.0,0.8666635448372746,0.0,0.7916934038457283,0.8626665869838045,0.03838536941561746,-202.91085453548757,0.3534056290002515,0.3157894736842105,-0.19279710064165276,-0.08911511206722757,0.0,0.13500291728378438,0.3624582760651875,0.3706302165235273,-0.19279710064165276,-0.08911511206722757,0.0,Home Improvement Retail,Consumer Cyclical,LL
2009Q1,2009,Q1,2009-05-06,2009-03-31,5093000.0,123852000.0,8267000.0,0.19,44562000.0,0.3598004069373123,180650000.0,120275000.0,160841000.0,58612000.0,60375000.0,106507000.0,31850000.0,701550303.3,673125303.3,4.4883445779845905,2.7441650174025796,0.09796844727373374,0.14714612346705466,0.03637619857448393,4.4883445779845905,0.042344626896695076,5.664424501017343,34.436987203023754,5.832885498233216,0.0,0.7444581107345057,0.0,0.685590921671741,0.786920767078414,0.02819263769720454,63.76570653517542,0.3598004069373123,-0.21645657894736836,-0.20809469888495097,-0.09853749603684932,0.0,0.11729014141008925,-0.21622037550015388,-0.25158428390367554,-0.20809469888495097,-0.09853749603684932,0.0,Home Improvement Retail,Consumer Cyclical,LL
2008Q4,2008,Q4,2009-03-11,2008-12-31,6498000.0,116530000.0,11046000.0,0.24248815687170125,39884000.0,0.34226379473097057,152405000.0,114397000.0,132634000.0,36389000.0,38008000.0,88731000.0,26757000.0,701550303.3,666411303.3,4.2689931796940614,3.644892687350573,0.0,0.0,0.05571769631848294,4.2689931796940614,0.05680218886858921,6.020340713121084,26.99100889889197,6.132593540914534,0.0,0.8638018279969797,0.0,0.7646074603851579,0.9656489598505043,0.042636396443686234,67.14685138782542,0.34226379473097057,0.2124407843585062,1.2411254478688885,-0.23115826959410768,12.71092256670243,-0.08137365548057213,0.18945634266886327,0.25380249716231557,1.2411254478688885,-0.23115826959410768,12.71092256670243,Home Improvement Retail,Consumer Cyclical,LL
2008Q3,2008,Q3,2008-11-06,2008-09-30,5463000.0,123063000.0,8810000.0,0.2,43417000.0,0.3528030358434298,148006000.0,110180000.0,129164000.0,37826000.0,37826000.0,96463000.0,20259000.0,701223760.16,676410760.16,4.113540589870819,3.414688309628298,0.0,0.0,0.04837451129501771,4.113540589870819,0.049582501361408605,5.698087647465119,32.08968333150284,6.364347069885641,0.0,0.8256637259882027,0.0,0.8314730483899302,0.6559773700629197,0.036910665783819574,286.79908391002044,0.3528030358434298,-0.09090909090909087,0.0734717282951418,-0.15717636263966608,0.0,-0.018935713478702973,-0.070285908781484,-0.054822443943782856,0.0734717282951418,-0.15717636263966608,0.0,Home Improvement Retail,Consumer Cyclical,LL
2008Q2,2008,Q2,2008-08-06,2008-06-30,5876000.0,128037000.0,9321000.0,0.22,44255000.0,0.34564227527980196,148125000.0,103884000.0,130325000.0,44241000.0,44241000.0,99964000.0,14796000.0,700579915.42,678254915.42,3.8820455170621626,2.945796885242196,0.0,0.0,0.05561440486930652,3.8820455170621626,0.056563089599938395,5.471698926247881,29.806837790163378,6.743867346463363,0.0,0.8381217238205754,0.0,0.8643848101265823,0.5046224090775525,0.03966919831223629,-67.44127025606468,0.34564227527980196,0.375,-0.31381097371054295,-0.18193661877138673,0.0,0.10301081700812521,0.362708719851577,0.19377561475409835,-0.31381097371054295,-0.18193661877138673,0.0,Home Improvement Retail,Consumer Cyclical,LL
2008Q1,2008,Q1,2008-04-29,2008-03-31,4312000.0,114549000.0,7808000.0,0.16,40122000.0,0.3502605871723018,152698000.0,96982000.0,136692000.0,55716000.0,55716000.0,95947000.0,8920000.0,700281646.68,667718646.68,3.625668003777077,2.453370665517984,0.0,0.0,0.04328116123975785,3.625668003777077,0.04446185890165185,6.113380707644763,40.60074482142857,7.220738350209317,0.0,0.7757095062899309,0.0,0.7501669962933372,0.5844461196065762,0.028238745759603924,-1389.4477116666665,0.3502605871723018,-0.2125931758530184,-0.32831693505995957,-0.16473935807532072,0.0,0.12320483749055178,0.4146981627296588,0.5921696574225123,-0.32831693505995957,-0.16473935807532072,0.0,Home Improvement Retail,Consumer Cyclical,LL
2007Q4,2007,Q4,2008-03-12,2007-12-31,3048000.0,105510000.0,4904000.0,0.2031986453423644,35721000.0,0.3385555871481376,128424000.0,92188000.0,113065000.0,36236000.0,36236000.0,72024000.0,4608000.0,392702618.0,359656618.0,6.14582569449537,3.1202395407881665,0.0009499781972217031,0.001323382652839849,0.03216647434429952,6.14582569449537,0.033062871523408685,3.721946905506587,32.209860400262464,4.259801904803228,0.0,0.9689686771076308,0.0,0.8215754064660811,0.9153328181918534,0.023733881517473368,101.52601292657704,0.3385555871481376,0.26999153338977744,0.8780036968576711,0.24362041937270904,17.859546452084857,0.03698435277382646,-0.1764388003242367,-0.20737029254889283,0.8780036968576711,0.24362041937270904,17.859546452084857,Home Improvement Retail,Consumer Cyclical,LL
2007Q3,2007,Q3,2007-09-30,2007-09-30,3701000.0,102050000.0,6187000.0,0.16,34447000.0,0.33755022048015676,106395000.0,4108000.0,87192000.0,62506000.0,102287000.0,74944000.0,1560000.0,392702618.0,401311618.0,0.27386484090106067,1.3949380859437495,0.13416983880821468,3.474926971762415,0.20749826540971658,0.27386484090106067,0.9009250243427459,3.8481393238608526,26.52679127262902,95.59460029211294,0.0,0.9020468616567037,0.0,0.9591616147375347,0.09064729785940549,0.034785469241975654,195.3744368159204,0.33755022048015676,0.6,0.2985878115554736,0.24800132034101904,0.0,0.0020945454545454544,0.5782515991471215,0.5623737373737374,0.2985878115554736,0.24800132034101904,0.0,Home Improvement Retail,Consumer Cyclical,LL
2007Q2,2007,Q2,2007-06-30,2007-06-30,2345000.0,105725000.0,3960000.0,0.1,34375000.0,0.32513596594939703,108542000.0,-34000.0,91091000.0,68275000.0,108576000.0,77871000.0,-2142000.0,392702618.0,401665618.0,-0.0022666515556562955,1.3341779567923837,0.1337362495623814,-426.94117647058823,0.16751964065050917,-0.0022666515556562955,-68.97058823529412,3.714378037361078,41.86595074626866,-11550.077000000001,0.0,0.9162589410692042,0.0,0.9740469127158151,0.08133284511168071,0.021604540177995613,-67.23208662900188,0.32513596594939703,0.0,-0.511461590256065,0.20509987934655097,0.0,0.12443165091099408,0.051098162259076645,0.05459387483355526,-0.511461590256065,0.20509987934655097,0.0,Home Improvement Retail,Consumer Cyclical,LL
2007Q1,2007,Q1,2007-03-31,2007-03-31,2231000.0,92022000.0,3755000.0,0.1,30571000.0,0.332214035774054,90994000.0,-2814000.0,75105000.0,52998000.0,93808000.0,63472000.0,-4487000.0,392702618.0,395811618.0,-0.18759874934167106,1.4171289482621985,0.09070927753478251,-2.9331911869225302,0.42120964838714225,-0.18759874934167106,-0.7928216062544421,4.267486231553324,44.005223890632,-139.55316915422884,0.0,0.9681591883035039,0.0,1.0112974481833967,0.09707913506170045,0.024518100094511726,157.2068126501201,0.332214035774054,0.648312877387554,-0.3802819231579655,0.19655132251913157,0.0,0.0,0.37461491065927294,1.0166293189729236,-0.3802819231579655,0.19655132251913157,0.0,Home Improvement Retail,Consumer Cyclical,LL
