Quarters,Year,Quarter,FillingDate,Date,NetIncome,Revenue,OperatingIncome,EPSDiluted,GrossProfit,GrossProfitRatio,TotalAssets,CommonStockEquity,CurrentAssets,CurrentLiability,TotalLiability,Inventory,RetainedEarnings,MarketCap,EnterpriseValue,bookValuePerShare,currentRatio,debtToAssets,debtToEquity,roic,shareholdersEquityPerShare,roe,priceToSalesRatio,peRatio,pbRatio,payoutRatio,inventoryTurnover,dividendYield,assetTurnover,quickRatio,returnOnAssets,priceToFreeCashFlowsRatio,grossProfitMargin,epsdilutedGrowth,fiveYNetIncomeGrowthPerShare,fiveYRevenueGrowthPerShare,fiveYShareholdersEquityGrowthPerShare,grossProfitGrowth,netIncomeGrowth,operatingIncomeGrowth,threeYNetIncomeGrowthPerShare,threeYRevenueGrowthPerShare,threeYShareholdersEquityGrowthPerShare,Industry,Sector,Symbol
2023Q1,2023,Q1,2023-05-09,2023-03-31,-10628000.0,731000.0,-11507000.0,-0.12,290000.0,0.3967168263,29951000.0,-28322000.0,28363000.0,11289000.0,58273000.0,0.0,-866997000.0,14306157.76,-10653842.24,-0.3167531126121176,2.5124457436442555,0.025942372541818304,-0.027434503213049927,0.41364903452890783,-0.3167531126121176,0.3752559847468399,19.570667250341998,-0.3365204591644712,-0.5051252651648895,0.0,0.0,0.0,0.024406530666755702,2.2798299229338292,-0.3548462488731595,-1.1375761577608143,0.3967168262653899,-0.2207527975584944,0.3474698143381657,0.0,-1.3620125182485336,0.3425925925925926,-0.2117204423668909,-0.20643740826169008,0.37386900440684145,0.09535676681456572,-7.065615596096415,Biotechnology,Healthcare,INFI
2022Q4,2022,Q4,2023-03-28,2022-12-31,-8771000.0,543000.0,-9538000.0,-0.0983,216000.0,0.3977900552,42151000.0,-19051000.0,40302000.0,13628000.0,61202000.0,0.0,-855952000.0,49532520.675000004,12136520.675000004,-0.21346188031445262,2.9572938068682126,0.021755118502526632,-0.04813395622277046,0.5089097935776886,-0.21346188031445262,0.4603957797490945,91.2201117403315,-1.4118264928457418,-2.599995836176579,0.0,0.0,0.0,0.012882256648715333,2.811344291165248,-0.2080852174325639,-5.5761027440054045,0.39779005524861877,0.18083333333333332,0.31678045668233,0.0,-1.2268414097914646,-0.23674911660777384,0.16886193499478822,0.1234261556842202,0.5048713029891444,0.13275680939104736,-2.584348225174073,Biotechnology,Healthcare,INFI
2022Q3,2022,Q3,2022-11-14,2022-09-30,-10553000.0,712000.0,-10881000.0,-0.12,283000.0,0.3974719101,51591000.0,-10874000.0,49350000.0,14200000.0,62465000.0,0.0,-846722000.0,106376574.00999999,60248574.00999999,-0.12164388748582522,3.4753521126760565,0.020429919947277626,-0.09692845319109804,1.2222781590744445,-0.12164388748582522,0.9704800441419901,149.4053005758427,-2.5200552925708326,-9.78265348629759,0.0,0.0,0.0,0.013800856738578435,3.322676056338028,-0.20455118140760986,-11.315453037974683,0.39747191011235955,0.07692307692307698,0.15854312420310937,-0.932781685023047,-1.115403360512302,0.04044117647058824,0.11719926384473817,0.0946080878681977,0.41031452953272085,0.3242877557991597,-1.3726685796461189,Biotechnology,Healthcare,INFI
2022Q2,2022,Q2,2022-08-09,2022-06-30,-11954000.0,686000.0,-12018000.0,-0.13,272000.0,0.3965014577,61857000.0,-1107000.0,59610000.0,14339000.0,62964000.0,0.0,-836005000.0,56376991.5971,11726991.597099997,-0.012415634111913225,4.1571936676197785,0.01920558707987778,-1.0731707317073171,-9.44516514341594,-0.012415634111913225,10.79855465221319,82.18220349431486,-1.179040312805337,-50.927725019963866,0.0,0.0,0.0,0.011090094896293062,3.9455331613083198,-0.1932521784114975,-5.321094062963662,0.3965014577259475,0.07142857142857148,0.6009992342188986,0.0,-1.0106353120254687,0.05019305019305019,0.04099478539911753,0.031353268316273074,0.2738948248619595,0.7046893411193402,-1.0239100191868402,Biotechnology,Healthcare,INFI
2022Q1,2022,Q1,2022-05-03,2022-03-31,-12465000.0,652000.0,-12407000.0,-0.14,259000.0,0.3972392638,72578000.0,9982000.0,70100000.0,13394000.0,62596000.0,0.0,-824019000.0,101637054.53999999,49826054.53999999,0.11196192226843334,5.233686725399433,0.018104659814268786,0.13163694650370666,-0.9861960645324043,0.11196192226843334,-1.2487477459426968,155.8850529754601,-2.0384487472924184,10.182033113604488,0.0,0.0,0.0,0.008983438507536719,5.012692250261311,-0.17174625919700184,-7.499782654958677,0.39723926380368096,-0.07692307692307698,0.3269880843252585,0.0,-0.9234913668826007,0.44692737430167595,-0.06574897400820794,-0.06901602619334826,0.42092568750357545,-0.8056505602121061,-0.8382585256590469,Biotechnology,Healthcare,INFI
2021Q4,2021,Q4,2022-03-29,2021-12-31,-11696000.0,451000.0,-11606000.0,-0.13,179000.0,0.3968957871,84785000.0,21571000.0,82268000.0,13300000.0,63214000.0,0.0,-811583000.0,199725552.0,120435552.0,0.24300721421964075,6.185563909774436,0.01693695818835879,0.06657085902368921,-0.47665287383612404,0.24300721421964075,-0.5422094478698253,442.8504478935698,-4.26909952120383,9.258984377173057,0.0,0.0,0.0,0.005319337146900985,6.069624060150376,-0.1379489296455741,-20.55212512862729,0.3968957871396896,-0.08333333333333341,0.7121192825180149,0.0,-0.8523485142589377,0.052941176470588235,-0.09175767758797722,-0.07962790697674418,0.08753374298230214,0.9809565835299913,-0.7363052141513824,Biotechnology,Healthcare,INFI
2021Q3,2021,Q3,2021-11-02,2021-09-30,-10713000.0,428000.0,-10750000.0,-0.12,170000.0,0.397196261682243,94615000.0,32144000.0,91926000.0,12351000.0,62471000.0,0.0,-799932000.0,303582839.04,215093839.04000002,0.36211691131037654,7.442798153995628,0.016900068699466256,0.04974489795918367,-0.304170675117424,0.36211691131037654,-0.3332814833250373,709.3056986915889,-7.084449711565387,9.444463633648581,0.0,0.0,0.0,0.0045235956243724566,7.293984292769816,-0.11322728954182741,-38.55999479740887,0.397196261682243,0.07692307692307698,0.6930910709428472,0.0,-0.824177947569789,-0.16666666666666666,0.04933889431182891,0.044529375166651855,-1.512761873627194,-0.987540107948413,-0.655574479660689,Biotechnology,Healthcare,INFI
2021Q2,2021,Q2,2021-07-27,2021-06-30,-11269000.0,512000.0,-11251000.0,-0.13,204000.0,0.3984375,102598000.0,41540000.0,99677000.0,10554000.0,61058000.0,0.0,-789219000.0,265099182.66000003,169529182.66000003,0.4685212483634747,9.444476028046239,0.016452562428117507,0.04063553201733269,-0.2504898031881735,0.4685212483634747,-0.27128069330765525,517.7718411328126,-5.8811603216789425,6.381780998074146,0.0,0.0,0.0,0.004990350689097253,9.215273829827554,-0.10983644905358779,-27.706854375000002,0.3984375,0.13333333333333328,-1.1185765243441939,-0.9698440484723708,-0.805081889375142,0.10270270270270271,0.030957090033536847,0.028578829217751685,-0.021605242615828142,0.0,-0.4244076183105137,Biotechnology,Healthcare,INFI
2021Q1,2021,Q1,2021-05-13,2021-03-31,-11629000.0,467000.0,-11582000.0,-0.15,185000.0,0.3961456102783726,112398000.0,52046000.0,109305000.0,9458000.0,60352000.0,0.0,-777950000.0,244602008.48,139657008.48,0.6872739150616806,11.55688306195813,0.016112386341393975,0.03479614187449564,-0.20805489688869727,0.6872739150616806,-0.22343695961265034,523.7730374304068,-5.258448888124516,4.699727327364255,0.0,0.0,0.0,0.004154878200679727,11.28737576654684,-0.1034626950657485,-18.15902067409057,0.3961456102783726,0.18706026040192475,0.8136742248403136,-0.9671273892304948,-0.4499234663325304,0.06936416184971098,-0.09717897914897632,-0.1318283983191635,0.15698177773839134,0.0,-0.2145246540239056,Biotechnology,Healthcare,INFI
2020Q4,2020,Q4,2021-03-16,2020-12-31,-10599000.0,436000.0,-10233000.0,-0.18451552149998393,173000.0,0.3967889908256881,39319000.0,-22989000.0,36020000.0,11047000.0,62308000.0,0.0,-766321000.0,121777722.64,116668722.64,-0.4002101447082867,3.2606137412872274,0.597268496146901,-1.021532037061203,-4.228512396694215,-0.4002101447082867,0.4610465874983688,279.3067033027523,-2.8723870799131994,-5.297217044673539,0.0,0.0,0.0,0.011088786591724104,3.0875350773965784,-0.26956433276532976,-14.311637400399578,0.3967889908256881,-0.15322200937489955,0.7682237161667091,-0.9588445040244022,-1.1998996213737816,-0.1218274111675127,-0.1117054751415985,-0.1569248162803844,-0.282748516613738,0.0,-1.4252948269018275,Biotechnology,Healthcare,INFI
2020Q3,2020,Q3,2020-11-09,2020-09-30,-9534000.0,496000.0,-8845000.0,-0.16,197000.0,0.3971774193548387,46965000.0,-14127000.0,43475000.0,9834000.0,61092000.0,0.0,-755722000.0,70792456.41,75293456.41,-0.2334795377670382,4.420886719544438,0.4903438730969871,-1.630140865010264,-0.8057757128541496,-0.2334795377670382,0.6748778933956254,142.72672663306452,-1.856315722938955,-5.011145778296878,0.0,0.0,0.0,0.010561056105610561,4.19818995322351,-0.20300223570744172,-8.980395332995052,0.3971774193548387,0.0,-1.182179196796886,-0.9955564456265834,-1.0859547113270636,0.3776223776223776,-0.006439353953341075,0.008296894270658146,-0.12312731721263087,-0.9308189384502246,-1.2215016621555674,Biotechnology,Healthcare,INFI
2020Q2,2020,Q2,2020-07-30,2020-06-30,-9473000.0,360000.0,-8919000.0,-0.16,143000.0,0.3972222222222222,48656000.0,-11384000.0,44794000.0,8877000.0,60040000.0,0.0,-746188000.0,51962324.481199995,45476324.481199995,-0.198181403599945,5.046074124141039,0.46109421243012166,-1.9707484188334505,-0.6798018292682927,-0.198181403599945,0.8321328179901616,144.33979022555553,-1.3713270474295365,-4.5645049614546735,0.0,0.0,0.0,0.00739888194672805,4.813563140700687,-0.19469335744820782,-6.841649042949308,0.3972222222222222,0.15789473684210525,0.789390867024255,-0.9369739450535626,-1.1114582311306815,-0.1588235294117647,0.1297997427889032,0.15057142857142858,0.5092110871151698,0.0,-1.1697634648324848,Biotechnology,Healthcare,INFI
2020Q1,2020,Q1,2020-05-11,2020-03-31,-10886000.0,428000.0,-10500000.0,-0.19,170000.0,0.397196261682243,57088000.0,-2252000.0,53025000.0,8463000.0,59340000.0,0.0,-736715000.0,48036740.4216,39524740.4216,-0.039272031854012394,6.265508684863524,0.3848970011210762,-9.757104795737122,-0.4795834475198685,-0.039272031854012394,4.833925399644761,112.23537481682243,-1.1031770260334375,-21.33070178579041,0.0,0.0,0.0,0.00749719730941704,5.949190594351885,-0.1906880605381166,-4.072635898397626,0.397196261682243,0.04276177121771212,0.9004248769904548,-0.9162794580676547,-1.0158735124017517,0.3821138211382114,0.04357757863292919,0.09122381859096416,0.08617927148924377,0.0,-1.0268363512881609,Biotechnology,Healthcare,INFI
2019Q4,2019,Q4,2020-03-03,2019-12-31,-11382000.0,308000.0,-11554000.0,-0.198487684974409,123000.0,0.39935064935064934,49014000.0,7726000.0,44581000.0,9698000.0,41288000.0,0.0,-725829000.0,55049863.68,35096863.68,0.13473166878512424,4.596927201484842,0.04706818460031827,0.29860212270256276,-0.9363047001620746,0.13473166878512424,-1.4732073517991198,178.73332363636362,-1.2091430258302582,7.125273580119077,0.0,0.0,0.0,0.006283918880319908,4.376572489173025,-0.23221936589545844,-5.709382252644679,0.39935064935064934,0.007561575127955078,0.7599524270552132,-0.939841221639901,-0.9686191366596542,-0.09558823529411764,0.0030656039239730227,-0.0919572819204234,0.5663294854710547,0.0,-0.9181368703954779,Biotechnology,Healthcare,INFI
2019Q3,2019,Q3,2019-10-30,2019-09-30,-11417000.0,343000.0,-10581000.0,-0.2,136000.0,0.3965014577259475,59108000.0,18615000.0,54384000.0,8749000.0,40493000.0,0.0,-714447000.0,58739839.1,39106839.1,0.3264130493677161,6.216024688535833,0.03307504906273263,0.1050228310502283,-0.4697447280799112,0.3264130493677161,-0.6133225893096965,171.2531752186589,-1.2862362945607428,3.155511098576417,0.0,0.0,0.0,0.005802936996684036,5.942279117613442,-0.19315490288962578,-5.265785665620798,0.3965014577259475,-0.11111111111111122,-1.0943268434293114,-0.9981791353670841,-0.9353426690250795,0.3333333333333333,-0.08588548601864181,-0.0857875833760903,0.49089659223900955,0.0,-0.8415135816989083,Biotechnology,Healthcare,INFI
2019Q2,2019,Q2,2019-07-30,2019-06-30,-10514000.0,257000.0,-9745000.0,-0.18,102000.0,0.3968871595330739,68438000.0,29568000.0,64973000.0,8190000.0,38870000.0,0.0,-703030000.0,99648557.75,58927557.75,0.519264916305324,7.9332112332112334,0.027820801309214178,0.06439393939393939,-0.2919762703739214,0.519264916305324,-0.3555871212121212,387.73757879377433,-2.36942547436751,3.3701487334280307,0.0,0.0,0.0,0.0037552237061281744,7.692185592185592,-0.15362810134720478,-13.553938758161044,0.3968871595330739,0.25,0.7642718506377402,0.0,-0.817979421849421,1.0220827018835246,0.235011641443539,0.29296960023217006,-1.1722604359150408,-0.976431039386855,-0.7839710861491437,Biotechnology,Healthcare,INFI
2019Q1,2019,Q1,2019-05-07,2019-03-31,-13744000.0,2142000.0,-13783000.0,-0.24,-4619000.0,-2.1563958916900092,74745000.0,39405000.0,74172000.0,7459000.0,35340000.0,0.0,-692516000.0,106449589.18,81453589.18,0.6922276597554455,9.9439603163963,0.3739514348785872,0.7093262276360868,-0.20351104644401985,0.6922276597554455,-0.3487882248445629,49.696353492063494,-1.936292003419674,2.701423402613882,0.0,0.0,0.0,0.028657435279951838,9.455825177637752,-0.18387852030236138,-6.776775476190477,-2.1563958916900092,-0.6620412846715327,0.7238118648157528,0.0,-0.8066005568671373,0.0,-0.6720194647201947,-0.6301596688350088,0.7070464089866775,-0.7994180280075965,-0.4459586152737276,Biotechnology,Healthcare,INFI
2018Q4,2018,Q4,2019-03-14,2018-12-31,-8220000.0,146000.0,-8455000.0,-0.14440074516405946,0.0,0.0,60215000.0,52459000.0,59818000.0,7718000.0,7756000.0,0.0,-678772000.0,67171398.52,18555398.519999996,0.921547285956374,7.750453485358901,0.0,0.0,-0.16117348786671495,0.921547285956374,-0.15669379896681218,460.0780720547945,-2.0429257457420924,1.2804551844297452,0.0,0.0,0.0,0.0024246450220044838,7.591474475252656,-0.13651083617038945,4.106333202102946,0.0,-1.6278293268002584,0.7879545031871379,0.0,-0.778632840600238,0.0,-1.614303863687318,-1.6415509522725549,0.8186132644841662,-0.9860933088272961,-0.5396994404652311,Biotechnology,Healthcare,INFI
2018Q3,2018,Q3,2018-11-05,2018-09-30,13381000.0,22000000.0,13179000.0,0.23,0.0,0.0,65913000.0,59772000.0,65130000.0,6105000.0,6141000.0,0.0,-670552000.0,148383226.70999998,116167226.70999998,1.0513649248570112,10.668304668304668,0.0,0.0,0.2204878538446095,1.0513649248570112,0.2238673626447166,6.744692123181817,2.7722746190493983,2.4824872299739007,0.0,0.0,0.0,0.3337733072383293,10.51089271089271,0.20301002837073112,-21.22489296381061,0.0,2.9166666666666665,1.3332559996350781,0.0,-0.7805907469777923,0.0,2.9217291397386185,2.847091800981079,-0.7278746360785547,-0.7902372732653061,-0.6129435175357689,Biotechnology,Healthcare,INFI
2018Q2,2018,Q2,2018-08-07,2018-06-30,-6963000.0,0.0,-7135000.0,-0.12,0.0,0.0,51266000.0,45556000.0,50438000.0,5679000.0,5710000.0,0.0,-683933000.0,106896798.1,57731798.099999994,0.8139809755442993,8.881493220637436,0.0,0.0,-0.15662042321538328,0.8139809755442993,-0.15284485029414346,0.0,-3.838029516731294,2.346492187637194,0.0,0.0,0.0,0.0,8.657334037682691,-0.13582101197674873,-22.150186096145877,0.0,0.3333333333333333,0.8170866296697823,0.0,-0.8499361715643604,0.0,0.2632525658660459,0.2502889566039718,0.8411136034469273,-1.0,-0.5422129520722628,Biotechnology,Healthcare,INFI
2018Q1,2018,Q1,2018-05-08,2018-03-31,-9451000.0,0.0,-9517000.0,-0.18,0.0,0.0,49966000.0,45397000.0,49062000.0,4542000.0,4569000.0,0.0,-676970000.0,108955497.0,78380497.0,0.8749783409275808,10.801849405548216,0.0,0.0,-0.20963940348481178,0.8749783409275808,-0.20818556292266008,0.0,-2.8821155697809755,2.4000594092120626,0.0,0.0,0.0,0.0,10.527080581241744,-0.1891486210623224,-11.77260907617504,0.0,-0.28571428571428553,0.6825593209160268,0.0,-0.8560067830705597,0.0,-0.2953673245614035,-0.1866583541147132,0.9044533536129954,-1.0,-0.6463391658061312,Biotechnology,Healthcare,INFI
2017Q4,2017,Q4,2018-03-15,2017-12-31,-7296000.0,0.0,-8020000.0,-0.14,0.0,0.0,59353000.0,47730000.0,58386000.0,11595000.0,11623000.0,0.0,-667519000.0,102964965.74,74357965.74,0.941018134698988,5.035446313065977,0.10109008811686014,0.1257071024512885,-0.13585782092988785,0.941018134698988,-0.15285983658076682,0.0,-3.528130679139254,2.157237916195265,0.0,0.0,0.0,0.0,4.968434670116429,-0.12292554715010193,86.4525321074727,0.0,0.0,0.8542116286218566,0.0,-0.8555425544268094,0.0,-0.02702702702702703,-0.022567894938161418,0.8260377016798713,-1.0,-0.7808239016702769,Biotechnology,Healthcare,INFI
2017Q3,2017,Q3,2017-11-07,2017-09-30,-7104000.0,6000000.0,-7843000.0,-0.14,0.0,0.0,64271000.0,53374000.0,63939000.0,10871000.0,10897000.0,0.0,-660223000.0,67345651.24000001,39765651.24000001,1.0540757820727253,5.881611627265201,0.09335470118716062,0.11241428410836737,-0.13209485633442247,1.0540757820727253,-0.13309851238430698,11.224275206666668,-2.3699905419481984,1.2617688619927305,0.0,0.0,0.0,0.09335470118716062,5.66415233189219,-0.11053196620559817,-6.087467345204737,0.0,0.5882352941176471,-1.2442570466871072,0.0,-0.812090299112235,0.0,0.5809838386221541,0.22392638036809817,-1.0661034102224547,-0.9641266113385181,-0.791204037809938,Biotechnology,Healthcare,INFI
2017Q2,2017,Q2,2017-08-03,2017-06-30,-16954000.0,0.0,-10106000.0,-0.34,0.0,0.0,90845000.0,58902000.0,68777000.0,10936000.0,31943000.0,0.0,-653118000.0,79215656.24000001,34273656.24000001,1.1673972594486204,6.289045354791514,0.2339699488139138,0.3608536212692269,-0.09965290103735258,1.1673972594486204,-0.28783402940477404,0.0,-1.168096853839802,1.3448720967029981,0.0,0.0,0.0,0.0,6.061265544989027,-0.18662557102757443,-8.160673353250234,0.0,-0.6190476190476192,0.3797767597629645,-1.0,10.31351564143484,0.0,-0.6185202863961814,0.03531882397861779,0.5710197978127365,0.0,-0.5907862876464839,Biotechnology,Healthcare,INFI
2017Q1,2017,Q1,2017-05-09,2017-03-31,-10475000.0,0.0,-10476000.0,-0.21,0.0,0.0,103607000.0,73789000.0,80310000.0,10576000.0,29818000.0,0.0,-636164000.0,162867430.19,106921430.19,1.463389394195979,7.593608169440242,0.18804713967202988,0.26403664502839175,-0.09290940534787814,1.463389394195979,-0.14195882855168115,0.0,-3.887050839856802,2.2072047349875996,0.0,0.0,0.0,0.0,7.140128593040847,-0.10110320731224724,-9.48281980727802,0.0,0.5434782608695652,0.4811926857342457,-1.0,4.627598316862411,0.0,0.5431748800697775,0.5490896569534713,0.7623616301932143,0.0,-0.5911479555381731,Biotechnology,Healthcare,INFI
2016Q4,2016,Q4,2017-03-14,2016-12-31,-22930000.0,0.0,-23233000.0,-0.46,0.0,0.0,125655000.0,82454000.0,101660000.0,23863000.0,43201000.0,0.0,-625689000.0,67633856.55,13164856.549999997,1.6458162476319709,4.260151699283409,0.15591102622259362,0.23759914619060324,-0.19100430793515077,1.6458162476319709,-0.278094452664516,0.0,-0.7373948598996948,0.8202616798457323,0.0,0.0,0.0,0.0,3.8615848803587145,-0.18248378496677412,-3.2255749976154138,0.0,-0.1794871794871795,0.1283908062473526,-1.0,1.8554709110714815,0.0,-0.17601805313365473,-0.1654961372529347,0.3279009358923169,0.0,-0.6046543968124583,Biotechnology,Healthcare,INFI
2016Q3,2016,Q3,2016-11-09,2016-09-30,-19498000.0,0.0,-19934000.0,-0.39,0.0,0.0,151902000.0,102121000.0,123476000.0,25900000.0,49781000.0,0.0,-602759000.0,77350690.56,-1459309.4399999976,2.0595648060365552,4.7674131274131275,0.12966912878039788,0.19287903565378325,-0.14086139278521712,2.0595648060365552,-0.1909303669176761,0.0,-0.9917772407426403,0.7574415699023708,0.0,0.0,0.0,0.0,4.335830115830116,-0.12835907361325063,-2.203032968585344,0.0,-1.3714285714285712,0.12211462593677351,-1.0,0.9564841168266237,0.0,-1.3679492744050876,-1.3758012216273283,0.44321929213547095,0.0,-0.5701896030964065,Biotechnology,Healthcare,INFI
2016Q2,2016,Q2,2016-08-09,2016-06-30,52991000.0,9467000.0,53044000.0,1.05,0.0,0.0,187290000.0,118831000.0,157477000.0,44272000.0,68459000.0,0.0,-583261000.0,65751292.46,-36797707.54,2.403682484205878,3.5570337911095047,0.10572908323989536,0.166640018177075,0.33479976015400637,2.403682484205878,0.44593582482685495,6.945314509348263,0.3102002814628899,0.5533176735027056,0.0,0.0,0.0,0.05054727961984089,3.3469913263462234,0.28293555448769286,-1.405092263275991,0.0,2.280487804878049,3.4277855313264687,-0.7450634149399006,0.6639113674427997,0.0,2.3031428290379696,2.30111852433281,2.575904329354977,0.0,-0.5568621297538027,Biotechnology,Healthcare,INFI
2016Q1,2016,Q1,2016-05-04,2016-03-31,-40664000.0,9256000.0,-40768000.0,-0.82,0.0,0.0,240500000.0,61646000.0,208041000.0,66772000.0,178854000.0,0.0,-636252000.0,260021209.76,166171209.76,1.2494150777156203,3.1156922063140238,0.08276507276507276,0.3228919962365766,-0.4018293644535562,1.2494150777156203,-0.6596372838464782,28.092179101123595,-1.5985958695652172,4.217973749472796,0.0,0.0,0.0,0.03848648648648648,2.9274546216977178,-0.16908108108108108,-4.986694470206931,0.0,-0.024999999999999883,-8.481700858338009,-0.8168943855163282,-0.3172389108482737,-1.0,-0.03761163562133197,-0.04100914151473367,-0.43623863486166187,0.0,-0.7943865717525123,Biotechnology,Healthcare,INFI
2015Q4,2015,Q4,2016-02-23,2015-12-31,-39190000.0,9079000.0,-39162000.0,-0.8,9080000.0,1.0001101442890186,288821000.0,98557000.0,254697000.0,70056000.0,190264000.0,0.0,-595588000.0,386439054.25,218276054.25,2.00205554146576,3.635620075368277,0.06927127875050637,0.20299927960469577,-0.28157145237614617,2.00205554146576,-0.39763791511511104,42.564054879392,-2.465163653036489,3.9209701416439215,0.0,0.0,0.0,0.031434694845596405,3.517414639716798,-0.13568957935884163,4.7266206884953155,1.0001101442890186,-1.9523809523809526,-0.6104361797289459,-0.6684464911898245,0.07362304288612888,-0.8999371852374288,-1.9211639714178264,-1.9052704576976423,0.1931451569076142,0.0,-0.6926607269813057,Biotechnology,Healthcare,INFI
2015Q3,2015,Q3,2015-11-05,2015-09-30,42544000.0,90743000.0,43260000.0,0.84,90743000.0,1.0,333226000.0,133611000.0,300315000.0,74312000.0,199615000.0,0.0,-556398000.0,415642343.34999996,298464343.34999996,2.716308788224909,4.041271934546238,0.06033742865202595,0.15048162202213888,0.24609727740833093,2.716308788224909,0.3184168968123882,4.580434230188554,2.4424263312688037,3.110839252381914,0.0,0.0,0.0,0.2723166859728833,3.9423107977177305,0.12767311074165882,-11.429735827031486,1.0,2.076923076923077,2.0714687496374715,1.189326901177962,-0.061390471743019426,17.59487704918033,2.1071093993962737,2.120957711442786,0.5058347296471343,0.0,-0.5157646341988211,Biotechnology,Healthcare,INFI
2015Q2,2015,Q2,2015-08-06,2015-06-30,-38428000.0,4880000.0,-38592000.0,-0.78,4880000.0,1.0,240878000.0,87261000.0,208467000.0,58231000.0,153617000.0,0.0,-598942000.0,537382539.4499999,422980539.4499999,1.7780777748714032,3.580000343459669,0.08388063667084582,0.23154673909306564,-0.3022769462133139,1.7780777748714032,-0.4403800093970961,110.11937283811474,-3.4960350489877174,6.158335790903152,0.0,0.0,0.0,0.02025921835950149,3.425580876165616,-0.1595330416227302,-15.485635970549247,1.0,0.5916230366492147,-2.2942663180337184,-0.8578537327054129,-0.510504458908951,0.11849644739857897,0.5881331589890892,0.5833072396480052,-0.4453252122589465,-0.8771885063220394,15.185535415574032,Biotechnology,Healthcare,INFI
2015Q1,2015,Q1,2015-05-06,2015-03-31,-93302000.0,4363000.0,-92615000.0,-1.91,4363000.0,1.0,267642000.0,121079000.0,239370000.0,44321000.0,146563000.0,0.0,-560514000.0,684172574.34,479209574.34000003,2.4740606149448188,5.4008257936418405,0.06756039784488234,0.14934051321864236,-0.5889928327493116,2.4740606149448188,-0.7705877980492075,156.8124167636947,-1.8332205481661703,5.65062954219972,0.0,0.0,0.0,0.016301626799979076,5.258297421087069,-0.34860746818511296,-6.789447001488538,1.0,-1.3012048192771086,-4.983932602097963,-0.8537087802043852,-0.3482849936116809,0.0016069788797061523,-1.3127757671905211,-1.3681855374859364,-3.7611980136202696,-0.9052779040879542,8.514227318921279,Biotechnology,Healthcare,INFI
2014Q4,2014,Q4,2015-02-24,2014-12-31,-40342000.0,4356000.0,-39108000.0,-0.83,4356000.0,1.0,369144000.0,209472000.0,344568000.0,54877000.0,159672000.0,0.0,-467212000.0,824044808.13,532095808.13,4.2934341010274935,6.278914663702462,0.04186983941226188,0.07378551787351054,-0.16343105494716012,4.2934341010274935,-0.19258898564008556,189.1746575137741,-5.106618462954241,3.9339138793251607,0.0,0.0,0.0,0.01180027306417008,6.074912987225978,-0.10928526537069545,-17.175472260827878,1.0,-1.4088669950738917,-1.7454420513064455,-0.8220662747129512,0.06040519449392599,0.0,-1.3908464690893942,-1.363113034112644,-0.5746512363606,-0.8929129515720962,6.449055264660271,Biotechnology,Healthcare,INFI
2014Q3,2014,Q3,2014-11-10,2014-09-30,103217000.0,160639000.0,107702000.0,2.03,0.0,0.0,396825000.0,245516000.0,390715000.0,58413000.0,151309000.0,0.0,-426870000.0,652653356.96,331396356.96000004,5.048353287182945,6.688836389159947,0.0,0.0,0.4386760944296909,5.048353287182945,0.42040844588540055,4.062857444082695,1.5807797091564373,2.6582925632545336,0.0,0.0,0.0,0.40481068481068483,6.517093797613545,0.2601071001071001,2.7405598118801073,0.0,3.6025641025641018,6.952391994842376,5.271236873260035,0.17160382159439597,0.0,3.7145224069009046,4.05780478110272,5.738146844636574,2.779540964999647,3.7956845026451664,Biotechnology,Healthcare,INFI
2014Q2,2014,Q2,2014-08-11,2014-06-30,-38024000.0,0.0,-35222000.0,-0.78,0.0,0.0,165585000.0,138485000.0,160187000.0,26506000.0,27100000.0,0.0,-530086000.0,618448687.22,532932687.22,2.8527813809917397,6.043424130385573,0.0,0.0,-0.2543380149474672,2.8527813809917397,-0.27457125320431813,0.0,-4.06617325386598,4.465817144239448,0.0,0.0,0.0,0.0,5.616728287934807,-0.22963432678080745,-20.557395533173782,0.0,0.10344827586206894,-0.8065011884355838,-1.0,-0.38122605345070304,0.0,0.10036435905929116,0.14706380917786657,-0.7741258100314196,-1.0,0.9747930102463391,Biotechnology,Healthcare,INFI
2014Q1,2014,Q1,2014-05-06,2014-03-31,-42266000.0,0.0,-41295000.0,-0.87,0.0,0.0,199781000.0,173053000.0,194250000.0,26123000.0,26728000.0,0.0,-492062000.0,574866839.63,519895839.63,3.5792639758527867,7.4359759598820965,0.0,0.0,-0.23862631679312118,3.5792639758527867,-0.24423731457992637,0.0,-3.400291248462121,3.3219120132560547,0.0,0.0,0.0,0.0,6.974160701297707,-0.2115616600177194,-13.145522389837872,0.0,-0.2775528410022779,-4.733738530924853,-1.0,-0.28782252039208056,0.0,-0.28370539104024295,-0.24818643453028655,-9.057268801613064,-1.0,0.9559409951918449,Biotechnology,Healthcare,INFI
2013Q4,2013,Q4,2014-02-25,2013-12-31,-32925000.0,0.0,-33084000.0,-0.6809894448807764,0.0,0.0,230710000.0,201275000.0,224941000.0,22206000.0,29435000.0,0.0,-449796000.0,667696472.27,612705472.27,4.162981033208148,10.129739709988291,0.056880932772745,0.06519935411750093,-0.15431114096213583,4.162981033208148,-0.16358216370637188,0.0,-5.069828946621109,3.3173343548379086,0.0,0.0,0.0,0.0,9.631901287940197,-0.14271162931819167,-18.106040954253327,0.0,0.04085993678763883,-1.3772548122080692,-1.0,-0.10332698954988116,0.0,0.02984854735105192,0.03195224719101124,-0.37759002566993133,-1.0,1.2324417438878583,Biotechnology,Healthcare,INFI
2013Q3,2013,Q3,2013-11-07,2013-09-30,-33938000.0,0.0,-34176000.0,-0.71,0.0,0.0,260812000.0,230260000.0,255004000.0,23536000.0,30552000.0,0.0,-416871000.0,837562726.77,784084726.77,4.791798478756939,10.834636301835486,0.0,0.0,-0.14842352123686267,4.791798478756939,-0.14738990706158256,0.0,-6.1698002738081215,3.6374651557804225,0.0,0.0,0.0,0.0,10.634899728076139,-0.13012438078002547,-31.292039407083614,0.0,-0.0441176470588234,-0.12622106347366463,-1.0,1.9298822344851345,0.0,-0.0413304286459452,-0.04338268966569989,0.12507554629224418,-1.0,0.6557866061272583,Biotechnology,Healthcare,INFI
2013Q2,2013,Q2,2013-08-08,2013-06-30,-32591000.0,0.0,-32755000.0,-0.68,0.0,0.0,287723000.0,259906000.0,281826000.0,20846000.0,27817000.0,0.0,-382933000.0,794442737.0799999,739194737.0799999,5.424231702134702,13.519428187661902,0.0,0.0,-0.12602633259716975,5.424231702134702,-0.12539533523658553,0.0,-6.094034680433248,3.056654086785222,0.0,0.0,0.0,0.0,13.272570277271418,-0.11327214021819597,-30.057233441035144,0.0,-0.19298245614035106,-0.20368187146839745,-1.0,1.4749619587354124,0.0,-0.19267364414843008,-0.18415820107732908,-1.861540977642064,-1.0,0.4932627073816703,Biotechnology,Healthcare,INFI
2013Q1,2013,Q1,2013-05-07,2013-03-31,-27326000.0,0.0,-27661000.0,-0.57,0.0,0.0,313493000.0,289365000.0,307835000.0,17287000.0,24128000.0,0.0,-350342000.0,2358625880.91,2257483880.91,6.076524711273991,17.807311852837394,0.0,0.0,-0.09559207229623486,6.076524711273991,-0.09443436490245884,0.0,-21.578587068268316,8.151040661137317,0.0,0.0,0.0,0.0,17.502632035633713,-0.08716622061736626,-92.18063395122523,0.0,0.4222946942641269,-27.726354477295807,-1.0,1.2487103862001523,0.0,0.41841013089283813,-47.273996509598604,-0.8011071989455948,-1.0,0.6006731270466608,Biotechnology,Healthcare,INFI
2012Q4,2012,Q4,2013-03-05,2012-12-31,-46985000.0,0.0,-573000.0,-0.9866622209293054,0.0,0.0,335660000.0,310205000.0,329749000.0,18663000.0,25455000.0,0.0,-323016000.0,1666705145.0,1490963145.0,6.514154607712571,17.668595616996196,0.0,0.0,-0.0018471655840492577,6.514154607712571,-0.1514643542173724,0.0,-8.868283202085772,5.372915152882771,0.0,0.0,0.0,0.0,17.46868134812195,-0.13997795388190432,-45.38833759973857,0.0,-2.897427347940972,-1.4732764155941285,-1.0,1.5063603521607494,0.0,-3.5531163397272185,0.97938033034654,-2.276004832451269,-1.0,0.6088853866656144,Biotechnology,Healthcare,INFI
2012Q3,2012,Q3,2012-11-06,2012-09-30,18403000.0,0.0,-27789000.0,0.52,0.0,0.0,198191000.0,179727000.0,192443000.0,17858000.0,18464000.0,0.0,-276031000.0,752936851.0,700019851.0,5.609480389212614,10.776290738044574,0.0,0.0,-0.1546178370528635,5.609480389212614,0.10239418673877604,0.0,10.22845257566701,4.189336332326251,0.0,0.0,0.0,0.0,10.570612610594692,0.09285487232013563,-24.495310397553517,0.0,1.962962962962963,6.626543903151673,-1.0,0.9197508265336125,-1.0,2.2552349771502627,-0.945054945054945,2.6108989082470946,-1.0,0.3018281976909029,Biotechnology,Healthcare,INFI
2012Q2,2012,Q2,2012-08-07,2012-06-30,-14661000.0,21911000.0,-14287000.0,-0.54,21911000.0,1.0,113049000.0,-3392000.0,107280000.0,37087000.0,116441000.0,0.0,-294434000.0,366953058.6,386229058.6,-0.1253444246397133,2.8926578046215656,0.34433741121106776,-11.476120283018869,,-0.1253444246397133,4.322228773584905,16.74743547076811,-6.2572992735829756,-108.18191586084907,0.0,0.0,0.0,0.19381860962945271,2.8018443120230807,-0.12968712682111297,-145.2704111638955,1.0,-0.35000000000000003,-1.5403808864791704,1.7932089919881382,-1.042284277339345,-0.13058487421633203,-0.3673754896474538,-0.4060623954335203,-0.24947469683731718,0.6063487313343248,-1.0271874546115074,Biotechnology,Healthcare,INFI
2012Q1,2012,Q1,2012-05-08,2012-03-31,-10722000.0,25202000.0,-10161000.0,-0.4,25202000.0,1.0,114924000.0,6963000.0,108654000.0,28235000.0,107961000.0,0.0,-279774000.0,320251197.76000005,335023197.76000005,0.26003799699262675,3.848202585443598,0.3326894295360412,5.491023983914979,,0.26003799699262675,-1.5398535114174925,12.707372341877631,-7.467151598582355,45.993278437455125,0.0,0.0,0.0,0.2192927499912986,3.7021781476890383,-0.09329643938602902,-27.96709438127675,1.0,0.23825761266427342,-1.6865702734535262,1.9837445974083545,-0.9168125202056181,0.12887454316684202,0.23745697805096508,0.2535105062463855,-1.6263243403106293,1.5863151225143548,-0.9482594168661793,Biotechnology,Healthcare,INFI
2011Q4,2011,Q4,2012-03-13,2011-12-31,-14060846.0,22324890.0,-13611712.0,-0.5251119100763734,22324890.0,1.0,124490069.0,15433456.0,117980295.0,28985629.0,109056613.0,0.0,-269051664.0,236707407.04,250063228.04,0.5763729692537466,4.070303080191912,0.3016529374724662,2.4332071183537893,-0.2568913962227673,0.5763729692537466,-0.9110626939293441,10.602847630604227,-4.208626690029889,15.337291079846276,0.0,0.0,0.0,0.17933069022557935,3.984594779709628,-0.11294753158181638,-25.522043372961885,1.0,-0.16691535572527413,-0.8769997288411197,0.8041371767334988,-0.8209883429991962,-0.04204706775277252,-0.17716004872111266,-0.1751226147946509,-1.2909017114924082,-0.6778078013480524,-0.8758538457513577,Biotechnology,Healthcare,INFI
2011Q3,2011,Q3,2011-11-08,2011-09-30,-11944719.0,23304788.0,-11583227.0,-0.45,23304788.0,1.0,97704138.0,28071293.0,78433147.0,25435590.0,69632845.0,0.0,-254990818.0,187997640.6,164906302.6,1.052686698718069,3.0835984932922726,0.0,0.0,-0.412636033545017,1.052686698718069,-0.4255136733459339,8.066910567905616,-3.9347438939333776,6.6971493119323,0.0,0.0,0.0,0.23852406333086937,2.9613141664887666,-0.12225397249807372,-26.443177834712593,1.0,-0.02272727272727275,0.45854302611817505,-0.16354385686541995,-0.9094122344164699,0.16777469725647867,-0.018305896398385983,-0.019125988355990105,0.2857174985949269,5.9075440530719865,-0.35634854622413636,Biotechnology,Healthcare,INFI
2011Q2,2011,Q2,2011-08-09,2011-06-30,-11729991.0,19956579.0,-11365844.0,-0.44,19956579.0,1.0,104804690.0,38380042.0,84885779.0,21153042.0,66424648.0,0.0,-243046099.0,219451514.79999998,201989840.79999998,1.4445976698266108,4.0129348298934975,0.0,0.0,,1.4445976698266108,-0.3056273622629178,10.996449581864706,-4.677145847767488,5.717854993488543,0.0,0.0,0.0,0.1904168506199484,3.8626784270555508,-0.11192238629778878,-24.94631263192069,1.0,-3.888888888888889,0.3469124549472337,0.0,-0.8857948443528101,-0.26594884559312654,-4.085524453240669,-4.777969599918662,0.21867584762450304,4.927815709126941,-0.340860701601,Biotechnology,Healthcare,INFI
2011Q1,2011,Q1,2011-05-10,2011-03-31,-2306545.0,27186905.0,-1967100.0,-0.09,27186905.0,1.0,114444753.0,48559502.0,93772360.0,19378480.0,65885251.0,0.0,-231316108.0,156031962.24,134312294.24,1.8299447604255163,4.838994596067391,0.0,0.0,,1.8299447604255163,-0.04749935450326488,5.7392322605313115,-16.91187059433048,3.2132117466937777,0.0,0.0,0.0,0.23755484010699904,4.699476893956595,-0.020154222360897575,-16.476456665499825,1.0,0.8179368223071356,0.9372271516226159,0.5414789573060136,-0.8615365989346823,0.8418340251554475,0.8241650116468873,0.8536380661563977,-5.048368899504445,0.7697627028031038,-0.32280111009724455,Biotechnology,Healthcare,INFI
2010Q4,2010,Q4,2011-03-16,2010-12-31,-13117668.0,14760779.0,-13439970.0,-0.49433389629081165,14760779.0,1.0,124565922.0,49483515.0,103128975.0,27750605.0,75082407.0,0.0,-229009563.0,157358764.64,136941767.64,1.8647658083826197,3.716278437893516,0.0,0.0,-0.2716049981493837,1.8647658083826197,-0.2650916775010829,10.660600273196962,-2.9989851214407928,3.1800239865741147,0.0,0.0,0.0,0.11849773006135658,3.6127851987371087,-0.10530703573967846,-17.673666775536827,1.0,0.38971123914714617,0.5919001563022618,-0.31847633881962595,-0.8719603679986613,-0.3347738744875584,0.3828931564750744,0.37656039997450574,-0.23915190142100273,1.0812017446343107,-0.2825200859277162,Biotechnology,Healthcare,INFI
2010Q3,2010,Q3,2010-11-09,2010-09-30,-21256721.0,22189115.0,-21557774.0,-0.81,22189115.0,1.0,139892679.0,76206974.0,117871552.0,28858817.0,63685705.0,0.0,-217263165.0,145094896.12,126914592.12,2.893971035292127,4.084420785508983,0.0,0.0,-0.27386191287018163,2.893971035292127,-0.2789340644860141,6.539012309413873,-1.7064590549972407,1.9039582403573718,0.0,0.0,0.0,0.1586152696382346,3.9871555025973517,-0.15195020319826744,-15.024748331272665,1.0,-2.3750000000000004,-14.335507751712564,-0.5075929573819994,-0.8175110031588374,0.206743600047358,-2.402252811653057,-2.6916196376085426,-6.907505673979599,1.1973290298990606,-0.009586824182438577,Biotechnology,Healthcare,INFI
2010Q2,2010,Q2,2010-08-04,2010-06-30,-6247837.0,18387597.0,-5839652.0,-0.24,18387597.0,1.0,146823144.0,95479923.0,124130277.0,14948399.0,51343221.0,0.0,-196006444.0,155345088.75,130915051.75,3.6324698094454564,8.303917830932932,5.983389103832295e-05,9.200887185466205e-05,,3.6324698094454564,-0.06543613362570475,8.448362706121959,-6.2159547676259805,1.6269921871428406,0.0,0.0,0.0,0.12523636600507615,8.008989725254189,-0.04255348870611298,-25.379506066686087,1.0,0.25000000000000006,-0.12284322224842897,-0.6020598588272277,-0.771333129098947,0.14969216236400096,0.2527791587877341,0.28200794018671366,-0.1145657908315767,1.4132759515229045,0.22539443849124474,Biotechnology,Healthcare,INFI
2010Q1,2010,Q1,2010-05-06,2010-03-31,-8361433.0,15993496.0,-8133310.0,-0.32,15993496.0,1.0,152235954.0,99629410.0,128840671.0,15399921.0,52606544.0,0.0,-189758607.0,160090211.7,143452707.7,3.7962308535069544,8.366320255798716,7.072573670737465e-05,0.00010807049846024381,,3.7962308535069544,-0.08392534895067631,10.009707177217539,-4.786566241097669,1.6068569682385954,0.0,0.0,0.0,0.10505728495648275,8.16339551352244,-0.054924167256836055,-41.5589563728884,1.0,-0.062492841164046874,0.5474434999376422,-0.44291786733181043,-0.7638979163176094,0.21450705057456634,-0.05784443192229769,-0.002969332110529346,-1.1376064705230096,0.9319446671346637,0.21443358691104378,Biotechnology,Healthcare,INFI
2009Q4,2009,Q4,2010-03-12,2009-12-31,-7904218.0,13168714.0,-8109231.0,-0.30117849984703343,13168714.0,1.0,157317833.0,106259532.0,133613034.0,12978125.0,51058301.0,0.0,-181397174.0,162189755.45999998,145914474.45999998,4.048861815578447,10.295249429328196,7.594816030805611e-05,0.00011244167723230702,,4.048861815578447,-0.07438596661615261,12.316294169650885,-5.129848248745163,1.5263548823083468,0.0,0.0,0.0,0.08370770019442106,10.024642696845653,-0.05024362368378161,-17.586856633342055,1.0,0.16339305598046266,-2.4234628554725774,-0.7714187685917648,-0.7587040132542007,-0.044065203007169484,0.15241767156125527,0.12743892380958632,-0.07655520984743389,0.08579598894906258,0.25750772717950343,Biotechnology,Healthcare,INFI
2009Q3,2009,Q3,2009-11-09,2009-09-30,-9325605.0,13775745.0,-9293597.0,-0.36,13775745.0,1.0,167175948.0,112698031.0,143086165.0,15581651.0,54477917.0,0.0,-173492956.0,162942890.11,128981954.11000001,4.308925247711135,9.182991263249319,8.065155401421741e-05,0.00011963829252704513,,4.308925247711135,-0.08274860631770932,11.828245231746088,-4.368158690776631,1.4458361753454239,0.0,0.0,0.0,0.08240267314051661,8.973487276797561,-0.055783174024531326,-17.232196086730113,1.0,0.16279069767441862,-4.066222540598577,-0.7298448985737445,-0.7387319720552894,0.04638385877445491,0.1765462927561084,0.2974861628480151,0.5689963539821316,-0.49588568853414666,-0.6292003017308473,Biotechnology,Healthcare,INFI
2009Q2,2009,Q2,2009-08-06,2009-06-30,-11324990.0,13165097.0,-13229059.0,-0.43,13165097.0,1.0,176995925.0,120417330.0,152186778.0,16860798.0,56578595.0,0.0,-164167351.0,152533546.72,134288488.72,4.610377338769324,9.026072075592152,8.466861595824876e-05,0.00012445052551821238,,4.610377338769324,-0.09404784178489924,11.586207585101727,-3.3671894350458587,1.2667075969879087,0.0,0.0,0.0,0.07438079153517235,8.87755294856151,-0.06398446743901025,-49.35753749377099,1.0,-1.866666666666667,-4.6855677918116045,-0.7560187043812078,-0.7239223701042247,0.3962113053996974,-1.8667580317391528,0.2282922356593315,0.3586168238884136,0.0,-0.6355186827695596,Biotechnology,Healthcare,INFI
2009Q1,2009,Q1,2009-05-06,2009-03-31,-3950452.0,9429158.0,-17142576.0,-0.15,9429158.0,1.0,187010917.0,130222018.0,162430793.0,16246469.0,56788899.0,0.0,-152842361.0,212985847.14000002,198901209.14000002,5.02580336831671,9.997913577405651,8.800021016954855e-05,0.00012637647805457906,,5.02580336831671,-0.030336283070041197,22.588002782432962,-13.478574549190828,1.6355594116196235,0.0,0.0,0.0,0.05042036128831987,9.845736018084914,-0.021124178541940417,14.705139742286695,1.0,-1.0830970615721034,-1.8944078769931885,-0.8109663349059374,-0.6895225749013688,-0.8593695842015017,-1.0844621765738693,-1.3808634351861067,0.8898932335038969,-0.45246982327787105,-0.6197208557809982,Biotechnology,Healthcare,INFI
2008Q4,2008,Q4,2009-03-13,2008-12-31,46771847.0,67049208.0,45009771.0,1.8051179808547724,67049208.0,1.0,160617508.0,120295467.0,136617866.0,16030742.0,40322041.0,0.0,-148891909.0,207026389.13,190469742.13,4.642696930421026,8.522242201889345,0.00011145733876035482,0.0001488169126106805,,4.642696930421026,0.3888080587442252,3.0876783679532798,1.106575869935177,1.7209824633707937,0.0,0.0,0.0,0.41744644674726245,8.37319039879751,0.2912001785010884,8.885012513824734,1.0,3.8652666362774166,6.393533227668748,0.09714763446535522,-0.7101662610393757,25.8196832,4.774505637566865,4.458845598836728,2.490224262123904,2.170462556950803,-0.6812204493493792,Biotechnology,Healthcare,INFI
2008Q3,2008,Q3,2008-11-05,2008-09-30,-12391516.0,2500000.0,-13012946.0,-0.63,2500000.0,1.0,93804675.0,32316936.0,87352126.0,19808265.0,61487739.0,0.0,-195663756.0,153138186.5,134350292.5,1.6354918373021219,4.409882743390196,0.0003451427127699126,0.0010018276485122227,,1.6354918373021219,-0.38343721694408156,61.2552746,-3.0895773063602547,4.738635695537473,0.0,0.0,0.0,0.02665112373130657,4.298739541297534,-0.13209913045378602,-10.91525710710044,1.0,-0.10526315789473695,-7.999487732977801,-0.932539686527571,-0.8964320520197533,0.0,-0.11149984428348156,-0.08825679655275478,-10.913656365664236,-0.9260662008704496,-0.8968686068065479,Biotechnology,Healthcare,INFI
2008Q2,2008,Q2,2008-08-06,2008-06-30,-11148464.0,2500000.0,-11957606.0,-0.57,2500000.0,1.0,107947855.0,43239120.0,101123086.0,20477266.0,64708735.0,0.0,-183272240.0,154676096.96,147173511.96,2.1916424545394735,4.938309928678955,0.0006697678244741408,0.001672096934442699,,2.1916424545394735,-0.25783281435884914,61.870438784,-3.4685517430921426,3.5772258306829556,0.0,0.0,0.0,0.023159330030226168,4.841905017984335,-0.10327638284243813,-14.565957962383134,1.0,-29.499999999999996,-1.721876247116365,-0.9315687253507507,-0.8604877987331733,-0.780537311378403,-27.387521598144335,-12.264063165554452,-1.669361372047459,-0.9279165297682812,-0.8620343599524776,Biotechnology,Healthcare,INFI
2008Q1,2008,Q1,2008-05-09,2008-03-31,422490.0,11391458.0,-901504.0,0.02,11391458.0,1.0,118948366.0,53173172.0,112114494.0,18970627.0,65775194.0,0.0,-172123776.0,117081368.95,91088391.95,2.702226462137723,5.909899235275671,0.0017958716641807422,0.0040173642452626295,,2.702226462137723,0.007945548179822712,10.277996806905666,69.28055631494237,2.201887992501181,0.0,0.0,0.0,0.09576809150955466,5.801517893952583,0.0035518772910255866,-11.186110215145709,1.0,1.0501342072926363,-0.5295313765624798,-0.7228900614680336,-0.8297812364075025,1.1659560236007651,1.0538207523975325,0.9031545584082311,1.0304980902234298,-0.4708007077570578,-0.8319382242776343,Biotechnology,Healthcare,INFI
2007Q4,2007,Q4,2008-03-14,2007-12-31,-7849946.0,5259321.0,-9308688.0,-0.39892921579988067,5259321.0,1.0,129724604.0,51142903.0,121839932.0,24742562.0,78581701.0,0.0,-172546266.0,187920516.55,165151813.55,2.599049495056318,4.9243054134814335,0.003052759367066559,0.0077433617720136065,,2.599049495056318,-0.15349042661891915,35.73094636170715,-5.984770995558441,3.6744202132991948,0.0,0.0,0.0,0.04054220123115581,4.8233937132298585,-0.060512391311674386,-68.11253780848006,1.0,-2.9892921579988063,0.9523206512993295,-0.868456160458519,-0.8362795551493517,-0.2994212552395336,-2.9280958361897707,-1.616308051719699,-2.885463009286344,-0.8782438242566839,-0.8451070347479398,Biotechnology,Healthcare,INFI
2007Q3,2007,Q3,2007-11-07,2007-09-30,-1998410.0,7507109.0,-3557948.0,-0.1,7507109.0,1.0,135729898.0,57201332.0,127147723.0,21031202.0,78528566.0,0.0,-164696320.0,184212032.59,166552777.59,2.921983578119532,6.0456707609959714,0.00450276622177967,0.010684366580834166,,2.921983578119532,-0.034936424207743975,24.538345265800725,-23.044824709393968,3.2204150873619515,0.0,0.0,0.0,0.055309177348678185,5.879513115798137,-0.014723432563104114,-26.288859530473392,1.0,0.5238095238095237,0.23246326885208374,-0.7788030390588924,-0.8790743794377487,0.3277119364999637,0.5195925403556834,0.38339217593301855,-1.8778700794152021,-0.8033065957918322,-0.8228280039094106,Biotechnology,Healthcare,INFI
2007Q2,2007,Q2,2007-08-09,2007-06-30,-4159823.0,5654170.0,-5770196.0,-0.21,5654170.0,1.0,138995657.0,57821190.0,129937943.0,21044818.0,81174467.0,0.0,-162697910.0,212221711.36,196366479.36,2.9643269916565806,6.174343869355392,0.006468921543354408,0.015550561999848153,,2.9643269916565806,-0.07194288114789751,37.53366300624141,-12.754251284249355,3.670310337092682,0.0,0.0,0.0,0.04067875300593025,6.069501527644477,-0.02992771925240801,-33.51047614115026,1.0,-0.4,0.8658552105437156,-0.790131894002986,-0.8780617647950741,0.0,-0.4395305684865045,-0.23992002894910786,-2.8127296280084586,-0.8596886069711549,-0.8224908049910121,Biotechnology,Healthcare,INFI
2007Q1,2007,Q1,2007-05-09,2007-03-31,-2889708.0,6115750.0,-4653684.0,-0.15,0.0,0.0,144733793.0,60605884.0,136084719.0,20504861.0,84127909.0,0.0,-158538088.0,233433097.23999998,208370657.23999998,3.1259270942619484,6.636705267107151,0.008618837205489392,0.020582770478193173,,3.1259270942619484,-0.04768032094045522,38.16916931529248,-20.1952149871198,3.8516573281894537,0.0,0.0,0.0,0.0422551628975826,6.5445056662417755,-0.019965675880545743,9.056284557930335,0.0,0.46382865457152034,-0.1841830936159072,-0.8089089894130262,-0.8788725301081629,-1.0,0.46724153856279693,-0.2527394431903039,-1.8743509152631144,-0.8361452829703517,-0.8068906154604384,Biotechnology,Healthcare,INFI
