Quarters,Year,Quarter,FillingDate,Date,NetIncome,Revenue,OperatingIncome,EPSDiluted,GrossProfit,GrossProfitRatio,TotalAssets,CommonStockEquity,CurrentAssets,CurrentLiability,TotalLiability,Inventory,RetainedEarnings,MarketCap,EnterpriseValue,bookValuePerShare,currentRatio,debtToAssets,debtToEquity,roic,shareholdersEquityPerShare,roe,priceToSalesRatio,peRatio,pbRatio,payoutRatio,inventoryTurnover,dividendYield,assetTurnover,quickRatio,returnOnAssets,priceToFreeCashFlowsRatio,grossProfitMargin,epsdilutedGrowth,fiveYNetIncomeGrowthPerShare,fiveYRevenueGrowthPerShare,fiveYShareholdersEquityGrowthPerShare,grossProfitGrowth,netIncomeGrowth,operatingIncomeGrowth,threeYNetIncomeGrowthPerShare,threeYRevenueGrowthPerShare,threeYShareholdersEquityGrowthPerShare,Industry,Sector,Symbol
2023Q1,2023,Q1,2023-05-04,2023-03-31,26000000.0,1614000000.0,73000000.0,0.05,425000000.0,0.2633209418,7766000000.0,2165000000.0,2364000000.0,1549000000.0,5601000000.0,163000000.0,-138000000.0,5269014319.84,7727014319.84,9.236869942968365,1.52614590058102,0.36325006438320884,1.3030023094688221,0.00958130988318677,9.236869942968365,0.012009237875288684,3.264568971400248,50.66359922923077,2.433724859048499,0.0,7.294478527607362,0.0,0.20782899819727016,1.3389283408650743,0.003347926860674736,-239.50065090181818,0.26332094175960347,0.25000000000000006,0.0,0.0,0.0,-0.08207343412526998,0.18181818181818182,4.65,1.0971030132778525,0.3629418641522355,0.028606219592202706,Engineering & Construction,Industrials,APG
2022Q4,2022,Q4,2023-03-01,2022-12-31,22000000.0,1703000000.0,-20000000.0,0.04,463000000.0,0.271873165,8091000000.0,2127000000.0,2652000000.0,1921000000.0,5964000000.0,163000000.0,-164000000.0,4401540000.0,6824540000.0,9.08974358974359,1.3805309734513274,0.3742429860338648,1.4236013164080865,-0.003137389121816263,9.08974358974359,0.010343206393982134,2.5845801526717556,50.0175,2.0693653032440054,0.0,7.607361963190184,0.0,0.21048078111481894,1.237376366475794,0.0027190705722407614,26.044615384615383,0.271873165002936,-0.3333333333333333,1.0817991732305456,-0.016450817822899,-0.31132646702567024,0.05227272727272727,-0.21428571428571427,-1.3278688524590163,1.0817991732305456,-0.016450817822899,-0.31132646702567024,Engineering & Construction,Industrials,APG
2022Q3,2022,Q3,2022-11-03,2022-09-30,28000000.0,1735000000.0,61000000.0,0.06,440000000.0,0.2536023055,7941000000.0,2947000000.0,2472000000.0,1523000000.0,4994000000.0,150000000.0,-186000000.0,3105180000.0,5720180000.0,12.594017094017094,1.6231122783978988,0.3790454602694875,1.0213776722090262,0.00600816096805966,12.594017094017094,0.009501187648456057,1.7897291066282421,27.724821428571428,1.0536749236511707,0.0,8.633333333333333,0.0,0.2184863367334089,1.4149704530531846,0.0035260042815766276,25.8765,0.25360230547550433,0.0,0.0,0.0,0.0,0.011494252873563218,-0.06666666666666667,0.03389830508474576,0.425479242551182,0.13136895409507152,2.584150134257286,Engineering & Construction,Industrials,APG
2022Q2,2022,Q2,2022-08-04,2022-06-30,30000000.0,1649000000.0,59000000.0,0.06,435000000.0,0.2637962401,8054000000.0,2953000000.0,2361000000.0,1453000000.0,5101000000.0,149000000.0,-214000000.0,3489579948.81,6212579948.809999,12.668117838960836,1.6249139710942877,0.3790663024584058,1.0338638672536404,0.006444612740671697,12.668117838960836,0.01015916017609211,2.11617947168587,29.079832906750003,1.18170672157467,0.0,8.14765100671141,0.0,0.20474298485224732,1.4053682037164488,0.003724857213806804,109.0493734003125,0.26379624014554276,2.986754966887417,-0.5874342336634133,0.12642956202807482,0.0,0.15691489361702127,5.285714285714286,13.75,-0.5874342336634133,0.12642956202807482,0.0,Engineering & Construction,Industrials,APG
2022Q1,2022,Q1,2022-05-04,2022-03-31,-7000000.0,1471000000.0,4000000.0,-0.0302,376000000.0,0.2556084296,8142000000.0,3075000000.0,2227000000.0,1367000000.0,5067000000.0,142000000.0,-255000000.0,4878960000.0,7630960000.0,13.254310344827585,1.6291148500365764,0.3766887742569393,0.9973983739837399,0.00019036611483156,13.254310344827585,-0.0022764227642276423,3.316764106050306,-174.24857142857144,1.5866536585365856,0.0,7.711267605633803,0.0,0.18066814050601818,1.4272128749085589,-0.0008597396217145664,-37.53046153846154,0.2556084296397009,-1.4527736131934035,0.0,0.0,0.0,0.3722627737226277,-1.4666666666666666,-0.92,0.9735879271685034,0.25496484718873086,0.4759833299886942,Engineering & Construction,Industrials,APG
2021Q4,2021,Q4,2022-03-01,2021-12-31,15000000.0,1112000000.0,50000000.0,0.0667,274000000.0,0.2464028777,5159000000.0,2323000000.0,2626000000.0,867000000.0,2836000000.0,69000000.0,-237000000.0,5798250000.0,6483250000.0,10.324444444444444,3.0288350634371395,0.36305485559216905,0.8062849763237193,0.005282955073750054,10.324444444444444,0.0064571674558760225,5.214253597122302,96.6375,2.4960180800688767,0.0,12.144927536231885,0.0,0.21554564838146928,2.5051903114186853,0.002907540220973057,56.845588235294116,0.24640287769784172,-0.16625000000000006,1.0580030501089324,-0.33208751720248164,-0.21778083602099546,0.0873015873015873,-0.21052631578947367,0.21951219512195122,1.0580030501089324,-0.33208751720248164,-0.21778083602099546,Engineering & Construction,Industrials,APG
2021Q3,2021,Q3,2021-11-10,2021-09-30,19000000.0,1047000000.0,41000000.0,0.08,252000000.0,0.2406876791,4783000000.0,2297000000.0,2239000000.0,792000000.0,2486000000.0,71000000.0,-252000000.0,4171750000.0000005,4620750000.0,11.204878048780488,2.827020202020202,0.32970938741375705,0.6865476708750544,0.006522649250607049,11.204878048780488,0.00827165868524162,3.984479465138491,54.891447368421055,1.816173269481933,0.0,11.19718309859155,0.0,0.21890027179594396,2.619949494949495,0.003972402257997073,104.29375000000002,0.24068767908309455,-0.11111111111111106,0.0,0.0,0.0,0.08620689655172414,-0.09523809523809523,-0.1276595744680851,0.0,0.0,0.0,Engineering & Construction,Industrials,APG
2021Q2,2021,Q2,2021-08-11,2021-06-30,21000000.0,978000000.0,47000000.0,0.09,232000000.0,0.2372188139,4243000000.0,1828000000.0,1685000000.0,730000000.0,2415000000.0,69000000.0,-271000000.0,4198890000.0,5092890000.0,9.09452736318408,2.308219178082192,0.3723780344096158,0.8643326039387309,0.009351904491188175,9.09452736318408,0.011487964989059081,4.293343558282208,49.986785714285716,2.2969857768052515,0.0,10.81159420289855,0.0,0.23049728965354702,2.1013698630136988,0.004949328305444261,-144.78931034482758,0.23721881390593047,3.1582733812949635,-0.6650758039988736,-0.2252215479304508,0.0,0.281767955801105,3.625,24.5,-0.6650758039988736,-0.2252215479304508,0.0,Engineering & Construction,Industrials,APG
2021Q1,2021,Q1,2021-05-12,2021-03-31,-8000000.0,803000000.0,-2000000.0,-0.0417,181000000.0,0.2254047323,4218000000.0,1791000000.0,1633000000.0,781000000.0,2427000000.0,66000000.0,-292000000.0,3970560000.0,4763560000.0,9.328125,2.090909090909091,0.36462778568041726,0.8587381351200447,-0.00033078354351870993,9.328125,-0.00446677833612507,4.944657534246575,-124.08,2.2169514237855945,0.0,9.424242424242424,0.0,0.1903745851114272,1.910371318822023,-0.001896633475580844,283.6114285714286,0.22540473225404734,0.6792307692307692,0.0,0.0,0.0,-0.08585858585858586,0.6363636363636364,0.9047619047619048,0.0,0.0,0.0,Engineering & Construction,Industrials,APG
2020Q4,2020,Q4,2021-03-24,2020-12-31,-22000000.0,882000000.0,-21000000.0,-0.13,198000000.0,0.2244897959,4065000000.0,1558000000.0,1437000000.0,841000000.0,2507000000.0,64000000.0,-284000000.0,3067349999.9999995,4094349999.9999995,9.218934911242604,1.708680142687277,0.3793357933579336,0.9897304236200257,-0.007953723788864787,9.218934911242604,-0.014120667522464698,3.4777210884353735,-34.856249999999996,1.9687740693196403,0.0,10.6875,0.0,0.21697416974169742,1.5410225921521998,-0.005412054120541206,20.04803921568627,0.22448979591836735,-2.0,0.8867396062961673,-0.29469141260925724,-0.30153844133188296,-0.10810810810810811,-1.8148148148148149,-1.3387096774193548,0.8867396062961673,-0.29469141260925724,-0.30153844133188296,Engineering & Construction,Industrials,APG
2020Q3,2020,Q3,2020-11-12,2020-09-30,27000000.0,958000000.0,62000000.0,0.13,222000000.0,0.2317327766,3826000000.0,1598000000.0,1504000000.0,834000000.0,2228000000.0,57000000.0,-262000000.0,2404870000.0,3229870000.0,9.455621301775148,1.803357314148681,0.3376894929430214,0.8085106382978723,0.010125204137180186,9.455621301775148,0.016896120150187734,2.510302713987474,22.267314814814814,1.504924906132666,0.0,12.912280701754385,0.0,0.25039205436487194,1.646282973621103,0.0070569785676947204,26.720777777777776,0.23173277661795408,-0.23529411764705885,0.0,0.0,0.0,0.27586206896551724,-0.25,1.2962962962962963,0.0,0.0,0.0,Engineering & Construction,Industrials,APG
2020Q2,2020,Q2,2020-08-12,2020-06-30,36000000.0,889000000.0,27000000.0,0.17,174000000.0,0.1957255343,3770000000.0,1565000000.0,1394000000.0,821000000.0,2205000000.0,60000000.0,-289000000.0,2053350000.0,2975350000.0,9.2603550295858,1.6979293544457978,0.34456233421750665,0.8300319488817891,0.01358148893360161,9.2603550295858,0.023003194888178913,2.309730033745782,14.259375,1.3120447284345047,0.0,11.916666666666666,0.0,0.23580901856763925,1.5444579780755177,0.009549071618037135,12.007894736842106,0.19572553430821146,1.1491228070175439,-0.3171283510103829,-0.16237468797657528,0.0,0.07407407407407407,1.1855670103092784,2.0384615384615383,-0.3171283510103829,-0.16237468797657528,0.0,Engineering & Construction,Industrials,APG
2020Q1,2020,Q1,2020-06-02,2020-03-31,-194000000.0,858000000.0,-26000000.0,-1.14,162000000.0,0.1888111888,3886000000.0,1525000000.0,1450000000.0,919000000.0,2361000000.0,59000000.0,-325000000.0,1766149652.8,2834149652.8,8.979986477848033,1.5778019586507073,0.3870303654143078,0.9862295081967213,-0.0065378707850240764,8.979986477848033,-0.12721311475409836,2.0584494787878787,-2.275966047422681,1.1581309198688525,0.0,11.796610169491526,0.0,0.22079258878023675,1.467899891186072,-0.049922799794132784,40.13976483636363,0.1888111888111888,0.008695652173913052,0.0,0.0,0.0,-0.18181818181818182,-0.2679738562091503,0.8385093167701864,0.0,0.0,0.0,Engineering & Construction,Industrials,APG
2019Q4,2019,Q4,2019-12-31,2019-12-31,-153000000.0,985000000.0,-161000000.0,-1.15,198000000.0,0.2010152284,4011000000.0,1757000000.0,1342000000.0,823000000.0,2254000000.0,58000000.0,-131000000.0,1384416800.0,2440416800.0,13.198915239976863,1.6306196840826246,0.32710047369733236,0.746727376209448,-0.05112267324698396,13.198915239976863,-0.08708025042686397,1.4054992893401015,-2.262118954248366,0.7879435401252134,0.0,13.568965517241379,0.0,0.2455746696584393,1.4957472660996354,-0.0381451009723261,9.95983309352518,0.20101522842639594,-10.583333333333334,0.0,0.0,0.0,-0.15401245908923886,-11.72780816154817,-8.102836722989368,0.0,0.0,0.0,Engineering & Construction,Industrials,APG
2019Q3,2019,Q3,2019-09-30,2019-09-30,14262000.0,1113470000.0,22667000.0,0.12,234046000.0,0.2101951557,2104282000.0,597004000.0,1293110000.0,1116422000.0,1507134000.0,60325000.0,0.0,1766983504.0,2297170504.0,3.5138084684688713,1.1582627357755402,0.315450590747818,1.1118803224099,0.015851211535557914,3.5138084684688713,0.023889287173955283,1.5869161306546202,30.973627541719253,2.9597515326530477,0.0,14.578101947782843,0.0,0.5291448579610527,1.080191898762296,0.006777608704536749,27.424430848504603,0.21019515568448185,-0.7272727272727273,0.0,0.0,0.0,0.12522115384615384,-0.7309056603773585,-0.6402063492063492,0.0,0.0,0.0,Engineering & Construction,Industrials,APG
2019Q2,2019,Q2,2019-06-30,2019-06-30,53000000.0,1067000000.0,63000000.0,0.44,208000000.0,0.1949390815,,,,,,,,1766983504.0,,,0.0,0.0,0.0,0.0,,0.0,1.6560295257731958,8.334827849056603,0.0,,0.0,,0.0,0.0,0.0,0.0,0.1949390815370197,0.0,0.0,0.0,0.0,0.0,0.0,0.0,0.0,0.0,0.0,Engineering & Construction,Industrials,APG
2019Q1,2019,Q1,2019-02-28,2019-02-28,,,,,,,1254000933.0,1252790608.0,1254000933.0,0.0,1210325.0,0.0,25242971.0,0.0,-10029463.0,0.0,0.0,0.0,0.0,,0.0,,0.0,0.0,0.0,0.0,0.0,,,0.0,,0.0,0.0,0.0,0.0,0.0,0.0,0.0,0.0,0.0,0.0,0.0,0.0,Engineering & Construction,Industrials,APG
2018Q3,2018,Q3,2018-08-31,2018-08-31,,,,,,,1242148337.0,1240798635.0,1242148337.0,139377.0,1349702.0,0.0,13250998.0,0.0,-11672995.0,0.0,8912.147176363389,0.0,0.0,,0.0,,0.0,0.0,0.0,0.0,0.0,,,8911.365957080436,,0.0,0.0,0.0,0.0,0.0,0.0,0.0,0.0,0.0,0.0,0.0,0.0,Engineering & Construction,Industrials,APG
2018Q1,2018,Q1,2018-02-28,2018-02-28,,,,,,,1232312571.0,1231093915.0,1232312571.0,8331.0,1218656.0,0.0,3546278.0,0.0,-18636422.0,0.0,147918.9258192294,0.0,0.0,,0.0,,0.0,0.0,0.0,0.0,0.0,,,147885.6210538951,,0.0,0.0,0.0,0.0,0.0,0.0,0.0,0.0,0.0,0.0,0.0,0.0,Engineering & Construction,Industrials,APG
