Quarters,Year,Quarter,FillingDate,Date,NetIncome,Revenue,OperatingIncome,EPSDiluted,GrossProfit,GrossProfitRatio,TotalAssets,CommonStockEquity,CurrentAssets,CurrentLiability,TotalLiability,Inventory,RetainedEarnings,MarketCap,EnterpriseValue,bookValuePerShare,currentRatio,debtToAssets,debtToEquity,roic,shareholdersEquityPerShare,roe,priceToSalesRatio,peRatio,pbRatio,payoutRatio,inventoryTurnover,dividendYield,assetTurnover,quickRatio,returnOnAssets,priceToFreeCashFlowsRatio,grossProfitMargin,epsdilutedGrowth,fiveYNetIncomeGrowthPerShare,fiveYRevenueGrowthPerShare,fiveYShareholdersEquityGrowthPerShare,grossProfitGrowth,netIncomeGrowth,operatingIncomeGrowth,threeYNetIncomeGrowthPerShare,threeYRevenueGrowthPerShare,threeYShareholdersEquityGrowthPerShare,Industry,Sector,Symbol
2023Q1,2023,Q1,2023-05-11,2023-03-31,-4321000.0,1230000.0,-4375000.0,-0.0726,571000.0,0.4642276423,68978000.0,63519000.0,66876000.0,3883000.0,5459000.0,3027000.0,-218071000.0,42851177.28,-17750822.72,1.067267760256971,17.22276590265259,0.01857113862390907,0.020167194067916686,-0.06657640854074559,1.067267760256971,-0.06802688959209055,34.83835551219512,-2.4792396019439944,0.6746198346951305,0.0,0.21770730095804428,0.0,0.017831772449186697,16.073911923770282,-0.06264316158775261,-8.188644616854576,0.46422764227642277,0.156794425087108,0.9862072723820854,-0.9842678996011185,1.8557871227910818,-0.1515601783060921,0.18671183888575194,0.1258741258741259,0.8038565182975062,-0.7178939777654968,-0.1537140145252614,Medical Devices,Healthcare,RWLK
2022Q4,2022,Q4,2023-02-23,2022-12-31,-5313000.0,2179000.0,-5005000.0,-0.0861,673000.0,0.308857274,74236000.0,68165000.0,72510000.0,4782000.0,6071000.0,2929000.0,-213750000.0,46882365.2407,-20116634.7593,1.1051536379188533,15.163111668757843,0.012083086373188211,0.013159245947333675,-0.07700610438579873,1.1051536379188533,-0.07794322599574562,21.51554164327673,-2.206021326966874,0.6877776753568546,0.0,0.5141686582451349,0.0,0.029352335793954416,14.414889167712253,-0.07156905005657632,-11.935429032764766,0.3088572739788894,0.010344827586206874,0.9862855063143612,-0.9771226216673736,-0.7075170799280585,2.0452488687782804,0.026923076923076925,0.07877783913123504,0.75003679288798,-0.6896729371071034,0.06354286063007268,Medical Devices,Healthcare,RWLK
2022Q3,2022,Q3,2022-11-07,2022-09-30,-5460000.0,886000.0,-5433000.0,-0.087,221000.0,0.2494356659,80771000.0,75590000.0,78895000.0,4220000.0,5181000.0,3330000.0,-208437000.0,55773494.9054,-17562505.0946,1.2037803640219717,18.695497630331754,0.008555050698889453,0.009141420822860166,-0.07092183151420003,1.2037803640219717,-0.07223177669003837,62.949768516252824,-2.5537314517124545,0.737842239785686,0.0,0.1996996996996997,0.0,0.01096928352997982,17.6478672985782,-0.06759851927053026,-12.103623026345486,0.24943566591422123,-0.22362869198312235,0.9871130476570613,-0.9929416656801109,-0.22164819343316647,-0.7037533512064343,-0.22807017543859648,-0.24154478976234003,0.8129409897176144,-0.9166364653705977,-0.37821388282053736,Medical Devices,Healthcare,RWLK
2022Q2,2022,Q2,2022-08-09,2022-06-30,-4446000.0,1570000.0,-4376000.0,-0.0711,746000.0,0.4751592357,85798000.0,80913000.0,83753000.0,3799000.0,4885000.0,3098000.0,-202977000.0,58791798.98,-19223201.020000003,1.2936875775118526,22.0460647538826,0.00952236648872934,0.010097264963602881,-0.05332405994730987,1.2936875775118526,-0.05494790701123429,37.44700571974522,-3.3058816340530814,0.7266051064723839,0.0,0.2659780503550678,0.0,0.01829879484370265,20.978678599631483,-0.05181938972936432,-15.958685933767644,0.4751592356687898,-0.021551724137931057,0.9922399143732272,-0.9913859009274653,-0.7381732969411025,1.8150943396226416,-0.022068965517241378,-0.020522388059701493,0.9192064479798663,-0.8507769052030743,-0.6094179797180417,Medical Devices,Healthcare,RWLK
2022Q1,2022,Q1,2022-05-13,2022-03-31,-4350000.0,876000.0,-4288000.0,-0.0696,265000.0,0.3025114155,89998000.0,85186000.0,87806000.0,3620000.0,4812000.0,3232000.0,-198531000.0,72492455.36,-9171544.64,1.363117851496098,24.255801104972377,0.010755794573212739,0.011363369567769352,-0.049652079810117634,1.363117851496098,-0.05106472894607095,82.75394447488584,-4.166233066666667,0.8509902491019651,0.0,0.1890470297029703,0.0,0.00973354963443632,22.98232044198895,-0.048334407431276254,-12.69347843810191,0.3025114155251142,-0.12621359223300962,0.9928412212788512,-0.9963079505804852,-0.7315326747357132,-0.1945288753799392,-0.12752721617418353,-0.11929000261028452,0.9441160680945101,-0.9715272165300826,1.1301691409463006,Medical Devices,Healthcare,RWLK
2021Q4,2021,Q4,2022-02-24,2021-12-31,-3858000.0,1242000.0,-3831000.0,-0.0618,329000.0,0.2648953301,94750000.0,89383000.0,92521000.0,4038000.0,5367000.0,2989000.0,0.0,76829788.89,-10448211.11,1.430969570375973,22.912580485388805,0.011176781002638522,0.011847890538469285,-0.04246274118050183,1.430969570375973,-0.04316257006365864,61.8597334057971,-4.978602183125972,0.8595570621930344,0.0,0.3054533288725326,0.0,0.013108179419525067,22.02129767211491,-0.04071767810026385,-29.941460985970384,0.2648953301127214,-0.03000000000000005,0.9955969207884136,-0.9923878571257204,-0.8944810661402953,-0.7114035087719298,-0.4422429906542056,-0.4391435011269722,0.975978392007827,-0.9754240692297151,0.4358392812172679,Medical Devices,Healthcare,RWLK
2021Q3,2021,Q3,2021-11-10,2021-09-30,-2675000.0,1972000.0,-2662000.0,-0.06,1140000.0,0.5780933062880325,98718000.0,92993000.0,96330000.0,4381000.0,5725000.0,3066000.0,-190323000.0,70320896.3,-19732103.700000003,1.9968378872895567,21.98813056379822,0.01189246135456553,0.012624606153151313,-0.027775464623861795,1.9968378872895567,-0.028765606013355843,35.659683722109534,-6.57204638317757,0.7561955878399449,0.0,0.2713633398564905,0.0,0.01997609351891246,21.114357452636384,-0.02709738852083713,-27.256161356589146,0.5780933062880325,0.14285714285714296,0.9962983311378718,-0.9845624692418571,-0.7832462625514348,0.5680880330123796,0.1483603947787329,0.15249920407513531,0.9819852011971891,-0.9627704111980682,1.5437357822683286,Medical Devices,Healthcare,RWLK
2021Q2,2021,Q2,2021-08-09,2021-06-30,-3141000.0,1436000.0,-3141000.0,-0.07,727000.0,0.5062674094707521,71705000.0,66078000.0,69195000.0,4202000.0,5627000.0,3346000.0,-187648000.0,77948245.17999999,15014245.179999992,1.4326405904600508,16.46715849595431,0.018157729586500245,0.019703986198129485,-0.045863921581622044,1.4326405904600508,-0.04753473168074094,54.281507785515316,-6.204094649793059,1.179639897999334,0.0,0.21189479976090855,0.0,0.02002649745484973,15.472394098048548,-0.04380447667526672,-24.597111132849477,0.5062674094707521,0.12499999999999993,0.9962940337377193,-0.9810932072723276,-0.9117028900383305,0.028288543140028287,-0.025800130633572827,-0.039721946375372394,0.9846030858734176,-0.976941814125893,2.485777501980579,Medical Devices,Healthcare,RWLK
2021Q1,2021,Q1,2021-05-11,2021-03-31,-3062000.0,1316000.0,-3021000.0,-0.08,707000.0,0.5372340425531915,74561000.0,69019000.0,71919000.0,4022000.0,5542000.0,3493000.0,-184507000.0,87574449.38,21578449.379999995,1.9072455628609972,17.881402287419196,0.01897774976193989,0.020501601008417972,-0.042673658115155534,1.9072455628609972,-0.044364595256378675,66.5459341793313,-7.150102006858263,1.2688455263043508,0.0,0.1743486973947896,0.0,0.017649977870468476,16.8843858776728,-0.041067045774600665,-27.521825700817093,0.5372340425531915,0.4285714285714286,0.9939741919403965,-0.9913019960601769,-0.9409212889620528,0.7587064676616916,-0.03972835314091681,-0.08629989212513485,0.9839254326719175,-0.9723174750884158,2.5293221190377557,Medical Devices,Healthcare,RWLK
2020Q4,2020,Q4,2021-02-18,2020-12-31,-2945000.0,1218000.0,-2781000.0,-0.14,402000.0,0.33004926108374383,28067000.0,21774000.0,25248000.0,4668000.0,6293000.0,3542000.0,-181445000.0,27225686.400000002,11078686.400000002,1.055682474914572,5.408740359897172,0.14974881533473475,0.19302838247451087,-0.09975543609329166,1.055682474914572,-0.13525305410122165,22.352780295566504,-2.3111788115449916,1.2503759713419675,0.0,0.23037831733483907,0.0,0.043396159190508425,4.505998286203941,-0.10492749492286314,-11.076357363710335,0.33004926108374383,0.22222222222222213,0.9907368627742382,-0.9784731718061361,-0.9754237422616889,0.025510204081632654,0.11720623501199041,0.093841642228739,0.9772668751577149,-0.961758916638079,-0.7206098027119195,Medical Devices,Healthcare,RWLK
2020Q3,2020,Q3,2020-11-10,2020-09-30,-3336000.0,747000.0,-3069000.0,-0.18,392000.0,0.5247657295850067,26234000.0,16789000.0,23305000.0,7645000.0,9445000.0,3707000.0,-178500000.0,20392229.52,5776229.52,0.8891681011248249,3.0483976455199477,0.13089883357475032,0.20453868604443384,-0.1416478587940945,0.8891681011248249,-0.19870153076419084,27.29883469879518,-1.5281946582733814,1.2146184716183217,0.0,0.09576476935527381,0.0,0.028474498742090418,2.4545454545454546,-0.12716322329801022,-7.6777972590361445,0.5247657295850067,0.18181818181818185,0.986572225435134,-0.9834976684693161,-0.9844224082939791,-0.6164383561643836,-0.16847635726795096,-0.2025862068965517,0.9738145671601146,-0.9802091138581055,-0.42507319562867013,Medical Devices,Healthcare,RWLK
2020Q2,2020,Q2,2020-08-12,2020-06-30,-2855000.0,1668000.0,-2552000.0,-0.22,1022000.0,0.6127098321342925,22706000.0,11899000.0,19696000.0,8847000.0,10807000.0,3455000.0,-175164000.0,23058244.0,13760244.0,0.9082322140402366,2.2262913982140837,0.2099004668369594,0.40053786032439703,-0.14221107741370617,0.9082322140402366,-0.23993612908647785,13.823887290167866,-2.019110683012259,1.9378304059164635,0.0,0.1869753979739508,0.0,0.07346075927067736,1.708827851249011,-0.12573769047828767,-7.210207629768606,0.6127098321342925,0.4054054054054054,0.9818018441394835,-0.8987688695421991,-0.986898863760462,1.739946380697051,0.2565104166666667,0.2915047196002221,0.9762108732241358,-0.9563100458059401,-0.8161847958133776,Medical Devices,Healthcare,RWLK
2020Q1,2020,Q1,2020-05-28,2020-03-31,-3840000.0,760000.0,-3602000.0,-0.37,373000.0,0.49078947368421055,25217000.0,13083000.0,21962000.0,10351000.0,12134000.0,3340000.0,-172309000.0,4481618.112,-4528381.888,1.2611195016519963,2.121727369336296,0.22599833445691397,0.4356034548650921,-0.17385786865835234,1.2611195016519963,-0.2935106626920431,5.896865936842105,-0.2917720125,0.3425527869754643,0.0,0.11586826347305389,0.0,0.03013839869929016,1.6740411554439185,-0.15227822500693977,-1.0302570372413793,0.49078947368421055,-0.07368473286713288,0.9688435272701537,-0.9445899305358667,-0.9843892257481849,-0.4790502793296089,-0.07412587412587412,-0.12316806984720922,0.9619315997623316,-0.9807042922631533,-0.7516213443499818,Medical Devices,Healthcare,RWLK
2019Q4,2019,Q4,2020-02-20,2019-12-31,-3575000.0,1181000.0,-3207000.0,-0.3446076754877235,716000.0,0.6062658763759525,24372000.0,10780000.0,21073000.0,10168000.0,13592000.0,3123000.0,-168469000.0,22408090.560000002,13120090.560000002,1.0391246830091354,2.072482297403619,0.28577876251436074,0.6461038961038961,-0.1629534167156497,1.0391246830091354,-0.33163265306122447,18.973827739204065,-1.56699933986014,2.0786725936920223,0.0,0.148895292987512,0.0,0.04845724602002298,1.6765342250196695,-0.14668472017068768,-6.217561198668148,0.6062658763759525,0.2508528793745142,0.9699370768068324,-0.9628152968133608,-0.9886533451654637,0.10323574730354391,-0.05488344644437887,-0.0580666446717255,0.9754334738006242,-0.956417848963381,-0.9233754994037933,Medical Devices,Healthcare,RWLK
2019Q3,2019,Q3,2019-11-13,2019-09-30,-3389000.0,1234000.0,-3031000.0,-0.46,649000.0,0.5259319286871961,28426000.0,14115000.0,25137000.0,9459000.0,14311000.0,2980000.0,-164894000.0,22309820.46,9325820.46,1.9360039260486277,2.657469077069458,0.2612397101245339,0.5261069783917818,-0.12919953624273958,1.9360039260486277,-0.24009918526390364,18.07927103727715,-1.6457524682797287,1.580575307120085,0.0,0.19630872483221476,0.0,0.04341096179553929,2.218204884237234,-0.11922183916133118,-6.808001361000915,0.5259319286871961,0.47727272727272724,0.9925147307890921,-0.9886058674619751,-0.9959286502693555,0.49195402298850577,0.2611728798779159,0.28429752066115704,0.9700443912461597,-0.9382952088855262,-0.789849697185115,Medical Devices,Healthcare,RWLK
2019Q2,2019,Q2,2019-08-09,2019-06-30,-4587000.0,877000.0,-4235000.0,-0.88,435000.0,0.4960091220068415,31972000.0,17268000.0,28516000.0,8370000.0,14704000.0,2661000.0,-161505000.0,23095565.779999997,6907565.7799999975,3.3122046339407754,3.4069295101553165,0.2460277743025147,0.4555246699096595,-0.15581926691359324,3.3122046339407754,-0.26563585823488534,26.334738631698972,-1.2587511325485066,1.337477749594626,0.0,0.16610296880871853,0.0,0.027430251470036283,2.923655913978495,-0.1434692856249218,-6.236987788279772,0.4960091220068415,0.296,0.9135741670251084,-0.8450051509117001,-0.45071533418692894,-0.5302375809935205,-0.14675,-0.18461538461538463,0.9521196822972395,-0.8978454359075414,-0.7958608050573901,Medical Devices,Healthcare,RWLK
2019Q1,2019,Q1,2019-05-08,2019-03-31,-4000000.0,1581000.0,-3575000.0,-1.25,926000.0,0.5857052498418722,17036000.0,2055000.0,13414000.0,7271000.0,14981000.0,2478000.0,-156918000.0,17020345.8,16444345.8,0.6399106180322142,1.8448631549993124,0.48638177976050717,4.032116788321168,-0.28686856917901743,0.6399106180322142,-1.9464720194647203,10.765557115749527,-1.0637716124999999,8.282406715328467,0.0,0.26432606941081516,0.0,0.09280347499413008,1.369000137532664,-0.23479690068091102,-4.001962332471197,0.5857052498418722,0.5,0.9378160415085526,-0.7210235131280814,-0.7801575738183524,0.50814332247557,0.2028696691909127,0.10017618927762396,0.9112967282792837,-0.882248860010782,-0.9801781714798543,Medical Devices,Healthcare,RWLK
2018Q4,2018,Q4,2019-02-08,2018-12-31,-5018000.0,1579000.0,-3973000.0,-2.5,614000.0,0.3888537048765041,14962000.0,1945000.0,13237000.0,5382000.0,13017000.0,2240000.0,-152918000.0,8494421.6975,7635421.6975,0.9966084568760604,2.4594946116685246,0.5806041972998263,4.4663239074550125,-0.3730142033620406,0.9966084568760604,-2.579948586118252,5.379621087713743,-0.423197573610004,4.367311926735218,0.0,0.43080357142857145,0.0,0.10553401951610747,1.9145299145299146,-0.33538297019115093,-3.2545677001915707,0.3888537048765041,0.23076923076923078,0.9944648429426238,-0.9843107659278245,-0.9986855245943494,-0.1942257217847769,-0.10699316126185748,0.03638127577007034,0.8331933637323448,-0.7050660580368199,-0.9767989837073419,Medical Devices,Healthcare,RWLK
2018Q3,2018,Q3,2018-11-08,2018-09-30,-4533000.0,1617000.0,-4123000.0,-3.25,762000.0,0.4712430426716141,11874000.0,-5221000.0,10100000.0,11049000.0,17095000.0,2472000.0,-147900000.0,31632157.5,38824157.5,-3.6724415652014883,0.9141098741967599,1.0461512548425131,-2.379237693928366,-0.5731916098716168,-3.6724415652014883,0.8682244780693353,19.562249536178108,-1.7445487260092654,-6.058639628423673,0.0,0.345873786407767,0.0,0.13617988883274382,0.5786043985881075,-0.3817584638706417,-10.184210399227302,0.4712430426716141,0.2777777777777778,0.9927691552086604,-0.9792955126510289,0.0,-0.00651890482398957,0.21817868230424284,0.21853677028051555,0.7576707297225653,-0.5255648234043557,-1.0643385600479365,Medical Devices,Healthcare,RWLK
2018Q2,2018,Q2,2018-08-14,2018-06-30,-5798000.0,1770000.0,-5276000.0,-4.5,767000.0,0.43333333333333335,17025000.0,-1264000.0,15205000.0,11071000.0,18289000.0,3016000.0,-143367000.0,32113331.794999998,36100331.795,-0.9642362928165922,1.3734080028904345,0.7683406754772394,-10.34889240506329,-0.44647541677244645,-0.9642362928165922,4.587025316455696,18.143125307909603,-1.384672809373922,-25.40611692642405,0.0,0.33255968169761274,0.0,0.10396475770925111,0.9891608707433837,-0.34055800293685756,-7.939018985166872,0.43333333333333335,0.14285714285714285,0.6469361629753216,0.37848157207280547,0.0,0.12463343108504399,0.08360992571518887,0.0968846285518658,0.6306403573893048,0.07359695078030432,-1.0139089880803738,Medical Devices,Healthcare,RWLK
2018Q1,2018,Q1,2018-05-15,2018-03-31,-6327000.0,1579000.0,-5842000.0,-5.25,682000.0,0.4319189360354655,17720000.0,-1499000.0,15882000.0,10797000.0,19219000.0,3480000.0,-137570000.0,33054202.5,38473202.5,-1.2471182749001433,1.4709641567101972,0.8034424379232505,-9.497665110073383,-0.45862772805777985,-1.2471182749001433,4.220813875917278,20.93363046231792,-1.3060772285443338,-22.050835557038024,0.0,0.25775862068965516,0.0,0.08910835214446952,0.9617486338797814,-0.3570541760722348,-6.576641961798647,0.4319189360354655,0.16,0.42112067083326327,-0.3976988357229312,0.0,0.1310116086235489,-0.026777020447906523,-0.03987184051263795,0.5569303470574293,-0.006393686034730005,-1.0154374599942961,Medical Devices,Healthcare,RWLK
2017Q4,2017,Q4,2018-03-08,2017-12-31,-6162000.0,1515000.0,-5618000.0,-6.25,603000.0,0.39801980198019804,22863000.0,3707000.0,20938000.0,9727000.0,19156000.0,3643000.0,-131220000.0,26979452.5,27764452.5,3.7785236746372077,2.1525650251876223,0.671477933779469,4.141354194766658,-0.29933516997819243,3.7785236746372077,-1.662260588076612,17.808219471947194,-1.0945899261603376,7.277974777448071,0.0,0.2503431237990667,0.0,0.06626426978086865,1.610979747095713,-0.26951843590080043,-4.970422347089167,0.39801980198019804,0.07407407407407407,0.9864787891741913,-0.9700548257602625,-0.9950163211984495,-0.1483050847457627,-0.05405405405405406,-0.04970104633781764,0.45206692505203827,-0.4955969361228323,-0.9587406548787989,Medical Devices,Healthcare,RWLK
2017Q3,2017,Q3,2017-11-02,2017-09-30,-5846000.0,1732000.0,-5352000.0,-6.75,708000.0,0.40877598152424943,21484000.0,1340000.0,19396000.0,9617000.0,20144000.0,3500000.0,-125058000.0,31408087.5,34146087.5,1.546576180418499,2.0168451700114383,0.7291938186557438,11.691044776119403,-0.31552203885872154,1.546576180418499,-4.362686567164179,18.1339997113164,-1.34314435083818,23.438871268656715,0.0,0.2925714285714286,0.0,0.08061813442561906,1.4758240615576583,-0.27210947681995906,-5.379939619732785,0.40877598152424943,0.2702702702702703,0.9846987310304555,-0.9636112055939258,0.0,-0.044534412955465584,0.07338722459977809,0.002794857462269424,0.8913484730113966,-0.8654278588463693,-0.9967476034367246,Medical Devices,Healthcare,RWLK
2017Q2,2017,Q2,2017-08-03,2017-06-30,-6309000.0,2007000.0,-5367000.0,-9.25,741000.0,0.3692077727952167,24321000.0,3403000.0,22043000.0,11813000.0,20918000.0,3415000.0,-119212000.0,30131762.5,29854762.5,4.941007018756371,1.865995090154914,0.6569631182928334,4.695268880399647,-0.2767452349242805,4.941007018756371,-1.8539523949456362,15.013334578973593,-1.193999148042479,8.854470320305612,0.0,0.37071742313323575,0.0,0.08252127790798076,1.4703292982307627,-0.2594054520784507,-5.8023806085114575,0.3692077727952167,0.05128205128205128,0.2687722323557184,1.9750357760249253,0.0,-0.29361296472831266,0.01421875,0.05092838196286472,0.10018389381557478,1.6849947816693434,-0.18060032847410107,Medical Devices,Healthcare,RWLK
2017Q1,2017,Q1,2017-05-04,2017-03-31,-6400000.0,2499000.0,-5655000.0,-9.75,1049000.0,0.41976790716286516,25274000.0,3342000.0,22937000.0,12835000.0,21932000.0,3047000.0,-112903000.0,34556025.0,34306025.0,5.077406906610352,1.7870666147253604,0.6678009021128433,5.050269299820466,-0.28028671769941854,5.077406906610352,-1.9150209455415919,13.827941176470588,-1.3498447265625,10.339923698384201,0.0,0.47587791270101737,0.0,0.09887631558122972,1.4436306973120374,-0.2532246577510485,-5.702314356435644,0.41976790716286516,0.30357142857142855,-0.0693003152313745,0.740713679386656,0.0,8.946969696969697,0.250936329588015,0.29620410703173616,0.5145702587951807,1.151443873399238,0.7443521354485187,Medical Devices,Healthcare,RWLK
2016Q4,2016,Q4,2017-02-17,2016-12-31,-8544000.0,1591000.0,-8035000.0,-14.0,-132000.0,-0.08296668761785041,31763000.0,8260000.0,29487000.0,12398000.0,23503000.0,3264000.0,-106492000.0,42636160.0,36971160.0,13.56125880004203,2.378367478625585,0.567106381639014,2.1807506053268764,-0.3045440837851297,13.56125880004203,-1.0343825665859565,26.798340666247643,-1.2475468164794008,5.161762711864407,0.0,0.5278799019607843,0.0,0.05008972704089664,2.010969511211486,-0.26899222365645564,-5.7764747324210814,-0.08296668761785041,0.0967741935483871,0.9698021846489806,-0.9493470450089176,-0.9821133956476802,-1.4551724137931035,-0.07878787878787878,-0.08537079562339592,0.9698021846489806,-0.9493470450089176,-0.9821133956476802,Medical Devices,Healthcare,RWLK
2016Q3,2016,Q3,2016-11-03,2016-09-30,-7920000.0,1400000.0,-7403000.0,-15.5,290000.0,0.20714285714285716,20819000.0,4702000.0,18372000.0,10496000.0,16117000.0,3425000.0,-97948000.0,73879676.25,71959676.25,9.212472692718384,1.7503810975609757,0.5033382967481628,2.2286261165461507,-0.4882038120370659,9.212472692718384,-1.6843896214376861,52.77119732142857,-2.332060487689394,15.712393928115697,0.0,0.32408759124087594,0.0,0.06724626543061626,1.2712461890243902,-0.3804217301503434,-11.026817350746269,0.20714285714285716,0.16216216216216217,0.9648098684830915,-0.9500684686927406,0.0,2.411764705882353,0.13129318854886476,0.1379832324173265,0.9648098684830915,-0.9500684686927406,0.0,Medical Devices,Healthcare,RWLK
2016Q2,2016,Q2,2016-08-04,2016-06-30,-9117000.0,817000.0,-8588000.0,-18.5,85000.0,0.10403916768665851,24638000.0,8050000.0,22080000.0,9835000.0,16588000.0,3415000.0,-90028000.0,80374842.0,74995842.0,16.225226296556826,2.245043213014743,0.41833752739670427,1.2803726708074534,-0.4684490176033652,16.225226296556826,-1.1325465838509317,98.37801958384333,-2.203982724580454,9.984452422360247,0.0,0.2143484626647145,0.0,0.03316015910382336,1.7156075241484494,-0.37003815244743893,-11.747273019584917,0.10403916768665851,-0.32142857142857145,-0.46684918187172586,0.6811568609605861,0.0,-0.8275862068965517,-0.3171048829817972,-0.3387373343725643,-0.46684918187172586,0.6811568609605861,0.0,Medical Devices,Healthcare,RWLK
2016Q1,2016,Q1,2016-05-10,2016-03-31,-6922000.0,2061000.0,-6415000.0,-14.0,493000.0,0.23920426977195536,31099000.0,15914000.0,28779000.0,7300000.0,15185000.0,3060000.0,-80911000.0,115843485.0,104175485.0,32.28312753194537,3.942328767123288,0.32608765555162544,0.6372376523815508,-0.24685185518733993,32.28312753194537,-0.43496292572577605,56.20741630276565,-4.183887785322161,7.279344288048259,0.0,0.5124183006535947,0.0,0.06627222740281039,3.3219178082191783,-0.22257950416412103,-16.394492640815173,0.23920426977195536,0.0967741935483871,-0.5442301944377467,0.9169015212834173,0.0,13.5,0.0779272678833089,0.145236508994004,-0.5442301944377467,0.9169015212834173,0.0,Medical Devices,Healthcare,RWLK
2015Q4,2015,Q4,2016-02-29,2015-12-31,-7507000.0,1336000.0,-7505000.0,-15.5,34000.0,0.025449101796407185,25574000.0,20920000.0,23776000.0,4343000.0,4654000.0,2534000.0,-73989000.0,176178399.75,158309399.75,42.95537938100723,5.474556758001381,0.0,0.0,-0.3586520585749618,42.95537938100723,-0.3588432122370937,131.87005969311377,-5.867137330158519,8.421529624760995,0.0,0.5138121546961326,0.0,0.05224055681551576,4.608565507713562,-0.293540314381794,-22.803313454568986,0.025449101796407185,-0.16981132075471697,0.9668169253860228,-0.9468042437986534,-0.943344059196814,-0.6091954022988506,-0.17406944010009384,-0.19032513877874702,0.9668169253860228,-0.9468042437986534,-0.943344059196814,Medical Devices,Healthcare,RWLK
2015Q3,2015,Q3,2015-10-01,2015-09-30,-6394000.0,1165000.0,-6305000.0,-13.25,87000.0,0.07467811158798283,32968000.0,27738000.0,31226000.0,4962000.0,5230000.0,3348000.0,0.0,93302400.0,68164400.0,57.07994649655314,6.293027005239822,0.0,0.0,-0.22816191153078147,57.07994649655314,-0.23051409618573798,80.08789699570815,-3.648045042227088,3.3637032230153583,0.0,0.32198327359617684,0.0,0.035337296772628,5.475816203143894,-0.19394564426110167,-15.552992165360893,0.07467811158798283,-0.10416666666666667,0.9701610755355254,-0.9563597128325556,0.0,0.45,-0.10089531680440772,-0.07906897141879171,0.9701610755355254,-0.9563597128325556,0.0,Medical Devices,Healthcare,RWLK
2015Q2,2015,Q2,2015-08-06,2015-06-30,-5808000.0,610000.0,-5843000.0,-12.0,60000.0,0.09836065573770492,39123000.0,33624000.0,37621000.0,5200000.0,5499000.0,3552000.0,-60088000.0,135199882.5,104027882.5,69.32469042641365,7.234807692307692,0.0,0.0,-0.17422464509272,69.32469042641365,-0.17273376159885795,221.63915163934425,-5.819554170971074,4.020933931120628,0.0,0.15484234234234234,0.0,0.01559185134064361,6.286346153846154,-0.14845487309255426,-21.708394749518305,0.09836065573770492,0.0,0.044119074490205405,0.2839842466680881,0.0,0.8181818181818182,-0.017875920084121977,-0.05832276761456258,0.044119074490205405,0.2839842466680881,0.0,Medical Devices,Healthcare,RWLK
2015Q1,2015,Q1,2015-04-20,2015-03-31,-5706000.0,635000.0,-5521000.0,-12.0,33000.0,0.05196850393700787,42687000.0,38800000.0,41697000.0,3663000.0,3887000.0,1836000.0,0.0,148408374.0,111445374.0,80.78519881903699,11.383292383292384,0.0,0.0,-0.14269393763701915,80.78519881903699,-0.1470618556701031,233.7139748031496,-6.50229468980021,3.824958092783505,0.0,0.32788671023965144,0.0,0.014875723288120505,10.555555555555555,-0.13367067257010332,-24.08444888023369,0.05196850393700787,-0.043478260869565216,-0.3065199237235262,-0.39382313114193707,0.0,1.5238095238095237,-0.03953361267990527,-0.045842015533244934,-0.3065199237235262,-0.39382313114193707,0.0,Medical Devices,Healthcare,RWLK
2014Q4,2014,Q4,2014-12-31,2014-12-31,-5489000.0,1466000.0,-5279000.0,-11.5,-63000.0,-0.042974079126875855,47665000.0,43853000.0,46984000.0,3574000.0,3812000.0,777000.0,-48574000.0,226017200.0,182521200.0,91.57982666805889,13.146054840514829,0.0,0.0,-0.12051117972647156,91.57982666805889,-0.1251681754954051,154.17271487039562,-10.294097285480051,5.153973502382962,0.0,1.9678249678249677,0.0,0.030756320151054232,12.71712367095691,-0.11515787265288996,-79.05463448758307,-0.042974079126875855,0.8362989323843416,0.9753232439434455,-0.9406324497524667,-0.8792109087793156,-1.190332326283988,0.14740602671637154,0.32251026694045176,0.9753232439434455,-0.9406324497524667,-0.8792109087793156,Medical Devices,Healthcare,RWLK
2014Q3,2014,Q3,2014-11-10,2014-09-30,-6438000.0,1540000.0,-7792000.0,-70.25,331000.0,0.21493506493506492,53184000.0,49298000.0,52690000.0,3677000.0,3886000.0,575000.0,0.0,88509970.0,40825970.0,475.51894436299096,14.329616535218928,0.0,0.0,-0.15823119433102617,475.51894436299096,-0.13059353320621525,57.474006493506494,-3.4370134358496425,1.7954069130593533,0.0,2.102608695652174,0.0,0.028956077015643802,13.309491433233614,-0.1210514440433213,-15.171403839561194,0.21493506493506492,-4.995508276148417,0.8591711557707838,-0.7295963778674522,0.0,2.471111111111111,-0.37270788912579955,-1.0403246923278344,0.8591711557707838,-0.7295963778674522,0.0,Medical Devices,Healthcare,RWLK
2014Q2,2014,Q2,2014-06-30,2014-06-30,-4690000.0,500000.0,-3819000.0,-11.717105,-225000.0,-0.45,5236000.0,2778000.0,3669000.0,2699000.0,2458000.0,555000.0,-40781000.0,294844160.0,293940160.0,6.030032950288044,1.3593923675435347,0.0,0.0,-1.380913215098714,6.030032950288044,-1.6882649388048956,589.68832,-15.716639658848614,106.13540676745859,0.0,1.3063063063063063,0.0,0.09549274255156608,0.4731381993330863,-0.8957219251336899,-77.40723549488055,-0.45,0.4150332267834999,0.18735865848748204,0.10802292664988143,0.0,-0.13636363636363635,0.07147099584240744,-0.2583196046128501,0.18735865848748204,0.10802292664988143,0.0,Medical Devices,Healthcare,RWLK
2014Q1,2014,Q1,2014-03-31,2014-03-31,-5051000.0,445000.0,-3035000.0,-20.030377,-198000.0,-0.4449438202247191,8271000.0,734000.0,7784000.0,2022000.0,7537000.0,1228000.0,-31957000.0,161386880.0,156228880.0,2.910769450403899,3.8496538081107814,0.0,0.0,-4.14390191816963,2.910769450403899,-6.881471389645776,362.66714606741573,-7.9878677489606025,219.8731335149864,0.0,0.5236156351791531,0.0,0.05380244226816588,2.6864490603363005,-0.6106879458348446,-45.4227075710667,-0.4449438202247191,0.9568795333394203,-1.2027911033580458,-0.19090909090909097,0.0,-0.5,-0.46405797101449275,-0.11621919823464509,-1.2027911033580458,-0.19090909090909097,0.0,Medical Devices,Healthcare,RWLK
2013Q4,2013,Q4,2013-12-31,2013-12-31,-3450000.0,383000.0,-2719000.0,-464.52134105291503,-132000.0,-0.34464751958224543,11059000.0,5631000.0,10606000.0,1903000.0,5428000.0,973000.0,-26906000.0,4753280.0,-4106720.0,758.1796149185404,5.5733053074093535,0.0,0.0,-0.4837039484634896,758.1796149185404,-0.6126798082045818,12.41065274151436,-0.3444405797101449,0.8441271532587462,0.0,0.5292908530318602,0.0,0.034632426078307264,4.8155543878087235,-0.31196310697169727,-1.6311873713109128,-0.34464751958224543,0.048112006039108535,0.0,0.0,0.0,-5.6,-0.05343511450381679,-0.2127564674397859,0.0,0.0,0.0,Medical Devices,Healthcare,RWLK
2013Q3,2013,Q3,2013-09-30,2013-09-30,-3275000.0,408000.0,-2242000.0,-488.0,-20000.0,-0.049019607843137254,,,,,,,,4753280.0,,,0.0,0.0,0.0,0.0,,0.0,11.650196078431373,-0.3628458015267175,0.0,0.0,0.0,0.0,0.0,0.0,0.0,-2.1459503386004513,-0.049019607843137254,-37.954572966128524,0.0,0.0,0.0,0.9166666666666666,-0.03672048116492561,-0.09579667644183773,0.0,0.0,0.0,Medical Devices,Healthcare,RWLK
2013Q2,2013,Q2,2013-06-30,2013-06-30,-3159000.0,247000.0,-2046000.0,-12.527412389408607,-240000.0,-0.97165991902834,,,,,,,,161386880.0,,,0.0,0.0,0.0,0.0,,0.0,653.3881781376518,-12.771991136435581,0.0,0.0,0.0,0.0,0.0,0.0,0.0,-65.4713509127789,-0.97165991902834,-0.3776712205640498,0.0,0.0,0.0,-5.486486486486487,-0.3776711731356302,-0.17721518987341772,0.0,0.0,0.0,Medical Devices,Healthcare,RWLK
2013Q1,2013,Q1,2013-03-31,2013-03-31,-2293000.0,550000.0,-1738000.0,-9.09318,-37000.0,-0.06727272727272728,,,,,,,,161386880.0,,,0.0,0.0,0.0,0.0,,0.0,293.4306909090909,-17.595604012211076,0.0,0.0,0.0,0.0,0.0,0.0,0.0,-110.23693989071039,-0.06727272727272728,0.0,0.0,0.0,0.0,0.0,0.0,0.0,0.0,0.0,0.0,Medical Devices,Healthcare,RWLK
