Quarters,Year,Quarter,FillingDate,Date,NetIncome,Revenue,OperatingIncome,EPSDiluted,GrossProfit,GrossProfitRatio,TotalAssets,CommonStockEquity,CurrentAssets,CurrentLiability,TotalLiability,Inventory,RetainedEarnings,MarketCap,EnterpriseValue,bookValuePerShare,currentRatio,debtToAssets,debtToEquity,roic,shareholdersEquityPerShare,roe,priceToSalesRatio,peRatio,pbRatio,payoutRatio,inventoryTurnover,dividendYield,assetTurnover,quickRatio,returnOnAssets,priceToFreeCashFlowsRatio,grossProfitMargin,epsdilutedGrowth,fiveYNetIncomeGrowthPerShare,fiveYRevenueGrowthPerShare,fiveYShareholdersEquityGrowthPerShare,grossProfitGrowth,netIncomeGrowth,operatingIncomeGrowth,threeYNetIncomeGrowthPerShare,threeYRevenueGrowthPerShare,threeYShareholdersEquityGrowthPerShare,Industry,Sector,Symbol
2023Q1,2023,Q1,2023-04-12,2023-03-31,26257000.0,182451000.0,76585000.0,0.45,102752000.0,0.5631758664,985244000.0,129424000.0,243587000.0,214599000.0,855820000.0,18781000.0,-60021000.0,662843379.04,1042311379.04,2.2181056437938347,1.1350798465976075,0.5327015439830134,4.055206144146371,0.04615875062695249,2.2181056437938347,0.2028758190134751,3.6329939492795322,6.31111112312907,5.121487351959451,0.28582854096050575,4.243597252542463,0.011322433379163471,0.18518356874033234,1.0336115266147559,0.026650251105309955,14.113861234988502,0.5631758663970052,-0.48863636363636365,0.5059999971321932,0.5575634250554731,0.3159571567479363,-0.1673257698541329,-0.49699233716475094,-0.06260709914320685,1.3040540517093153,0.4198660169008982,3.96405963269408,Oil & Gas E&P,Energy,GPRK
2022Q4,2022,Q4,2022-12-31,2022-12-31,52200000.0,230900000.0,81700000.0,0.88,123400000.0,0.5344304894,974000000.0,115600000.0,238100000.0,229200000.0,858400000.0,14400000.0,-81147000.0,914540316.5999999,1283340316.6,1.9529155441062598,1.0388307155322862,0.5108829568788501,4.304498269896194,0.0831374586043056,1.9529155441062598,0.4515570934256055,3.960763605889995,4.379982359195402,7.911248413494809,0.0,7.465277777777778,0.0,0.23706365503080082,0.87521815008726,0.053593429158110883,8.064729423280422,0.534430489389346,-0.29032258064516125,13.053627604537738,1.2329830221193248,0.3990303618535147,-0.17623497997329773,-0.2888283378746594,-0.2356199244040268,310.9752171014938,0.466074771992181,-0.12697828180278847,Oil & Gas E&P,Energy,GPRK
2022Q3,2022,Q3,2022-08-10,2022-09-30,73400000.0,258300000.0,106884000.0,1.24,149800000.0,0.5799457995,902700000.0,82500000.0,188500000.0,204800000.0,820200000.0,12500000.0,-136522000.0,694340318.0400001,1092440318.04,1.393732979141578,0.92041015625,0.5440345629777334,5.952727272727273,0.09023774402451541,1.393732979141578,0.8896969696969697,2.6881158267131244,2.364919339373297,8.416246279272729,0.10006811989100818,8.68,0.010578386144612251,0.28614157527417744,0.7421875,0.08131162069347513,7.103879825661698,0.5799457994579946,0.10714285714285703,4.77260608903858,2.238261605857429,-0.059196281077522075,-0.13391380765717326,0.08162272881330956,-0.2544415845313579,10.317818289197234,0.7798665711103779,-0.3452742587850484,Oil & Gas E&P,Energy,GPRK
2022Q2,2022,Q2,2022-05-11,2022-06-30,67861000.0,311229000.0,143361000.0,1.12,172962000.0,0.5557387004,967293000.0,19616000.0,260120000.0,270472000.0,947677000.0,8768000.0,-213056000.0,775897447.4399999,1277754447.44,0.32663945581493664,0.9617261675885119,0.6454755694500012,31.829323001631323,0.10554573476012608,0.32663945581493664,3.4594718597063623,2.493011407805828,2.858407065324708,39.554315224306684,0.07086544554309544,15.769502737226277,0.006197984045271497,0.32175256101305394,0.8525984205389098,0.07015557850620235,8.548138632998413,0.5557387004424394,1.1960784313725492,19.90866676140365,2.956345827726536,-0.8257761103000415,0.1768684339448043,1.1887820926332087,0.07587185086791093,1.1817692278943421,0.85826657014928,-0.8651349645218894,Oil & Gas E&P,Energy,GPRK
2022Q1,2022,Q1,2022-03-09,2022-03-31,31004000.0,249151000.0,133251000.0,0.51,146968000.0,0.5898752162,933877000.0,-36206000.0,252658000.0,257024000.0,970083000.0,11099000.0,-282874000.0,890768770.38,1439800770.38,-0.6072480962362945,0.9830132594621513,0.7101267083352518,-18.316604982599568,0.17302062510760247,-0.6072480962362945,-0.8563221565486383,3.5752165168110905,7.182692316959103,-24.602794298735017,0.15633466649464586,9.206505090548697,0.005441367233757287,0.2667920936054748,0.8729573891932271,0.033199232875421494,17.69821323597783,0.5898752162343318,-0.16393442622950816,7.701333274409585,2.809234529314556,-1.3329766251423427,0.3049322974472808,-0.16023835319609966,0.9607846022543336,0.6315000111004532,0.7193414271102441,-1.244028391839422,Oil & Gas E&P,Energy,GPRK
2021Q4,2021,Q4,2022-03-31,2021-12-31,36920000.0,202378000.0,67958000.0,0.61,112625000.0,0.5565081185,895741000.0,-61945000.0,232577000.0,203662000.0,957686000.0,10915000.0,-314779000.0,694733444.5,1288965444.5,-1.0209242920649404,1.141975429878917,0.7757108360564047,-11.216982807329082,0.0685736652226275,-1.0209242920649404,-0.5960125918153201,3.432850628526816,4.70431639016793,-11.215327217693114,0.06579089924160347,8.222904260192395,0.0034963049774408843,0.22593361250629368,0.8445316259292357,0.041217271510403115,15.755736483421781,0.5565081184713754,0.016666666666666684,2.7956623810709553,2.3275491502869157,-1.5809093875262346,0.1140070623843955,-0.0024856803198962498,-0.163881985285071,0.11092288061561702,0.3398735898519333,-1.4334749133824718,Oil & Gas E&P,Energy,GPRK
2021Q3,2021,Q3,2021-09-30,2021-09-30,37012000.0,173972000.0,81278000.0,0.6,101099000.0,0.5811222495574,851265000.0,-89921000.0,195347000.0,200723000.0,941186000.0,13832000.0,-352514000.0,774218231.6,1392268231.6,-1.4820006984707643,0.9732168211913931,0.8163086700381197,-7.727838880795365,0.06984715090316418,-1.4820006984707643,-0.4116057428186964,4.450246198238797,5.229508210850534,-8.609982446814426,0.06597860153463742,5.2684355118565644,0.003154149437883116,0.20436879232671376,0.7021567035167868,0.04347882269328587,40.254678500493945,0.5811222495574,16.0,3.041466672379281,2.485288332904728,-1.7228097269006268,0.09909332057749173,15.9967585089141,3.23124577021188,0.749828578921124,0.05498043606281251,-1.732228606588295,Oil & Gas E&P,Energy,GPRK
2021Q2,2021,Q2,2021-06-30,2021-06-30,-2468000.0,165598000.0,19209000.0,-0.04,91984000.0,0.555465645720359,832137000.0,-120122000.0,160927000.0,201287000.0,952259000.0,9154000.0,-391197000.0,780505000.0,1397070000.0,-1.946871961102107,0.7994902800478918,0.8431159772970076,-5.840628694160936,-0.18877816325581026,-1.946871961102107,0.020545778458567122,4.713251367770142,-79.0625,-6.497602437521853,-0.9534035656401945,8.041730391085864,0.003014714832063856,0.19900328912186335,0.6579014044622852,-0.002965857785436773,96.02669783464567,0.555465645720359,0.7647058823529411,-1.008,2.9107862679754044,-1.920068732678079,0.1533899261451267,0.7612460094805069,0.2081132075471698,-3.0160000000000005,0.14497168994027987,-2.302349641209726,Oil & Gas E&P,Energy,GPRK
2021Q1,2021,Q1,2021-03-31,2021-03-31,-10337000.0,146595000.0,15900000.0,-0.17,79751000.0,0.5440226474299942,944033000.0,-119476000.0,280892000.0,194877000.0,1063509000.0,13589000.0,-389366000.0,972894112.0,1578262112.0,-1.9648757006764577,1.4413809736397831,0.8399452137796031,-6.636780608657806,-0.07688514201019493,-1.9648757006764577,0.08651946834510697,6.636611835328626,-23.529411628131953,-8.143008738156617,0.0,4.918978585620723,0.0,0.15528588513325275,1.2540782134371937,-0.010949829084364636,60.56362749003984,0.5440226474299942,0.9141983104452069,-0.13786667327129082,3.084498510524438,-1.8677947687144991,0.8537260006508298,0.9132823838326216,1.191245985638509,-1.5689333366356455,0.20089669358326992,-2.165720959982207,Oil & Gas E&P,Energy,GPRK
2020Q4,2020,Q4,2020-12-31,2020-12-31,-119203000.0,106656000.0,-83139000.0,-1.9813129657713529,43022000.0,0.40337158715871585,960266000.0,-109190000.0,291607000.0,196656000.0,1069456000.0,13326000.0,-380866000.0,781525683.6,1386551683.6,-1.814883540955966,1.4828278821902205,0.8403223690102534,-7.390173092774064,-0.13007900912221831,-1.814883540955966,1.09170253686235,7.3275360373537355,-1.6390646284070032,-7.157484051653082,-0.02110685133763412,4.775176346990845,0.0032193439739694307,0.11106922456902567,1.2654228703929704,-0.12413539581740893,15.304826954410153,0.40337158715871585,-27.30447093959075,0.26342906575438985,1.2881945729587663,-1.7252009894172573,-0.0006039769559561419,-26.39669041599632,-3.9194114755249667,-26.081625015348443,0.014815397691153807,-2.300146944238496,Oil & Gas E&P,Energy,GPRK
2020Q3,2020,Q3,2020-09-30,2020-09-30,-4351000.0,98147000.0,28478000.0,-0.07,43048000.0,0.43860739502990415,1052128000.0,3999000.0,274915000.0,161406000.0,1048129000.0,11920000.0,-264099000.0,457476572.48,1087423572.48,0.06433693389028515,1.703251428075784,0.7543701906992305,198.4731182795699,-0.012624339502027456,0.06433693389028515,-1.0880220055013754,4.661136585733645,-26.285714346127328,114.3977425556389,0.0,4.622399328859061,0.0,0.09328427719821163,1.2798532892209706,-0.00413542838894127,12.734566654047434,0.43860739502990415,0.7878787878787878,0.888444445499356,0.9037684618093436,-0.9876684588916832,2.7065610470122268,0.7808502065075048,2.3656548218481754,0.7870303033074317,0.17178485747800462,-0.9565710020686099,Oil & Gas E&P,Energy,GPRK
2020Q2,2020,Q2,2020-08-03,2020-06-30,-19854000.0,55650000.0,-20853000.0,-0.33,11614000.0,0.2086972147349506,1079344000.0,7224000.0,280760000.0,188463000.0,1072120000.0,14980000.0,-261503000.0,589001996.4399999,1239435996.44,0.12007253019082822,1.4897353857255802,0.7485509717013297,111.84163898117386,-0.015409083707470857,0.12007253019082822,-2.7483388704318936,10.584043062713386,-7.416666621839427,81.5340526633444,-0.11801148383197341,2.939652870493992,0.003977915209390424,0.0515590951540936,1.0434037450321814,-0.018394506292711128,283.58305076552716,0.2086972147349506,0.777027027027027,-1.5486153933111195,-0.12855940423750314,-0.9789397008644471,-0.780300020808505,0.7782716490585424,0.4067256536459074,-4.522000033375642,-0.29386604980897174,-0.935955369495184,Oil & Gas E&P,Energy,GPRK
2020Q1,2020,Q1,2020-04-01,2020-03-31,-89542000.0,133239000.0,-35149000.0,-1.48,52863000.0,0.39675320289104543,1128154000.0,27034000.0,309272000.0,220388000.0,1101120000.0,12614000.0,-243443000.0,427744551.57,1066517551.5699999,0.4468329971672864,1.4033068951122565,0.7129531961062053,29.752200932159504,-0.06172401677569356,0.4468329971672864,-3.312199452541244,3.2103554632652602,-1.1942567498213128,15.822466211807354,0.0,6.3719676549865225,0.0,0.11810355678391425,0.9124725484146142,-0.07937036964811542,98.64957370156826,0.39675320289104543,-438.56043956043953,-1.6068772089165582,1.3272434859437816,-0.924130268468023,-0.3926725029296202,-528.8343195266273,-2.1098866399317946,-25.76533334139891,1.0075009286726102,-0.7549849158504314,Oil & Gas E&P,Energy,GPRK
2019Q4,2019,Q4,2020-01-07,2019-12-31,-169000.0,158056000.0,31669000.0,-0.003367,87042000.0,0.5507035481095308,852132000.0,132885000.0,225932000.0,214921000.0,719247000.0,11447000.0,-153361000.0,1307606439.048,1647088439.048,2.2369610095600225,1.0512327785558415,0.5288640727023513,3.391368476502239,-0.0005056998364429329,2.2369610095600225,-0.0012717763479700493,8.273057897504682,-1934.3290518461538,9.840135749317078,-14.461538461538462,6.203721499082729,0.0018690639071641073,0.18548300028634063,0.7229260984268638,-0.00019832608093581745,32.37691433005671,0.5507035481095308,-1.0307314579872584,0.9943896832845397,0.9117713239822985,-0.6544006118283411,0.04965992957406782,-1.0250110996004145,-0.43834353108096125,0.9916045327876892,1.6544059335315275,0.27283840739575765,Oil & Gas E&P,Energy,GPRK
2019Q3,2019,Q3,2019-10-17,2019-09-30,6757000.0,151202000.0,56385000.0,0.109562,82924000.0,0.5484318990489544,793405000.0,131285000.0,167740000.0,158335000.0,662120000.0,10083000.0,-154343000.0,1130878969.0394,1497498969.0394,2.128727941191493,1.0593993747434238,0.564930899099451,3.4140914803671403,0.013249898812433415,2.128727941191493,0.051468179913927714,7.479259328840889,41.841015577897,8.61392367017862,0.0,6.771595755231578,0.0,0.19057354062553172,0.7346448984747529,0.008516457546902275,27.112897843188687,0.5484318990489544,-0.7755097859226961,-0.21428571106231573,0.13066492709398844,-0.6803875280945855,-0.1596250316696225,-0.7853557814485388,-0.26429717775081224,1.3666666676024053,1.9801262564979951,0.038235179919998065,Oil & Gas E&P,Energy,GPRK
2019Q2,2019,Q2,2019-09-12,2019-06-30,31480000.0,169510000.0,76641000.0,0.488048,98675000.0,0.5821190490236564,815052000.0,147209000.0,175221000.0,177159000.0,667843000.0,10818000.0,-156987000.0,1123596526.9515,1510964526.9515,2.4219728609195545,0.9890606743095186,0.5598231769261348,3.0995727163420717,0.06002755895685169,2.4219728609195545,0.21384562085198594,6.62849700284054,8.923098212766043,7.632661908928802,0.0,6.547883157700129,0.0,0.20797446052521804,0.5548066990669399,0.038623302562290504,-65.97360853452527,0.5821190490236564,0.6333327755559646,0.3333333454330678,0.18828633898126618,-0.6586083016920974,0.1504605339862423,0.5988623089034486,0.6668334058286212,27.00000016452614,3.0637257608586164,0.14459581587763404,Oil & Gas E&P,Energy,GPRK
2019Q1,2019,Q1,2019-04-11,2019-03-31,19689000.0,150139000.0,45980000.0,0.298805,85770000.0,0.571270622556431,890394000.0,153721000.0,256876000.0,229079000.0,736673000.0,10128000.0,-188203000.0,1071820093.8428,1379346093.8428001,2.4884321519271513,1.1213424189908285,0.5100674532847257,2.9544499450302824,0.03818893260232693,2.4884321519271513,0.12808269527260427,7.138851956139311,13.609376985154146,6.972502740957969,0.0,6.35554897314376,0.0,0.1686208577326442,0.8022865474356008,0.022112682700018194,24.333554926392264,0.571270622556431,-0.45510330616189804,1.4615384635640494,0.4846995531190091,-0.653661914071061,0.06450051506087648,-0.4080454586452602,-0.44916320247265584,3.133333316066157,3.117667726816015,0.09902545133002656,Oil & Gas E&P,Energy,GPRK
2018Q4,2018,Q4,2019-01-16,2018-12-31,33261000.0,151167000.0,83473000.0,0.54837,80573000.0,0.533006542433203,862660000.0,143021000.0,259633000.0,218445000.0,719639000.0,9309000.0,-206688000.0,835878783.1620001,1155153783.1620002,2.3552096339290096,1.1885508938176659,0.5181670646604688,3.125429132784696,0.07554608326423284,2.3552096339290096,0.2325602533893624,5.529505666990812,6.282724385631821,5.84444790039225,0.0,7.583413900526373,0.0,0.1752335798576496,0.6630501957014352,0.03855632578304315,19.021021348549326,0.533006542433203,0.6683754962958456,2.499496101703564,0.13097076945285052,-0.653033091763184,-0.14043547371902237,0.5547609030991446,0.17562638198385983,1.203622871084278,2.213131622503142,-0.058892585520552224,Oil & Gas E&P,Energy,GPRK
2018Q3,2018,Q3,2018-10-19,2018-09-30,21393000.0,166786000.0,71003000.0,0.328685,93737000.0,0.562019593970717,866849000.0,124205000.0,248193000.0,187550000.0,687718000.0,12389000.0,-241629000.0,1253016942.0867,1535189942.0867,2.023959027462633,1.3233431085043987,0.5017136779300663,3.5015498570910992,0.0635226359178845,2.023959027462633,0.17223944285656778,7.512722543179283,14.642838102261251,10.088297106289602,0.0,5.896278957139398,0.0,0.19240490558332535,1.0193495067981873,0.02467903867917019,26.878393369228622,0.562019593970717,34.00050200803213,1.1874999847231467,0.3592336324403976,-0.6557521660104438,0.03891339525192295,32.59970457902511,0.36630938865048973,1.5555555476990222,2.2768033083129597,-0.6120652253763512,Oil & Gas E&P,Energy,GPRK
2018Q2,2018,Q2,2018-07-11,2018-06-30,-677000.0,159330000.0,51967000.0,-0.00996,90226000.0,0.566283813468901,792968000.0,101609000.0,179214000.0,147399000.0,644810000.0,10088000.0,-264646000.0,1397330112.24,1718663112.24,1.4948919241792065,1.2158427126371278,0.5379170407885312,4.197964747217274,0.018191429351873848,1.4948919241792065,-0.006662795618498361,8.770037734513274,-516.00078,13.752030944502946,0.0,6.850118953211736,0.0,0.20092866294730682,0.8849245924327844,-0.0008537545020732237,870.6106618317757,0.566283813468901,-1.0357137734685389,-1.2,0.37970234404022707,-0.7447765698075813,0.2866452762923351,-1.0367176483349605,0.03832244400487522,0.9230769232793983,1.2084210016638606,-0.7378012185759611,Oil & Gas E&P,Energy,GPRK
2018Q1,2018,Q1,2018-04-11,2018-03-31,18438000.0,123878000.0,50049000.0,0.278884,70125000.0,0.5660811443517009,819985000.0,104008000.0,192223000.0,173488000.0,671018000.0,9714000.0,-264841000.0,762104147.504,1061175147.504,1.6855454848357951,1.1079901779950199,0.5115593577931303,4.033064764248904,0.05965539286943645,1.6855454848357951,0.1772748250134605,6.152054016887583,10.333335333333332,7.327360852088301,0.0,5.533559810582664,0.0,0.15107349524686428,0.8112664852900489,0.022485777178850832,19.394924097928435,0.5660811443517009,4.770435064759484,1.0134228364320497,-0.02357296784528622,-0.7028861494319794,0.25064650175670133,5.14243990114581,1.6210526315789473,1.5263157896342119,1.121502011147875,-0.713803850140568,Oil & Gas E&P,Energy,GPRK
2017Q4,2017,Q4,2018-01-10,2017-12-31,-4451000.0,106278000.0,19095000.0,-0.073966,56071000.0,0.5275880238619469,786163000.0,84925000.0,214956000.0,166292000.0,659323000.0,5738000.0,-283933000.0,600507430.9115,891956430.9115,1.3959064773397245,1.2926418588988045,0.542131847975547,5.018592876067118,-0.01734099300461068,1.3959064773397245,-0.05241095083897557,5.650345611617644,-33.728793019068746,7.071032451121578,0.0,8.74991286162426,0.0,0.13518570576330863,1.0562865321242152,-0.0056616757593527045,-1235.611997760288,0.5275880238619469,0.7749638711836562,0.5564151216117365,-0.07721033401179525,-0.7895246288672921,0.524455561295234,0.7772160768807248,0.19883224510296332,0.8557231732272677,0.2551818263483258,-0.7843393682537407,Oil & Gas E&P,Energy,GPRK
2017Q3,2017,Q3,2017-10-12,2017-09-30,-19979000.0,81909000.0,15928000.0,-0.328685,36781000.0,0.44904711325983715,733095000.0,90048000.0,188296000.0,104883000.0,602232000.0,4668000.0,-277868000.0,530351661.1094,815518661.1094,1.481428007892921,1.7952957104583203,0.57345500924164,4.668587864250178,0.07952734713340709,1.481428007892921,-0.2218705579246624,6.4748887315117996,-6.636363946010811,5.889655085170132,0.0,9.6675235646958,0.0,0.11173040329016021,1.4783902062297989,-0.027252948117229007,72.20580818371681,0.44904711325983715,-4.4999916333394685,-6.078398133840894,-0.0008015050317477328,-0.7301973990174149,0.22775218639428532,-4.821386946386946,0.00542860749905315,-3.357142871411929,-0.3785453580336387,-0.7775747391714357,Oil & Gas E&P,Energy,GPRK
2017Q2,2017,Q2,2017-07-13,2017-06-30,-3432000.0,75227000.0,15842000.0,-0.059761,29958000.0,0.3982346763794914,662049000.0,107669000.0,129272000.0,118884000.0,513974000.0,4698000.0,-258806000.0,431858833.12,701194833.12,1.8748258713398156,1.0873792941018134,0.5231093166819979,3.216561870176188,-0.010491989102556597,1.8748258713398156,-0.03187547019104849,5.7407424610844515,-31.45824833333333,4.01098582804707,0.0,9.635802469135802,0.0,0.11362754116387155,0.7763197738972444,-0.005183906327175179,54.21956473571877,0.3982346763794914,-2.199995984016385,-4.26764833591066,-0.14550439114486596,0.0,-0.1041267942583732,-1.9444138690148596,-0.43684902776296614,-1.1538461542687497,-0.4418706362778076,-0.7357319734766623,Oil & Gas E&P,Energy,GPRK
2017Q1,2017,Q1,2017-04-10,2017-03-31,3634000.0,66708000.0,28131000.0,0.049801,33440000.0,0.5012892006955687,649167000.0,110897000.0,124941000.0,112303000.0,500226000.0,8200000.0,-256291000.0,434869003.4562,706272003.4562,1.8236958704735042,1.11253483878436,0.5263067900863723,3.080885867065836,0.016560217105549224,1.8236958704735042,0.03276914614462068,6.518993276011873,29.916689836007155,3.9213775255976264,0.0,4.057073170731707,0.0,0.10275938240853279,0.7866931426587002,0.005597943210298737,20.01237935831569,0.5012892006955687,1.1469147056307323,-0.875233935066685,-0.08841125654447979,-0.6825540014359404,0.4767708885355944,1.1781984014122493,5.6451453104359315,-0.5384615318160609,-0.3298639322822374,-0.7461794019149155,Oil & Gas E&P,Energy,GPRK
2016Q4,2016,Q4,2017-01-04,2016-12-31,-20393000.0,60323000.0,-6056000.0,-0.338979,22644000.0,0.375379208593737,640540000.0,105765000.0,121201000.0,99513000.0,498947000.0,3515000.0,-260459000.0,258343468.5632,543452468.5632,1.757458760328321,1.2179413744937848,0.5599525400443376,3.3912163759277645,-0.02080084544552574,1.757458760328321,-0.19281425802486646,4.282669438907216,-3.167060615936841,2.442617771126554,0.0,10.719487908961593,0.0,0.09417522715209042,0.9493131550651673,-0.03183719986261592,19.987889250537716,0.375379208593737,-0.13444888807081537,-121.17993841188076,-0.28502550313592045,-0.7736846782596065,1.3921402915698289,-0.12612513115025678,0.5708312663879244,-3.165034101616024,-0.5446024096281994,-0.7410930969199641,Oil & Gas E&P,Energy,GPRK
2016Q3,2016,Q3,2016-10-11,2016-09-30,-18109000.0,49858000.0,-14111000.0,-0.298805,9466000.0,0.18985920012836455,644294000.0,124260000.0,108786000.0,73848000.0,478728000.0,3560000.0,-237253000.0,200407909.6516,489754909.6516,2.0503330867246508,1.4731069223269417,0.5477608048499598,2.8401657814260424,-0.025311513564440447,2.0503330867246508,-0.14573474971833253,4.019573782574511,-2.766689348550445,1.612811119037502,0.0,11.346067415730337,0.0,0.07738392721335291,1.0460405156537753,-0.028106733882358053,12.252118949171608,0.18985920012836455,-14.000251004016064,-197.3147399561028,0.6837912999201227,-0.13759997568623844,-0.3901951942279199,-12.585146286571643,-6.08321325648415,-2.874999989687283,-0.5885663528250735,-0.6512662981389761,Oil & Gas E&P,Energy,GPRK
2016Q2,2016,Q2,2016-07-25,2016-06-30,-1333000.0,45924000.0,2776000.0,-0.01992,15523000.0,0.33801498127340823,677883000.0,141596000.0,123885000.0,78646000.0,485769000.0,3427000.0,-220125000.0,216615725.85999998,507299725.86,2.1160070894217577,1.5752231518449762,0.5457151160303474,2.612580863866211,-0.0018775162513068179,2.1160070894217577,-0.009414107743156586,4.71683054307116,-40.625605,1.5298152904036837,0.0,8.871024219433908,0.0,0.06774620399095418,1.175444396409226,-0.0019664160334452994,79.43370951961862,0.33801498127340823,0.8666684515602201,-0.7558827786368864,-0.5523158942442458,0.0,6.658115441539221,0.8559697460831983,1.2473712350739619,-1.4,-0.5960607365822327,-0.6387333566135742,Oil & Gas E&P,Energy,GPRK
2016Q1,2016,Q1,2016-04-05,2016-03-31,-9255000.0,36564000.0,-11222000.0,-0.149402,2027000.0,0.055437041899135765,677049000.0,140261000.0,119394000.0,80278000.0,486020000.0,3644000.0,-218797000.0,180779346.44,472207346.44,2.264217037845377,1.4872567826801864,0.5361694648393248,2.5881249955440215,-0.02109795149356982,2.264217037845377,-0.06598412958698427,4.944189542719615,-4.883288666666666,1.2888782087679398,0.0,9.477771679473106,0.0,0.05400495385119836,1.085664814768679,-0.013669616231616914,15.626186052381364,0.055437041899135765,0.9444482453465803,-1.3119151606234778,-0.509517812407236,-0.6058736271865537,1.2542649272453588,0.9412861846487639,0.9441166071579744,-2.006711418216025,-0.7129175120474303,-0.6008827713708984,Oil & Gas E&P,Energy,GPRK
2015Q4,2015,Q4,2016-01-05,2015-12-31,-157629000.0,45400000.0,-200811000.0,-2.68942,-7972000.0,-0.17559471365638765,703799000.0,146652000.0,131844000.0,81423000.0,503632000.0,4264000.0,-208428000.0,157587120.0,453530120.0,2.50259385665529,1.6192476327327658,0.5380414010250085,2.5821195755939232,-0.3861843600913493,2.50259385665529,-1.0748506668848703,3.471081938325991,-0.24993357821213102,1.0745650928729238,0.0,12.51688555347092,0.0,0.06450705386054825,1.1953379266300677,-0.22396877517586697,-11.631762621789195,-0.17559471365638765,-3.2859965895870853,-968.8713219110533,-0.44738497765513763,-0.6777305125790455,-2.559773038544316,-3.3570401901708222,-12.177439464531794,-15.309358380117876,-0.5907423376744534,-0.622657836091003,Oil & Gas E&P,Energy,GPRK
2015Q3,2015,Q3,2015-10-19,2015-09-30,-36178000.0,47820000.0,-15239000.0,-0.62749,5111000.0,0.10687996654119615,919100000.0,300802000.0,133071000.0,89944000.0,521344000.0,4736000.0,-31747000.0,175144656.7044,449349656.7044,5.217266303146341,1.4794872365027127,0.39667609618104666,1.2120431380110506,-0.016389244684839203,5.217266303146341,-0.12027180670341288,3.6625816960351316,-1.210298086574714,0.5822589500880978,0.0,9.017947635135135,0.0,0.05202915895985203,1.1334830561238103,-0.03936241975845936,-83.5215339553648,0.10687996654119615,-3.8461562224865227,-413.2609591262858,0.6975875999595446,1.1944583618227569,-0.6634621715941266,-3.7803911205073994,-33.984848484848484,-12.513305638444315,-0.38498525975903747,-0.04981409079082018,Oil & Gas E&P,Energy,GPRK
2015Q2,2015,Q2,2015-07-06,2015-06-30,-7568000.0,62039000.0,462000.0,-0.129482,15187000.0,0.2447976272989571,966685000.0,333235000.0,162583000.0,88064000.0,535104000.0,5355000.0,3177000.0,274776894.0952,539856894.0952001,5.70136869462259,1.84619140625,0.3831434231419749,1.1114648821402313,0.0015856165054006686,5.70136869462259,-0.022710699656398638,4.429099342271797,-9.076932283800211,0.8245739315954206,0.0,8.749206349206348,0.0,0.06417705871095548,1.4162540879360466,-0.007828817039676833,19.044697400554476,0.2447976272989571,0.771929917266865,-10.413238091181428,-0.3075966822800948,0.0,1.9984205330700888,0.768250857422832,1.027332426196533,-10.413238091181428,-0.3075966822800948,0.0,Oil & Gas E&P,Energy,GPRK
2015Q1,2015,Q1,2015-04-14,2015-03-31,-32656000.0,54431000.0,-16903000.0,-0.567729,5065000.0,0.09305359078466315,970379000.0,338765000.0,155062000.0,88619000.0,531406000.0,5291000.0,8943000.0,219423043.1771,491455043.1771,5.889476450552068,1.7497602094358997,0.3745278906489114,1.0728203917169719,-0.018979926787784616,5.889476450552068,-0.09639720750372677,4.031214623598685,-1.6798064917404154,0.6477146198016325,0.0,9.33018333018333,0.0,0.05609251642914779,1.3890587797199245,-0.03365283049200364,-10.097701020575242,0.09305359078466315,-0.12042857114663902,-2.1852776100077023,-0.2136554425407202,0.02516585310882696,-0.7472807105079333,-0.10991774862347903,0.4791705182720158,-2.1852776100077023,-0.2136554425407202,0.02516585310882696,Oil & Gas E&P,Energy,GPRK
2014Q4,2014,Q4,2014-12-31,2014-12-31,-29422000.0,80751000.0,-32454000.0,-0.506707,20042000.0,0.24819506879171774,1039116000.0,375557000.0,200573000.0,123992000.0,559990000.0,8532000.0,40596000.0,296467652.772,538388652.7720001,6.472699565222974,1.6176285566810762,0.35568021279626144,0.9841195877057277,-0.028475562798490842,6.472699565222974,-0.0783423022337488,3.6713805745068173,-2.519098402317993,0.7894078735637999,0.0,7.11544772620722,0.0,0.07771124686752971,1.3274162849216078,-0.02831445189949919,-126.85821684724006,0.24819506879171774,-4.6338190789001885,-181.834181912126,-0.007291027440212949,-0.16648338060650628,-0.6851514389845419,-4.471212836243511,-1.839276940184644,-181.834181912126,-0.007291027440212949,-0.16648338060650628,Oil & Gas E&P,Energy,GPRK
2014Q3,2014,Q3,2014-10-02,2014-09-30,8476000.0,131803000.0,38669000.0,0.139442,63656000.0,0.4829632102455938,1096301000.0,404849000.0,263153000.0,145216000.0,583673000.0,10118000.0,67693000.0,592714817.7789999,826763817.7789999,6.660340657236505,1.81214879903041,0.3309775326301809,0.8962625571509377,0.03316203811510177,6.660340657236505,0.020936200904534776,4.4969751658080614,17.482150123259792,1.4640392288952175,0.0,6.735224352638862,0.0,0.12022519362839221,1.3782985345967387,0.007731453314372604,72.1415308883885,0.4829632102455938,-0.6000011474271814,90.61354517080186,3.4380174383331923,1.8014364992345608,-0.043500473321212305,-0.6104063246920389,-0.08397687970815369,90.61354517080186,3.4380174383331923,1.8014364992345608,Oil & Gas E&P,Energy,GPRK
2014Q2,2014,Q2,2014-07-01,2014-06-30,21756000.0,131449000.0,42214000.0,0.348606,66551000.0,0.5062876096432837,1079460000.0,397342000.0,254445000.0,132923000.0,577790000.0,16373000.0,57201000.0,510426666.079,753773666.079,7.094410534655612,1.9142285383267004,0.3415077909325033,0.9277750653089781,0.03897525854548354,7.094410534655612,0.054753839261895296,3.8830775896279164,5.865355144316511,1.2846028511433476,0.0,3.963720759787455,0.0,0.12177292349878643,1.4040685208729866,0.020154521705297093,-94.29644671697764,0.5062876096432837,2.4999899600409634,35.239714089367155,0.5309991991040579,0.0,0.43003566977523744,2.2461951656222023,0.8027844209087803,35.239714089367155,0.5309991991040579,0.0,Oil & Gas E&P,Energy,GPRK
2014Q1,2014,Q1,2014-04-01,2014-03-31,6702000.0,84731000.0,23416000.0,0.099602,46538000.0,0.549244078318443,1046045000.0,371895000.0,258608000.0,139810000.0,575413000.0,19733000.0,33167000.0,364484004.5916,597274004.5916,7.18497980160843,1.8497103211501322,0.34866855632405874,0.9807149867570147,0.020724576712188688,7.18497980160843,0.018021215665712097,4.301660603458003,13.596090890465534,0.9800723445908119,0.0,1.9354887751482288,0.0,0.08100129535536234,1.2943137114655605,0.006406990139047555,-46.927256932097336,0.549244078318443,-0.4155841107786188,-0.7296735298701225,0.36030395522517816,0.2506707531184951,0.24048406013434268,0.07317854283426742,0.21320138852909176,-0.7296735298701225,0.36030395522517816,0.2506707531184951,Oil & Gas E&P,Energy,GPRK
2013Q4,2013,Q4,2014-04-01,2013-12-31,6245000.0,87823000.0,19301000.0,0.17043,37516000.0,0.4271773908884916,846415000.0,270841000.0,214628000.0,125494000.0,480458000.0,8122000.0,23906000.0,400595999.99999994,596548000.0,6.787994987468672,1.7102650325911997,0.37462355936508684,1.17074962801053,0.025303567312276804,6.787994987468672,0.02305780882510403,4.561401910661216,16.03666933546837,1.4790818229145513,0.0,6.193917754247722,0.0,0.10375879444480544,1.3049468500486079,0.0073781773716203045,412.98556701030924,0.4271773908884916,0.14074778115420136,57.433262792804626,0.5700006148042028,-0.12588146917646062,-0.07643829546293789,-0.12669556705355894,-0.15249846315974358,57.433262792804626,0.5700006148042028,-0.12588146917646062,Oil & Gas E&P,Energy,GPRK
2013Q3,2013,Q3,2013-09-30,2013-09-30,7151000.0,89724000.0,22774000.0,0.149402,40621000.0,0.4527328251081093,820763000.0,263822000.0,204484000.0,119114000.0,468401000.0,5825000.0,15593000.0,395326945.25,586754945.25,5.8793660486010095,1.716708363416559,0.3609141737627062,1.1228214477943461,0.027640532000501882,5.8793660486010095,0.027105396820583574,4.406033449801614,13.820687500000002,1.4984608760831166,0.0,8.429699570815451,0.0,0.10931779332158004,1.2972950282922242,0.008712624716270104,-9.398448642512422,0.4527328251081093,1.9999799200819264,103.7011952191235,3.0924978097482554,1.4729471792131008,0.3701092822450081,2.3478464419475658,0.4789272030651341,103.7011952191235,3.0924978097482554,1.4729471792131008,Oil & Gas E&P,Energy,GPRK
2013Q2,2013,Q2,2013-06-30,2013-06-30,2136000.0,72871000.0,15399000.0,0.049801,29648000.0,0.40685595092698057,808310000.0,251220000.0,229577000.0,131620000.0,473631000.0,5667000.0,6242000.0,390307008.0,542666008.0,5.857189220645508,1.7442409968089956,0.3733666538827925,1.2013215508319401,0.017905743606701333,5.857189220645508,0.00850250776212085,5.35613629564573,45.682,1.5536462383568186,0.0,7.627139580024704,0.0,0.09015229305588203,1.3730815985412552,0.002642550506612562,-7.124080676072791,0.40685595092698057,-0.6496119776825605,5.389706946592216,0.10829559366885436,0.0,-0.4238743903149958,-0.6703703703703704,-0.4186862967157418,5.389706946592216,0.10829559366885436,0.0,Oil & Gas E&P,Energy,GPRK
2013Q1,2013,Q1,2013-03-31,2013-03-31,6480000.0,89774000.0,26490000.0,0.142131,51461000.0,0.5732283289148306,808010000.0,247708000.0,268166000.0,142665000.0,484672000.0,3506000.0,2427000.0,426159595.68,549539595.6800001,5.673062637818392,1.8796901832965338,0.37052140443806386,1.2086206339722576,0.032953069881696266,5.673062637818392,0.02615983335217272,4.747026930737184,16.441342425925924,1.7204111117929173,0.0,10.927837992013691,0.0,0.1111050605809334,1.5136438509795676,0.008019702726451406,53.665734250094445,0.5732283289148306,1.5517079419299744,-0.6901642764952276,0.7085061199337203,-0.01250473659781093,0.9237757009345794,2.0883439704400404,4.4227226202661205,-0.6901642764952276,0.7085061199337203,-0.01250473659781093,Oil & Gas E&P,Energy,GPRK
2012Q4,2012,Q4,2012-12-31,2012-12-31,-5954000.0,68339000.0,4885000.0,-0.25762,26750000.0,0.3914309545062117,628017000.0,239421000.0,137581000.0,107392000.0,315931000.0,3955000.0,-5860000.0,380133000.0,524873000.0,6.632160664819945,1.2811103247914184,0.30736747572119866,0.8062450662222612,-0.03091735090154372,6.632160664819945,-0.024868328175055656,5.562460673992889,-15.961244541484715,1.5877178693598304,0.0,10.515549936788874,0.0,0.10881711800795202,0.75017692193087,-0.00948063507834979,-18.64128089446842,0.3914309545062117,-9.837735849056605,-58.46716598571938,0.35028631890410716,-0.14594890726636173,0.0054501033640293175,-1.8749396426846934,6.038904899135447,-58.46716598571938,0.35028631890410716,-0.14594890726636173,Oil & Gas E&P,Energy,GPRK
2012Q3,2012,Q3,2012-09-30,2012-09-30,-2071000.0,60148000.0,694000.0,0.02915,26605000.0,0.44232559686107603,621927000.0,244889000.0,162260000.0,104769000.0,321575000.0,10641000.0,2948000.0,458042000.0,578267000.0,5.490784753363228,1.5487405625709896,0.31477006143807873,0.7993989113435066,0.00027278107390883764,5.490784753363228,-0.008456892714658477,7.6152490523375675,-55.29237083534524,1.8704065923745044,0.0,3.152241330702002,0.0,0.09671231511093746,0.9302656320094684,-0.0033299728103137506,-14.012971517728761,0.44232559686107603,3.686635944700461,-31.5077802690583,1.7602388835338,1.309504214442792,-0.2380938743950285,-2.959847036328872,-0.9325296519541124,-31.5077802690583,1.7602388835338,1.309504214442792,Oil & Gas E&P,Energy,GPRK
2012Q2,2012,Q2,2012-06-30,2012-06-30,-523000.0,70670000.0,10286000.0,-0.01085,34919000.0,0.49411348521296167,,,,,,,,391850000.0,,,0.0,0.0,0.0,0.0,,0.0,5.544785623319655,-187.30879541108987,0.0,0.0,0.0,0.0,0.0,0.0,0.0,-116.86549358783179,0.49411348521296167,-1.023931043305263,0.0,0.0,0.0,0.09261866766794956,-1.0256033680912517,-0.5866087935053452,0.0,0.0,0.0,Oil & Gas E&P,Energy,GPRK
2012Q1,2012,Q1,2012-03-31,2012-03-31,20427000.0,51321000.0,24882000.0,0.453386,31959000.0,0.622727538434559,571500000.0,245000000.0,167100000.0,108400000.0,326500000.0,12700000.0,130600000.0,405141873.5,494541873.5,5.744901113017142,1.5415129151291513,0.23552055993000875,0.5493877551020409,0.054141421294020914,5.744901113017142,0.08337551020408163,7.8942708345511585,4.958411336711216,1.6536403,0.0,1.5245669291338582,0.0,0.0898005249343832,1.0230627306273063,0.03574278215223097,-40.63609563691073,0.622727538434559,122.87795698924731,0.0,0.0,0.0,0.6039204334213674,274.7965190700542,1.2200069341089506,0.0,0.0,0.0,Oil & Gas E&P,Energy,GPRK
2011Q4,2011,Q4,2011-12-31,2011-12-31,-74606.5,37712717.7,11208073.1,-0.00372,19925552.000000004,0.5283509970961335,472270786.7,208892797.4,238294815.3,64451635.2,221614660.0,584341.6,-18549737.6,195025000.0,166630038.9,7.765531501858736,3.697265625,0.3499162517646362,0.7911006293987233,0.013257136553068092,7.765531501858736,-0.00035715209393811294,5.171332428264643,-653.5120934503026,0.9336128503586213,0.0,30.439670391428574,0.0,0.0798540133373869,3.3005642361111107,-0.00015797398886624803,-5.497259858724945,0.5283509970961335,-3.4473684210526314,0.0,0.0,0.0,0.12573740112994372,-1.746065,0.9324263965517241,0.0,0.0,0.0,Oil & Gas E&P,Energy,GPRK
2011Q3,2011,Q3,2011-09-30,2011-09-30,100000.0,32100000.0,5800000.0,0.00152,17700000.0,0.5514018691588785,375200000.0,156200000.0,165500000.0,55000000.0,219100000.0,700000.0,46700000.0,479610000.0,500810000.0,2.3774733637747336,3.0090909090909093,0.3590085287846482,0.8623559539052497,0.010493748982287278,2.3774733637747336,0.0006402048655569782,14.941121495327103,1199.025,3.070486555697823,0.0,20.571428571428573,0.0,0.0855543710021322,2.890909090909091,0.00026652452025586353,-37.46953125,0.5514018691588785,0.0,0.0,0.0,0.0,0.0,0.0,0.0,0.0,0.0,0.0,Oil & Gas E&P,Energy,GPRK
