Quarters,Year,Quarter,FillingDate,Date,NetIncome,Revenue,OperatingIncome,EPSDiluted,GrossProfit,GrossProfitRatio,TotalAssets,CommonStockEquity,CurrentAssets,CurrentLiability,TotalLiability,Inventory,RetainedEarnings,MarketCap,EnterpriseValue,bookValuePerShare,currentRatio,debtToAssets,debtToEquity,roic,shareholdersEquityPerShare,roe,priceToSalesRatio,peRatio,pbRatio,payoutRatio,inventoryTurnover,dividendYield,assetTurnover,quickRatio,returnOnAssets,priceToFreeCashFlowsRatio,grossProfitMargin,epsdilutedGrowth,fiveYNetIncomeGrowthPerShare,fiveYRevenueGrowthPerShare,fiveYShareholdersEquityGrowthPerShare,grossProfitGrowth,netIncomeGrowth,operatingIncomeGrowth,threeYNetIncomeGrowthPerShare,threeYRevenueGrowthPerShare,threeYShareholdersEquityGrowthPerShare,Industry,Sector,Symbol
2023Q1,2023,Q1,2023-05-02,2023-03-31,86417000.0,998175000.0,148842000.0,0.56,327704000.0,0.3283031533,8584854000.0,3193492000.0,2640195000.0,1109466000.0,5391362000.0,658562000.0,2597208000.0,7628950360.0,10586610360.0,20.938459722786817,2.3796988821649334,0.46498100025929384,1.2499777672842143,0.0161974688675604,20.938459722786817,0.027060346479652993,7.642898650036316,22.070166633879907,2.388905423905869,0.1941400418899059,1.0180833391540964,0.002199122973451881,0.11627163374007292,1.6168913693614766,0.010066216618244177,127.13645902076459,0.3283031532546898,-0.24324324324324317,0.07324394846939743,0.2656954540687137,0.4643093205118163,-0.038557002282555757,-0.23626159964648696,-0.023122108095691266,9.591377610509682,0.3321317299247343,0.3002932519234123,Scientific & Technical Instruments,Technology,ST
2022Q4,2022,Q4,2023-02-13,2022-12-31,113150000.0,1014676000.0,152365000.0,0.74,340846000.0,0.3359160954,8756220000.0,3110807000.0,2775043000.0,1178972000.0,5645413000.0,644875000.0,2383341000.0,6163562820.0,9178185820.0,20.380158412987505,2.353781938841635,0.48424331503776746,1.3630357010254894,0.018678754306879153,20.380158412987505,0.036373198337280324,6.0744147097201475,13.618123773751659,1.9813388680172062,0.14848431285903668,1.0449001744524133,0.0027258584832595247,0.11588059687856175,1.6691660192099558,0.01292224270290148,33.27698315516683,0.33591609538414235,-0.18681318681318684,-0.24913161204712272,0.3548756761308922,0.48847534021303546,0.052861462995740315,-0.19324363828224708,0.22786870713761898,1.1940778635977973,0.244119409716786,0.2547739246504917,Scientific & Technical Instruments,Technology,ST
2022Q3,2022,Q3,2022-11-01,2022-09-30,140253000.0,1018268000.0,124089000.0,0.91,323733000.0,0.3179251435,8712616000.0,3069318000.0,2700199000.0,905974000.0,5643298000.0,675862000.0,2287683000.0,5758790720.0,8895260720.0,19.86947965353393,2.9804376284529135,0.48669492607042475,1.3815401336713888,0.012710667579115863,19.86947965353393,0.04569516746065413,5.65547647574116,10.265004527532389,1.8762444034798609,0.12153750721909692,1.0276284211865736,0.002959996434807063,0.11687281982816641,2.016448595655063,0.01609769098052755,100.170303009219,0.317925143478927,3.1363636363636367,0.7663638196863463,0.37839259014030135,0.5592150883866633,-0.03057988590935633,3.0255159151574293,-0.10690714897475943,1.0613527863253451,0.24478628097361615,0.22487673931676927,Scientific & Technical Instruments,Technology,ST
2022Q2,2022,Q2,2022-08-01,2022-06-30,34841000.0,1020548000.0,138943000.0,0.22,333945000.0,0.3272212576,8606677000.0,3023584000.0,3119729000.0,887129000.0,5583093000.0,656736000.0,2164734000.0,6464064870.0,9151187870.0,19.32286534123226,3.516657667599639,0.4933031645082068,1.4041948230973573,0.01209605476819241,19.32286534123226,0.011523079894588674,6.333915572809902,46.38260146092247,2.1378816894123003,0.4943887948107115,1.0454779393850802,0.0026647319212314774,0.11857630999745895,2.594465968309006,0.00404813611571574,115.07013564753004,0.3272212575988587,0.5714285714285713,-0.5204441837848801,0.32892359906559665,0.5794509358342841,0.04786783394521322,0.5525600463437458,0.10333518621456364,-0.5099720911613538,0.19276536672053526,0.1932929588318183,Scientific & Technical Instruments,Technology,ST
2022Q1,2022,Q1,2022-04-26,2022-03-31,22441000.0,975770000.0,125930000.0,0.14,318690000.0,0.3266036054,8611388000.0,3072317000.0,3090100000.0,840045000.0,5539071000.0,641709000.0,2154563000.0,8004908700.0,10644973700.0,19.51643988769041,3.678493414043295,0.49336367145459015,1.3828475381934873,0.012805192154095178,19.51643988769041,0.007304259293555971,8.203683962409174,89.17727262599706,2.605495689409654,0.0,1.0239532249041232,0.0,0.11331158229079911,2.7403877173246673,0.0026059678184283414,687.4706887667468,0.32660360535781996,-0.7999999999999999,-0.6602956509465636,0.3125751208762596,0.6514120973128729,0.012617604911047632,-0.7995838245275605,-0.20018037701336314,-0.7264283544876149,0.16240901206759026,0.2424100344083584,Scientific & Technical Instruments,Technology,ST
2021Q4,2021,Q4,2022-02-10,2021-12-31,111972000.0,934597000.0,157448000.0,0.7,314719000.0,0.3367430026,8613766000.0,3094734000.0,3076994000.0,836259000.0,5519032000.0,588231000.0,2132257000.0,9765465310.0,12315888310.0,19.549927668526017,3.6794748995227553,0.4944849906533333,1.376330889827688,0.021184913231399625,19.549927668526017,0.03618146179930165,10.448851547779418,21.803364479512737,3.1555103960469624,0.0,1.053800292742137,0.0,0.10850039343998896,2.8249537523661927,0.012999192223238941,83.51405355249204,0.33674300259898116,0.32075471698113195,0.8167666286802789,0.2795805160017924,0.720125695077845,-0.022912210221081097,0.3179533657411222,-0.02411692151308735,-0.5430550270659134,0.14294650340842294,0.23027131487061156,Scientific & Technical Instruments,Technology,ST
2021Q3,2021,Q3,2021-10-26,2021-09-30,84959000.0,951021000.0,161339000.0,0.53,322099000.0,0.33868757892833073,8504758000.0,3009623000.0,3302664000.0,829820000.0,5495135000.0,551628000.0,2020346000.0,8667319680.0,10957195680.0,19.000864931752464,3.97997638041985,0.4994874633705039,1.4114791121678696,0.017613836268065803,19.000864931752464,0.028229117068815597,9.113699571302842,25.504418837321534,2.8798689005234213,0.0,1.1401197908735596,0.0,0.111822229392065,3.1583897712756985,0.009989584653672685,97.98342335824185,0.33868757892833073,-0.2535211267605633,0.31310104054595234,0.29874806541560306,0.7506433993823827,-0.036713271028037384,-0.2475911296893266,-0.020733816879609117,-0.3982576517222217,0.14982725651080814,0.34946185241204597,Scientific & Technical Instruments,Technology,ST
2021Q2,2021,Q2,2021-07-27,2021-06-30,112916000.0,992660000.0,164755000.0,0.71,334375000.0,0.33684746035903534,8418358000.0,2913448000.0,3177128000.0,836932000.0,5504910000.0,503641000.0,1936427000.0,9171317760.0,11557879760.0,18.415301375404532,3.7961602615266234,0.5046507881940873,1.4581797924658344,0.021465649830061974,18.415301375404532,0.03875682696241704,9.23913299619205,20.305620461227814,3.147925674321285,0.0,1.3070520469937912,0.0,0.11791610668018633,3.0541143127518127,0.013413067013781073,72.20372980632972,0.33684746035903534,1.0882352941176467,0.8599937244783155,0.29441189812080343,0.7583823212462857,0.0885346980099551,1.1014274282098524,0.04636909827632198,0.16213824408444866,0.1770693141016249,0.25142385148684687,Scientific & Technical Instruments,Technology,ST
2021Q1,2021,Q1,2021-04-27,2021-03-31,53733000.0,942528000.0,157454000.0,0.34,307179000.0,0.32590968119779995,7945192000.0,2790643000.0,3106125000.0,773521000.0,5154549000.0,468446000.0,1831241000.0,9142423800.0,11247177800.0,17.68871859232778,4.0155664810651555,0.5032829917766619,1.4328884060053544,0.016768422339155268,17.68871859232778,0.01925470223170789,9.69989623650438,42.536354754061755,3.2760993792470052,0.0,1.3562907997933593,0.0,0.11862872539769964,3.2773344227241408,0.0067629580254322365,118.21233530301659,0.32590968119779995,-0.5584415584415584,-0.04246567745237519,0.27806705501941,0.7562475801027817,0.03583869216424831,-0.5583601140818792,0.021360785153184007,-0.3548606324719595,0.1553936737866214,0.2370420673526417,Scientific & Technical Instruments,Technology,ST
2020Q4,2020,Q4,2021-02-12,2020-12-31,121667000.0,906491000.0,154161000.0,0.77,296551000.0,0.3271416925264564,7768832000.0,2705486000.0,2979972000.0,1495157000.0,5138716000.0,451005000.0,1777729000.0,8305917120.0,10454209120.0,17.178997764909074,1.9930830006480924,0.516200118627871,1.482274164419997,0.02572948602592063,17.178997764909074,0.044970478501829246,9.162713275697167,17.066906227654172,3.07002775841383,0.0,1.352401858072527,0.0,0.11668304836557156,1.6310173446668144,0.015660912734372427,34.65751937143501,0.3271416925264564,0.5714285714285715,-0.3969223060496161,0.35013604366716516,0.7544121065696532,0.1491641413945702,0.5856716495718698,0.21534944223264615,-0.2174716034096171,0.17315014551794528,0.25467692765071376,Scientific & Technical Instruments,Technology,ST
2020Q3,2020,Q3,2020-10-27,2020-09-30,76729000.0,788313000.0,126845000.0,0.49,258058000.0,0.32735474361072314,7559494000.0,2574644000.0,2713879000.0,626415000.0,4984850000.0,438188000.0,1656639000.0,6782470800.0,9142404800.0,16.376059025569266,4.332397851264736,0.5251839607254136,1.5420093030337398,0.016110090097645722,16.376059025569266,0.029801790072724616,8.603778955820848,22.098785335401217,2.6343334457113294,0.0,1.210108446602828,0.0,0.10428118601588943,3.4727377217978495,0.010150017977393726,67.94428995031255,0.32735474361072314,2.814814814814815,0.5622712171532682,0.1729129428214003,0.9263987100523119,0.5729297460716071,2.803648245222256,68.9041755888651,-0.05054335225794853,0.048472690637752155,0.2850763465482514,Scientific & Technical Instruments,Technology,ST
2020Q2,2020,Q2,2020-07-28,2020-06-30,-42541000.0,576505000.0,-1868000.0,-0.27,164062000.0,0.284580359233658,7084885000.0,2493405000.0,2279164000.0,926559000.0,4591480000.0,488807000.0,1579931000.0,5852034779.999999,8236960779.999999,15.86276767651063,2.4598152950864436,0.5120584173208175,1.454988259027314,-0.0003144135935915902,15.86276767651063,-0.017061407994288933,10.15088295851727,-34.39055722714557,2.3470053120130903,0.0,0.8437747413600869,0.0,0.08137111611550506,1.820349270796571,-0.006004472902524176,131.27629727668355,0.284580359233658,-6.3999999999999995,-2.1249606405903436,-0.19069098406128338,0.9203373177191231,-0.21072052265193902,-6.0457834183370895,-1.0318776770934657,-1.5828984418653935,-0.2526805167414853,0.2966225665364376,Scientific & Technical Instruments,Technology,ST
2020Q1,2020,Q1,2020-04-29,2020-03-31,8431000.0,774269000.0,58599000.0,0.05,207863000.0,0.2684635443237428,6812818000.0,2537797000.0,1969548000.0,621061000.0,4275021000.0,514274000.0,1624773000.0,4559339070.0,6983822070.0,16.1028750182425,3.171263370264757,0.4737326022799963,1.271754202562301,0.01233200733909594,16.1028750182425,0.0033221727348562552,5.8885724082973745,135.19567874510736,1.796573591189524,0.0,1.1013700867630873,0.0,0.11364886013394164,2.156611025326015,0.001237520215570121,66.08025088047306,0.2684635443237428,-0.8529411764705883,-0.7435449928881648,0.10921840857956364,0.9955865161219296,-0.28374723044426603,-0.8425230677275953,-0.5145794330588644,-0.8725176799145059,0.04035257445283094,0.36256831469634837,Scientific & Technical Instruments,Technology,ST
2019Q4,2019,Q4,2020-02-11,2019-12-31,53538000.0,846691000.0,120718000.0,0.34,290209000.0,0.3427566845519794,6834519000.0,2573755000.0,1965652000.0,634746000.0,4260764000.0,506678000.0,1616357000.0,8536347940.0,10989031940.0,16.242095896808067,3.096753662094759,0.4721331523110844,1.2537335527274351,0.013728697033909658,16.242095896808067,0.020801513741595452,10.082010957952784,39.86116375284844,3.3166901822434536,0.0,1.098295169713309,0.0,0.12388450452767781,2.09846615811679,0.00783347006570616,57.685042370017975,0.3427566845519794,-0.2272727272727272,-0.17837088925960173,0.2808507090356459,1.1075710485612484,-0.015589966248876376,-0.24247612309869118,-0.17391125831440069,-0.1322294838829198,0.1580337524401457,0.4290818343536323,Scientific & Technical Instruments,Technology,ST
2019Q3,2019,Q3,2019-10-30,2019-09-30,70675000.0,849715000.0,146132000.0,0.44,294805000.0,0.34694574063068206,6843574000.0,2602888000.0,1949586000.0,620503000.0,4240686000.0,502939000.0,1562856000.0,8032527480.0,10538416480.0,16.22161562527266,3.1419445192045807,0.47157742431074756,1.2398823921736164,0.017800796185754558,16.22161562527266,0.027152532110486505,9.453201932412632,28.41360976299965,3.086005805858723,0.0,1.103334599225751,0.0,0.12416246247940038,2.124405522616329,0.01032720622294725,57.496760865830616,0.34694574063068206,-0.02222222222222224,-0.09421388339431443,0.5466913687543139,1.2340263928273438,-0.044364341261171315,-0.03759736369083284,-0.00886468302145294,0.07828092461484341,0.14547454676869376,0.4945774533792504,Scientific & Technical Instruments,Technology,ST
2019Q2,2019,Q2,2019-07-30,2019-06-30,73436000.0,883726000.0,147439000.0,0.45,308491000.0,0.3490799184362574,6852117000.0,2617063000.0,1969579000.0,629144000.0,4235054000.0,490123000.0,1492356000.0,7903120200.0,10411764200.0,16.19289311834078,3.1305694721717128,0.47134586289171654,1.2340998287011051,0.01766782174001479,16.19289311834078,0.028060463198631442,8.942953132532029,26.904788523340052,3.01984331290458,0.0,1.17365436839324,0.0,0.12897123618875744,2.1562901338962144,0.010717271757035088,79.3374445359086,0.3490799184362574,-0.13461538461538464,0.21428779589977956,0.621331782338082,1.4817021873579157,0.06488938289844767,-0.13670722388761536,0.03396308451849982,0.18414182020132736,0.12804991999718074,0.5461759983548241,Scientific & Technical Instruments,Technology,ST
2019Q1,2019,Q1,2019-05-01,2019-03-31,85065000.0,870499000.0,142596000.0,0.52,289693000.0,0.33278958390532326,6793511000.0,2564371000.0,1885073000.0,636296000.0,4229140000.0,484136000.0,1425426000.0,7661181710.0,10242052710.0,15.708533694340478,2.962572450557602,0.47551096921753716,1.2597198299310046,0.01954500196048227,15.708533694340478,0.03317187723617215,8.800908111324654,22.51566951742785,2.98754810048936,0.0,1.1996752978501908,0.0,0.1281368352829634,2.015609087594453,0.012521507656350302,107.89940861653733,0.33278958390532326,-0.6623376623376623,0.31148726471143373,0.6635909544802616,1.2319013420047962,-0.04818651658074839,-0.6652289068433956,-0.12174030869292075,0.4649637144861048,0.14074968064277552,0.5596423304294292,Scientific & Technical Instruments,Technology,ST
2018Q4,2018,Q4,2019-02-06,2018-12-31,254099000.0,847922000.0,162362000.0,1.54,304359000.0,0.35894693143944845,6797687000.0,2608434000.0,1917155000.0,639944000.0,4189253000.0,492319000.0,1340636000.0,7360396320.000001,9864886320.0,15.89074493749543,2.995816821471879,0.4757975764403392,1.2399481834694686,0.058832967306086496,15.89074493749543,0.09741438732971584,8.680511084746003,7.241662029366507,2.82176827935842,0.0,1.1040869842520804,0.0,0.12473684063417453,2.0495574612778618,0.03738021477011225,48.451710990573496,0.35894693143944845,0.75,3.045581304734403,0.7928274114436091,1.4398173506242613,-0.034449174856765796,0.7040129293579581,-0.26968905041854274,0.2084127363837021,0.21166290046521036,0.6228487646525966,Scientific & Technical Instruments,Technology,ST
2018Q3,2018,Q3,2018-10-30,2018-09-30,149118000.0,873552000.0,222319000.0,0.88,315218000.0,0.36084629192080153,6664315000.0,2355498000.0,2027201000.0,654650000.0,4308817000.0,489251000.0,1086537000.0,8262453100.0,10684838100.0,14.080327574869987,3.096618040174139,0.4852380177107475,1.3728642520604986,0.03400149163526906,14.080327574869987,0.06330635814592074,9.458455936223602,13.85220613876259,3.507730891726505,0.0,1.1412015509421545,0.0,0.1310790381307006,2.178278469411136,0.022375592990427372,68.14281908752021,0.36084629192080153,0.4426229508196722,1.3754093896817179,0.8415542642924393,0.993497123065051,-0.04868855081167704,0.41628675632550716,0.24856228237672695,1.8534139122061575,0.2215005398945648,0.6563401997386634,Scientific & Technical Instruments,Technology,ST
2018Q2,2018,Q2,2018-07-24,2018-06-30,105288000.0,913860000.0,178060000.0,0.61,331351000.0,0.36258398441774453,6806935000.0,2522807000.0,2148919000.0,635436000.0,4284128000.0,462006000.0,937452000.0,8157067620.0,10525770620.0,14.715478975029018,3.38180241597895,0.47482207483985084,1.2811455652374517,0.025200657709710753,14.715478975029018,0.04173446482430087,8.925948854310288,19.368464639844994,3.233330024849305,0.0,1.2608256169833292,0.0,0.13425425687185202,2.310600910241157,0.015467754576766196,85.59806516606328,0.36258398441774453,0.17307692307692302,4.282211570082132,0.8442500316222409,1.1931193301425653,0.09055872246870023,0.16353188197590893,0.20573138856160023,1.5527762283621633,0.17623800162226308,0.7814472228389532,Scientific & Technical Instruments,Technology,ST
2018Q1,2018,Q1,2018-04-24,2018-03-31,90490000.0,886293000.0,147678000.0,0.52,303836000.0,0.3428166531835409,6782876000.0,2450941000.0,2018582000.0,665909000.0,4331935000.0,459699000.0,835807000.0,8883869320.0,11285457320.0,14.299205386105342,3.031318093012709,0.47617765679337204,1.3178016117075033,0.022376594499850123,14.299205386105342,0.03692051338649115,10.023625730994151,24.543787490330423,3.6246769383677533,0.0,1.2670399544049475,0.0,0.13066625425556946,2.186507465734808,0.013340948588769719,96.23221421839965,0.3428166531835409,-0.4693877551020408,1.7098936943113874,0.955874005976502,1.090331721088502,0.011384213890072433,-0.46496461281034,-0.028498125123347148,1.5308428939209093,0.16744121402622628,0.7720625309109733,Scientific & Technical Instruments,Technology,ST
2017Q4,2017,Q4,2018-02-01,2017-12-31,169129000.0,840534000.0,152010000.0,0.98,300416000.0,0.35741088403324556,6573055000.0,2345626000.0,1848291000.0,629495000.0,4295899000.0,446129000.0,1031612000.0,8755858540.0,11244299540.0,13.69196913270369,2.9361488177030797,0.49315424867127994,1.3819466530469904,0.039651742466685666,13.69196913270369,0.07210399270812994,10.417018871336555,12.94257421849594,3.7328451082994474,0.0,1.2106767325145866,0.0,0.12787569859068576,2.0804454364212583,0.025730653402413338,60.67017191083641,0.35741088403324556,0.9215686274509803,1.4758446845501767,0.9599753068102023,0.9929009260137479,0.030155475238493667,0.9211563582665985,0.08577020328281025,1.400844506023052,0.1761457203301407,0.7766671201314337,Scientific & Technical Instruments,Technology,ST
2017Q3,2017,Q3,2017-10-24,2017-09-30,88035000.0,819054000.0,140002000.0,0.51,291622000.0,0.3560473424218672,6537937000.0,2182525000.0,1731274000.0,627937000.0,4355412000.0,447486000.0,862954000.0,8232900830.0,10857788830.0,12.74325768235933,2.757082318767647,0.4952418476959934,1.4835385619866897,0.021986429415984325,12.74325768235933,0.040336307716979186,10.051719215094487,23.379624098369966,3.772190847756612,0.0,1.1786558685634858,0.0,0.12527713252666706,1.883712856544526,0.013465256701005226,80.6467177673726,0.3560473424218672,0.10869565217391301,1.2014164610669564,0.8013312893951201,0.9358169075474516,-0.02415992397320323,0.10795776331852448,0.005588116991323335,0.057055581908088085,0.39677201582294147,0.7549900485027697,Scientific & Technical Instruments,Technology,ST
2017Q2,2017,Q2,2017-07-25,2017-06-30,79457000.0,839874000.0,139224000.0,0.46,298842000.0,0.3558176583630402,6417621000.0,2093614000.0,1588209000.0,600608000.0,4324007000.0,411351000.0,778214000.0,7310759040.0,10035304040.0,12.233913002828226,2.6443354067877882,0.5042412133717463,1.5456664886650548,0.02104300793315372,12.233913002828226,0.03795207712596496,8.704590259967567,23.00224977031602,3.4919326294149733,0.0,1.3152563139508595,0.0,0.13086999060866947,1.793382705525068,0.012381067688478332,91.36735662063363,0.3558176583630402,0.09523809523809533,2.154671595918933,0.7258941989899474,0.9311143388051859,0.08849915314429328,0.10763075722092115,0.14919644404823812,0.2408042801969401,0.45521412916129894,0.8749539342464464,Scientific & Technical Instruments,Technology,ST
2017Q1,2017,Q1,2017-04-25,2017-03-31,71736000.0,807271000.0,121149000.0,0.42,274545000.0,0.34009025469761706,6330571000.0,2020257000.0,1473283000.0,595194000.0,4310314000.0,407198000.0,705615000.0,7465255490.0,10266883490.0,11.81803131964878,2.475298810135855,0.5107482405615544,1.6004538036497338,0.019106582984624223,11.81803131964878,0.035508353640155685,9.247520956407453,26.016419545277127,3.6952009026574344,0.0,1.3082726339520332,0.0,0.12751946072479087,1.621027765736886,0.011331679243467927,86.16208640151427,0.34009025469761706,0.07692307692307684,0.9061004349605188,0.6966177466000203,0.915481426990211,-0.01560785663575931,0.0782990364814286,-0.05093575451817847,0.05617054970116361,0.47326662461118135,0.6791306225915855,Scientific & Technical Instruments,Technology,ST
2016Q4,2016,Q4,2017-02-02,2016-12-31,66527000.0,788396000.0,127651000.0,0.39,278898000.0,0.3537536973805042,6240976000.0,1942007000.0,1341485000.0,583296000.0,4298969000.0,389844000.0,636841000.0,6655386500.000001,9545183500.0,11.365406449347457,2.29983576091727,0.5193458523154071,1.6690078872012304,0.021079966351418337,11.365406449347457,0.034256828116479496,8.441679688887312,25.010095525125138,3.42706617432378,0.0,1.306927899364874,0.0,0.1263257541769108,1.4600460143734912,0.010659710917010417,74.32781072357915,0.3537536973805042,-0.04878048780487796,1.8230237695682818,0.7989906471267456,0.9225929599701972,-0.00696447264414963,-0.04668625062692556,0.03943554165852387,0.017526417874242785,0.6013887328692153,0.7450104423100321,Scientific & Technical Instruments,Technology,ST
2016Q3,2016,Q3,2016-10-25,2016-09-30,69785000.0,789798000.0,122808000.0,0.41,280854000.0,0.35560231856753244,6250993000.0,1854237000.0,1296327000.0,621945000.0,4396756000.0,372968000.0,570626000.0,6625175200.0,9602172200.0,10.853646686958557,2.0843113137013725,0.5242181522199753,1.7672411886937862,0.020511156919457606,10.853646686958557,0.03763542632360373,8.388442614440654,23.734238016765783,3.572992664907453,0.0,1.364578194375925,0.0,0.1263476058923758,1.3384752671056122,0.011163826291278841,55.39351515860939,0.35560231856753244,0.07894736842105256,1.738838199924011,0.7152797741487499,0.8848485093115069,-0.03188511706146761,0.06525721263929171,-0.041446166814967454,0.08855631069628975,0.6303926402766644,0.5366626472407331,Scientific & Technical Instruments,Technology,ST
2016Q2,2016,Q2,2016-07-26,2016-06-30,65510000.0,827545000.0,128118000.0,0.38,290104000.0,0.3505597882894586,6288921000.0,1787959000.0,1296321000.0,729269000.0,4500962000.0,346120000.0,501704000.0,5956525470.0,9049669470.0,10.47286540184978,1.7775621889865056,0.5409932800873155,1.9028758489428448,0.018573629488965,10.47286540184978,0.03663954262933322,7.197826668036179,22.731359601587545,3.3314664765802795,0.0,1.5527591586732925,0.0,0.13158775567382702,1.1581570037942104,0.010416731264393367,74.27274333524527,0.3505597882894586,0.0857142857142858,2.938651524359691,0.8635925758230398,0.8613414927602245,0.081787367015822,0.08080908071009041,0.12792837208483365,2.3003660163743604,0.6770628599018766,0.56082201563084,Scientific & Technical Instruments,Technology,ST
2016Q1,2016,Q1,2016-04-26,2016-03-31,60612000.0,796549000.0,113587000.0,0.35,268171000.0,0.33666604314361076,6361275000.0,1716289000.0,1331236000.0,876889000.0,4644986000.0,344251000.0,451378000.0,6618491360.000001,9798095360.0,10.0718821154433,1.5181351345495269,0.5545415030791783,2.0553595577434804,0.01697936531093033,10.0718821154433,0.03531573062578622,8.308956963099572,27.298601597043493,3.856280241847381,0.0,1.5348626438267428,0.0,0.12521845070367182,0.996330208270374,0.009528278529068466,64.9081698981043,0.33666604314361076,-0.7267778037372474,7.495625880882985,0.8303450263638466,0.737280247739324,0.07348267110730383,-0.7223314046974424,0.24603165896949286,0.8257926247122285,0.7681423242653158,0.47235976465049107,Scientific & Technical Instruments,Technology,ST
2015Q4,2015,Q4,2016-02-02,2015-12-31,218289000.0,726471000.0,91159000.0,1.281008661768503,249814000.0,0.34387332735924764,6337255000.0,1668576000.0,1277923000.0,865175000.0,4668679000.0,358701000.0,391247000.0,7848808240.0,11109662240.0,9.791882819652121,1.477068801109602,0.5685611514764674,2.1593963954893276,0.08543603219917519,9.791882819652121,0.13082352856567517,10.804021413105271,8.98901025704456,4.703896160558464,0.0,1.3288421275658557,0.0,0.11463496419190959,0.9360302828907446,0.0344453552839518,64.09021549014004,0.34387332735924764,3.1322860057048483,2.247669339975227,0.9120128997148069,0.6900797558609036,-0.003637436883290923,3.106882149307646,-0.14707423417354368,2.212552529537374,0.703047131569507,0.42523344520931095,Scientific & Technical Instruments,Technology,ST
2015Q3,2015,Q3,2015-10-27,2015-09-30,53152000.0,727360000.0,106878000.0,0.31,250726000.0,0.3447068851737791,5136603000.0,1446397000.0,1210412000.0,651279000.0,3690206000.0,341361000.0,179311000.0,7544317980.000001,9910203980.0,8.500866897447501,1.8585153213906789,0.5108619451415654,1.8142287352642463,0.020804589613215446,8.500866897447501,0.03674786382991668,10.372192559392873,35.484638301475016,5.2159386254258,0.0,1.3962754972009104,0.0,0.14160331253943512,1.13614288192925,0.010347694770259644,69.80825727292917,0.3447068851737791,0.2916666666666667,2.104749590761116,0.9085708163191101,0.5814681181466804,-0.007300946272320545,0.299559902200489,0.14730130104341105,0.3378915712326962,0.610218964059686,0.29135910762204564,Scientific & Technical Instruments,Technology,ST
2015Q2,2015,Q2,2015-07-28,2015-06-30,40900000.0,770445000.0,93156000.0,0.24,252570000.0,0.32782353055701574,5136975000.0,1404327000.0,1192467000.0,695024000.0,3732648000.0,332648000.0,126721000.0,8966169180.0,11440303180.0,8.260406924420758,1.715720608209213,0.5257820020537378,1.9232906580874682,0.018537877496049536,8.260406924420758,0.02912427091411046,11.637649903627125,54.80543508557457,6.3846733559918745,0.0,1.5568258339145282,0.0,0.1499802899566379,1.0444186100048343,0.007961884182811869,149.02385367150882,0.32782353055701574,0.14285714285714285,-0.5013873678012533,0.9781739755058322,0.46760013061257005,0.034902397849638604,0.1568377881487767,-0.09019347403580392,0.6345933284325295,0.5936982481926322,0.30389927183778814,Scientific & Technical Instruments,Technology,ST
2015Q1,2015,Q1,2015-04-28,2015-03-31,35355000.0,750685000.0,102391000.0,0.21,244052000.0,0.3251057367604255,5140730000.0,1367632000.0,1169066000.0,730803000.0,3773098000.0,346799000.0,90240000.0,9737028150.0,12272277150.0,8.069244248821443,1.599700603308963,0.5312144384163339,1.9967578997859072,0.019035593031594366,8.069244248821443,0.02585125238368216,12.970857483498405,68.85184662706831,7.119625856955674,0.0,1.4608836819021969,0.0,0.14602692613694943,0.9358418068891343,0.006877427913934402,149.26766234363504,0.3251057367604255,-0.4878048780487805,0.14734621230205225,0.7641030089699243,0.39024178086920164,0.03626142192329902,-0.49144131185270423,0.34163631122408866,-0.05248835457998622,0.5912832196843978,0.3078732887403112,Scientific & Technical Instruments,Technology,ST
2014Q4,2014,Q4,2015-02-03,2014-12-31,69520000.0,705261000.0,76318000.0,0.41,235512000.0,0.3339359471174501,5116609000.0,1302892000.0,1118764000.0,677506000.0,3813717000.0,356364000.0,67233000.0,8860591830.0,11445985830.0,7.706547263446171,1.6512975530844007,0.5465969746760012,2.1465501361586377,0.0395994122948734,7.706547263446171,0.0533582215563531,12.56356416986052,31.863463140103562,6.800710903129345,0.0,1.3181718692123783,0.0,0.13783757953754136,0.9685242639917581,0.013587123815792843,149.38449320565127,0.3339359471174501,-0.14583333333333334,3.2518779575378898,0.7774742605422259,1.8675082263619691,0.1479710462820794,-0.15181240315752229,-0.17151014470727444,1.9815603676962121,0.6264907963125729,0.30365364234113135,Scientific & Technical Instruments,Technology,ST
2014Q3,2014,Q3,2014-10-28,2014-09-30,81963000.0,577095000.0,92117000.0,0.48,205155000.0,0.3554960621734723,3880640000.0,1223897000.0,931329000.0,565958000.0,2656743000.0,274306000.0,9122000.0,7505709620.0,9141059620.0,7.261156661959966,1.6455797073281055,0.4721094974024903,1.4969290716457349,0.04056903510541255,7.261156661959966,0.06696887074647621,13.006020880444295,22.89359107158108,6.13263176558158,0.0,1.355930967605521,0.0,0.14871129504411643,1.0168316376833617,0.021121000659685002,260.0100329095507,0.3554960621734723,0.29729729729729726,2.2963930401957784,0.6306542154381334,1.851846331191182,-0.010857878470832711,0.2828165839763354,-0.11405516657690236,2.2604131730914396,0.27033056598549443,0.2609752929047798,Scientific & Technical Instruments,Technology,ST
2014Q2,2014,Q2,2014-07-29,2014-06-30,63893000.0,575853000.0,103976000.0,0.37,207407000.0,0.3601735165050803,3550224000.0,1114116000.0,818187000.0,378614000.0,2436108000.0,226058000.0,-66657000.0,7987591440.0,9475749440.0,6.524913908215616,2.161005668041858,0.47118041002483224,1.501455862764739,0.027705397345925812,6.524913908215616,0.05734860642877403,13.870886215752979,31.253781478409216,7.169443253664789,0.0,1.6298737492148032,0.0,0.16220187796601004,1.419020427136873,0.017996892590439365,110.80334369104428,0.3601735165050803,-0.05128205128205133,1.3829718882571298,0.9024685893790175,0.0,0.06693587798040072,-0.06552294034194785,0.04837766440137934,2.890522454843836,0.2966041121040342,0.15967240368666116,Scientific & Technical Instruments,Technology,ST
2014Q1,2014,Q1,2014-04-29,2014-03-31,68373000.0,551594000.0,99178000.0,0.39,194395000.0,0.35242406552645605,3631397000.0,1211166000.0,950048000.0,381295000.0,2420231000.0,199135000.0,-128618000.0,7337704400.0,8677032400.0,7.038184618066653,2.4916350856948033,0.4608121888077784,1.3816371991948255,0.030221125687926283,7.038184618066653,0.05645221216579726,13.302727005732477,26.829685694645548,6.0583804367031435,0.0,1.7937529816456173,0.0,0.15189581309892583,1.801917150762533,0.018828291150760987,93.96711914762831,0.35242406552645605,0.026315789473684233,6.611992627683045,0.9318909461313103,0.0,0.027414274237875777,0.01947306424918365,0.012092700499015235,8.25577477907434,0.2550954900707379,0.21400339844741792,Scientific & Technical Instruments,Technology,ST
2013Q4,2013,Q4,2014-02-06,2013-12-31,67067000.0,505015000.0,97993000.0,0.38,189208000.0,0.3746581784699464,3498824000.0,1141588000.0,855631000.0,318492000.0,2357236000.0,183395000.0,-187792000.0,6795450520.000001,8152675520.000001,6.513087929893425,2.686507039423282,0.47876686566686405,1.467360378700547,0.03547371358139453,6.513087929893425,0.05874886561526575,13.455937982040139,25.330827828887532,5.95262960017099,0.0,1.722004416696202,0.0,0.14433849773523905,1.9140794745236929,0.01916844059604027,113.61539716774507,0.3746581784699464,0.027027027027027053,2.055733665514911,0.5511662006142685,1.314804527840423,-0.003250362175688134,0.01582805731422859,-0.021039171220491714,-0.029923094266779093,0.2922131160019969,0.12415949630879557,Scientific & Technical Instruments,Technology,ST
2013Q3,2013,Q3,2013-10-29,2013-09-30,66022000.0,498886000.0,100099000.0,0.37,189825000.0,0.380497748984738,3558974000.0,1242694000.0,880086000.0,347838000.0,2316280000.0,181605000.0,-245680000.0,6733262070.000001,7960976070.000001,7.063129117147225,2.530160591999724,0.44279980691064336,1.2681424389270408,0.026714788454604024,7.063129117147225,0.05312812325479965,13.496594552663336,25.496281807579294,5.418278409648716,0.0,1.7018308967264117,0.0,0.1401769161561731,1.8742575566786837,0.01855085201521562,62.94533112087502,0.380497748984738,2.3636363636363638,-0.25460902059268553,0.13151239838382572,0.0,0.03323553905692933,2.2409798242599774,0.10496743569930456,2.3270587653121164,0.26595253138334296,0.3139969897041703,Scientific & Technical Instruments,Technology,ST
2013Q2,2013,Q2,2013-07-29,2013-06-30,20371000.0,506418000.0,90590000.0,0.11,183719000.0,0.3627813387359849,3469039000.0,1175631000.0,768168000.0,328800000.0,2293408000.0,173549000.0,-288364000.0,6153375200.0,7497290200.0,6.709839621026197,2.336277372262774,0.45495654560239884,1.3424807613953698,0.018893638296853154,6.709839621026197,0.017327715924469498,12.150782950053118,75.51636149428109,5.234104238489798,0.0,1.859411463045019,0.0,0.14598221582403656,1.6559701946472019,0.005872231473903868,81.27881437647774,0.3627813387359849,-0.42105263157894735,-0.25958582711715517,0.6304659399794634,0.0,0.13595414608207457,-0.4123467474397808,0.21111244802738005,-0.7590315234915408,0.26165290167485733,0.19211578731007464,Scientific & Technical Instruments,Technology,ST
2013Q1,2013,Q1,2013-04-29,2013-03-31,34665000.0,470413000.0,74799000.0,0.19,161731000.0,0.3438063999081658,3667875000.0,1217196000.0,942201000.0,495579000.0,2450679000.0,172020000.0,-290494000.0,5804272320.0,7152680320.0,6.840639330995414,1.9012125211116693,0.4851400333980847,1.461911639538743,0.0176468972283661,6.840639330995414,0.028479390336478266,12.338673293467656,41.85974556469061,4.768560133289955,0.0,1.794454133240321,0.0,0.12825218961933,1.449563036367562,0.009450976382782946,82.25310092679194,0.3438063999081658,-0.5128205128205129,3.7517112113267532,0.5933881446532392,0.0,0.09384870312130128,-0.5113545058569797,0.7960237231973492,0.0715376084188404,0.052975064940819126,0.17856670495455335,Scientific & Technical Instruments,Technology,ST
2012Q4,2012,Q4,2013-02-08,2012-12-31,70941000.0,445356000.0,41647000.0,0.39,147855000.0,0.331992832700132,3648391000.0,1222294000.0,894680000.0,278363000.0,2426097000.0,176233000.0,-316368000.0,5778451839.999999,7146142839.999999,6.870371203093734,3.2140765834539793,0.48822343877068003,1.4572844176605628,0.13761735456865504,6.870371203093734,0.058039227878071885,12.974905109620167,20.363583259328173,4.72754659680895,0.0,1.6881117611344072,0.0,0.12206915322398285,2.4128673710227293,0.019444461955969085,61.18324781618931,0.331992832700132,0.6956521739130435,2.1001952679639753,0.3476848275635126,1.4417859147690124,-0.0945250780819401,0.7091745771695659,-0.41540685841018515,3.123076822361342,0.06663014440526538,1.5563777486290205,Scientific & Technical Instruments,Technology,ST
2012Q3,2012,Q3,2012-10-26,2012-09-30,41506000.0,471929000.0,71241000.0,0.23,163290000.0,0.3460054372585707,3627541000.0,1170180000.0,877718000.0,290118000.0,2457361000.0,185970000.0,-384624000.0,5364826980.0,6801025980.0,6.582883759654817,3.0253827752845392,0.4918932687459632,1.5248619870447282,0.017204835007543256,6.582883759654817,0.03546975678955375,11.367868853153759,32.313562978846434,4.584616879454443,0.0,1.6596171425498736,0.0,0.13009611745256636,2.2217856182656712,0.011441910649665986,62.536596220872624,0.3460054372585707,0.6428571428571428,-0.5361934159045781,0.0594128519873121,0.0,-0.08499478868977575,0.5891722183934451,-0.1752795721330833,1.6224898939937855,0.26442714286749847,1.5854521218334665,Scientific & Technical Instruments,Technology,ST
2012Q2,2012,Q2,2012-07-27,2012-06-30,26118000.0,504617000.0,86382000.0,0.14,178458000.0,0.35365039227770767,3588543000.0,1124218000.0,800874000.0,305556000.0,2464325000.0,194887000.0,-426130000.0,4752298460.0,6278557460.0,6.335157249361817,2.6210383693987356,0.497999884632844,1.5896329715411068,0.01501277667765095,6.335157249361817,0.023232148924852654,9.417634483182296,45.48872865456774,4.22720367402052,0.0,1.6735800746073366,0.0,0.14061890856539827,1.8464667687756091,0.0072781627529612996,75.10546756222837,0.35365039227770767,-0.33333333333333326,-0.06272281325145787,0.6040955309833781,0.0,0.07014871671863757,-0.3288621646623497,0.10465740811785468,-0.06272281325145787,0.6040955309833781,0.0,Scientific & Technical Instruments,Technology,ST
2012Q1,2012,Q1,2012-05-01,2012-03-31,38916000.0,492008000.0,78198000.0,0.21,166760000.0,0.33893757825076015,3554031000.0,1090600000.0,726289000.0,321396000.0,2463431000.0,200460000.0,-452248000.0,5918119787.5199995,7514767787.5199995,6.169744667385478,2.259794770314503,0.5035842399798989,1.6410728039611224,0.018134876986618045,6.169744667385478,0.03568311021456079,12.028503169704557,38.01855141535615,5.426480641408399,0.0,1.6225082310685424,0.0,0.13843660902226232,1.5048818280252398,0.010949820077540123,59.76691362876186,0.33893757825076015,0.5226556889125887,4.1096059944090255,0.6775673006058506,0.0,0.07724010516592056,0.5962918905615489,0.2815982693064114,4.1096059944090255,0.6775673006058506,0.0,Scientific & Technical Instruments,Technology,ST
2011Q4,2011,Q4,2012-02-10,2011-12-31,24379000.0,453365000.0,61016000.0,0.13791693127286866,154803000.0,0.3414533543612762,3456651000.0,1044951000.0,593166000.0,279252000.0,2411700000.0,197542000.0,-491164000.0,4645405854.72,6345510854.72,5.91149904633149,2.1241244467362814,0.5184879815752299,1.7151349680511334,0.014817575451999075,5.91149904633149,0.023330280558609924,10.246503048801738,47.63737083883671,4.445572906978414,0.0,1.5113849206750969,0.0,0.13115729646990684,1.266067924312091,0.007052780277789108,80.4524662669507,0.3414533543612762,-0.014879062336652489,1.380527045673764,0.3807854312297766,1.1009949360527653,-0.07870163723687265,-0.07117003848058825,-0.211761058288549,1.380527045673764,0.3807854312297766,1.1009949360527653,Scientific & Technical Instruments,Technology,ST
2011Q3,2011,Q3,2011-10-24,2011-09-30,26247000.0,474313000.0,77408000.0,0.14,168027000.0,0.3542534149390803,3508801000.0,1013381000.0,623056000.0,360398000.0,2495420000.0,209757000.0,-515543000.0,4656540317.940001,6408444317.940001,5.758365530884576,1.7287998268580846,0.521467304643381,1.805564738237642,0.014803635773702436,5.758365530884576,0.025900426394416316,9.817441895836717,44.35307195050863,4.595053901681599,0.0,1.4601944154426312,0.0,0.13517808504956536,1.0086016015627168,0.007480333025440884,60.05494490366015,0.3542534149390803,1.7,-0.703742975911307,0.0755152101191883,0.0,-0.01328330074168032,1.7579923181332486,0.007509989457380484,-0.703742975911307,0.0755152101191883,0.0,Scientific & Technical Instruments,Technology,ST
2011Q2,2011,Q2,2011-07-22,2011-06-30,-34627000.0,455038000.0,76831000.0,-0.2,170289000.0,0.37423028406418807,3366330000.0,984325000.0,765079000.0,289509000.0,2382005000.0,175192000.0,-541790000.0,6586641600.0,8096800600.0,5.626514770440827,2.642677775129616,0.5338938844379487,1.8258837274274249,0.04262658610117228,5.626514770440827,-0.035178421761105326,14.47492648965581,-47.55423224651283,6.691531353973534,0.0,1.625353897438239,0.0,0.13517331931212923,1.9276084681305243,-0.010286276152367713,314.9694720734507,0.37423028406418807,-3.0000000000000004,-2.2604832500939382,0.4672702111763558,0.0,0.01979231543141858,-2.6353805774278216,-0.02590207165859472,-2.2604832500939382,0.4672702111763558,0.0,Scientific & Technical Instruments,Technology,ST
2011Q1,2011,Q1,2011-04-22,2011-03-31,-9525000.0,444229000.0,78874000.0,-0.05,166984000.0,0.375896215690556,3501815000.0,1008435000.0,887878000.0,315878000.0,2493380000.0,155823000.0,-507163000.0,6041043203.129999,7553439203.129999,5.797499930451387,2.810825698529179,0.5516347950991128,1.9155652074749487,-0.017001925020581087,5.797499930451387,-0.009445328652813518,13.598939292864713,-158.55756438661416,5.990513224084844,0.0,1.7792302805105793,0.0,0.12685678712324894,2.1806393607658654,-0.002720018047783792,100.9043612408759,0.375896215690556,-1.1267621928290337,0.22654812221183657,0.5392382184581254,0.0,0.10009157328168337,-1.1388281591604723,0.12839954791914046,0.22654812221183657,0.5392382184581254,0.0,Scientific & Technical Instruments,Technology,ST
2010Q4,2010,Q4,2011-01-31,2010-12-31,68610000.0,387842000.0,69899000.0,0.39443937410767144,151791000.0,0.3913732911855859,3387997000.0,1007781000.0,864987000.0,255100000.0,2380216000.0,140949000.0,-497638000.0,5237426168.91,6633457168.91,5.793740079836806,3.3907761662093296,0.5577611196231874,1.875102824919303,0.023339005967597744,5.793740079836806,0.0680802674390567,13.504020113628746,19.08404813041102,5.196988402152848,0.0,1.6747263194488786,0.0,0.11447530797695511,2.712297138377107,0.020250903409890858,65.02484535241169,0.3913732911855859,2.408712050384541,2.0882989372032803,0.2003950288118507,1.0591424396992941,0.04938194790111167,2.417884229886958,0.10824137493658041,2.0882989372032803,0.2003950288118507,1.0591424396992941,Scientific & Technical Instruments,Technology,ST
2010Q3,2010,Q3,2010-10-22,2010-09-30,-48389000.0,383294000.0,63072000.0,-0.28,144648000.0,0.37738133130182056,3339466000.0,919852000.0,781667000.0,257342000.0,2419614000.0,142298000.0,-566248000.0,3381443397.28,4892329397.280001,5.375300835915461,3.0374637641737454,0.5730880326375535,2.0805607858655524,0.02805399873706188,5.375300835915461,-0.05260520170636146,8.822061908821949,-17.470103728533346,3.676073321882216,0.0,1.6770861150543226,0.0,0.11477703321429235,2.352056796014642,-0.014490041222159472,35.32013116433563,0.37738133130182056,-1.6086956521739129,-1.5616864896197744,-0.1061968199175767,0.0,-0.043434557189715374,-1.5863982840315565,-0.10760219024576595,-1.5616864896197744,-0.1061968199175767,0.0,Scientific & Technical Instruments,Technology,ST
2010Q2,2010,Q2,2010-07-26,2010-06-30,82519000.0,391806000.0,70677000.0,0.46,151216000.0,0.3859461059810212,3294822000.0,962619000.0,699519000.0,248351000.0,2332203000.0,141627000.0,-517859000.0,2734696865.55,4262087865.55,5.62851334782377,2.8166546540984334,0.5580386436657276,1.9100370967121987,0.021392822276061187,5.62851334782377,0.0857234274411787,6.979721764214943,8.285052126025521,2.8408922590869286,0.0,1.6987580051826277,0.0,0.11891568042218972,2.114277776211894,0.02504505554473049,66.7960446874771,0.3859461059810212,1.7058823529411766,2.072659891497686,0.2923252804436173,0.0,0.04753591864444352,2.021567191504943,1.8616487164952629,2.072659891497686,0.2923252804436173,0.0,Scientific & Technical Instruments,Technology,ST
2010Q1,2010,Q1,2010-03-31,2010-03-31,27310000.0,377137000.0,24698000.0,0.17,144354000.0,0.3827627626035101,3520231000.0,871855000.0,884370000.0,491497000.0,2648376000.0,132849000.0,-600378000.0,2697789560.0,4331827560.0,5.804202089061387,1.7993395687054041,0.5274071502693999,2.1294768052027,0.005811545729400026,5.804202089061387,0.03132401603477643,7.153340987492609,24.69598645184914,3.0943099024493756,0.0,1.7522375027286619,0.0,0.10713416250240396,1.4579824495368232,0.007758013607629726,90.19389388519274,0.3827627626035101,0.7577961929371234,3.5680024571299693,0.5132249544226322,0.0,0.23207838652134205,0.9602354292276772,-0.4300549222319657,3.5680024571299693,0.5132249544226322,0.0,Scientific & Technical Instruments,Technology,ST
2009Q4,2009,Q4,2009-12-31,2009-12-31,13932000.0,338089000.0,43334000.0,0.09671200829940638,117163000.0,0.3465448447006557,3166870000.0,387158000.0,486966000.0,241521000.0,2779712000.0,125375000.0,-627688000.0,2665046508.0,4817404508.0,2.6875414663495247,2.0162470344193673,0.7084869287340497,5.795272214444749,0.01029627792085428,2.6875414663495247,0.035985308323733464,7.882677366019007,47.82239642549526,6.883614720605024,0.0,1.7621216350947158,0.0,0.10675809237512118,1.3634714993727253,0.004399296466226906,47.235010155793056,0.3465448447006557,1.2578326836314075,1.26683841106164,0.26349778752498926,-0.04482586109250223,0.05022409465758337,1.2578328860923476,0.34527505277536324,1.26683841106164,0.26349778752498926,-0.04482586109250223,Scientific & Technical Instruments,Technology,ST
2009Q3,2009,Q3,2009-09-30,2009-09-30,-54035000.0,302468000.0,32212000.0,-0.375096,111560000.0,0.36883240541148155,3245940000.0,366786000.0,518579000.0,322148000.0,2879154000.0,104725000.0,-641620000.0,2665046508.0,4887219508.0,2.5461247973087904,1.609753901933273,0.7093707831937743,6.277706891757046,0.016703903135400943,2.5461247973087904,-0.1473202357778105,8.81100317388947,-12.330186490237809,7.265943923704831,0.0,1.8229458104559562,0.0,0.09318348459922242,1.1888976495275463,-0.01664694972796786,66.25842842225647,0.36883240541148155,-3.34435,-1.7450829139084019,-0.16214005847363414,0.0,0.2901733569256034,-3.388709606118209,1.7263647905205248,-1.7450829139084019,-0.16214005847363414,0.0,Scientific & Technical Instruments,Technology,ST
2009Q2,2009,Q2,2009-06-30,2009-06-30,22621000.0,255371000.0,11815000.0,0.16,86469000.0,0.33860148568161613,,,,,,,,2665046508.0,,,0.0,0.0,0.0,0.0,,0.0,10.435979449506796,29.453234914460015,0.0,0.0,0.0,0.0,0.0,0.0,0.0,151.92375487401665,0.33860148568161613,3.2857142857142856,0.0,0.0,0.0,0.11325831702544031,3.217962545347583,1.4035315413777794,0.0,0.0,0.0,Scientific & Technical Instruments,Technology,ST
2009Q1,2009,Q1,2009-03-31,2009-03-31,-10199000.0,239016000.0,-29279000.0,-0.07,77672000.0,0.32496569267329384,,,,,,,,2665046508.0,,,0.0,0.0,0.0,0.0,,0.0,11.150075760618536,-65.32617187959605,0.0,0.0,0.0,0.0,0.0,0.0,0.0,45.608586038711,0.32496569267329384,0.8068627763732475,0.0,0.0,0.0,-0.13856664374597963,0.8046617635792538,-0.3223883293437514,0.0,0.0,0.0,Scientific & Technical Instruments,Technology,ST
2008Q4,2008,Q4,2008-12-31,2008-12-31,-52212000.0,267585000.0,-22141000.0,-0.36243660691363444,90166000.0,0.3369620868135359,3303381000.0,405332000.0,405963000.0,390300000.0,2898049000.0,139228000.0,-600007000.0,2665078476.0,5098549476.0,2.813666489571694,1.040130668716372,0.6786967655259869,5.531253392280895,-0.007837056229320094,2.813666489571694,-0.1288129237267228,9.959745411738327,-12.760852275339003,6.57505076332488,0.0,1.274305455799121,0.0,0.0810033719997784,0.5725723802203433,-0.015805624600976998,-43.17874462914358,0.3369620868135359,-1.7199373235370985,0.0,0.0,0.0,-0.24632423621849794,-1.7199371233953367,-1.6695192016933778,0.0,0.0,0.0,Scientific & Technical Instruments,Technology,ST
2008Q3,2008,Q3,2008-09-30,2008-09-30,72523000.0,361005000.0,33070000.0,0.503428,119635000.0,0.3313943020179776,,,,,,,,2665078476.0,,,0.0,0.0,0.0,0.0,,0.0,7.382386604063655,9.187011279180398,0.0,,0.0,,0.0,0.0,0.0,0.0,0.3313943020179776,0.0,0.0,0.0,0.0,0.0,0.0,0.0,0.0,0.0,0.0,Scientific & Technical Instruments,Technology,ST
