Quarters,Year,Quarter,FillingDate,Date,NetIncome,Revenue,OperatingIncome,EPSDiluted,GrossProfit,GrossProfitRatio,TotalAssets,CommonStockEquity,CurrentAssets,CurrentLiability,TotalLiability,Inventory,RetainedEarnings,MarketCap,EnterpriseValue,bookValuePerShare,currentRatio,debtToAssets,debtToEquity,roic,shareholdersEquityPerShare,roe,priceToSalesRatio,peRatio,pbRatio,payoutRatio,inventoryTurnover,dividendYield,assetTurnover,quickRatio,returnOnAssets,priceToFreeCashFlowsRatio,grossProfitMargin,epsdilutedGrowth,fiveYNetIncomeGrowthPerShare,fiveYRevenueGrowthPerShare,fiveYShareholdersEquityGrowthPerShare,grossProfitGrowth,netIncomeGrowth,operatingIncomeGrowth,threeYNetIncomeGrowthPerShare,threeYRevenueGrowthPerShare,threeYShareholdersEquityGrowthPerShare,Industry,Sector,Symbol
2023Q1,2023,Q1,2023-05-09,2023-03-31,315000.0,78202000.0,707000.0,0.02,20135000.0,0.2574742334,182622000.0,107304000.0,100201000.0,51248000.0,75318000.0,0.0,114966000.0,106604000.0,103157000.0,7.2976060935799785,1.9552177645956916,0.10871088915902793,0.18501640199806157,0.0032057373435559373,7.2976060935799785,0.0029355848803399687,1.3631876422597888,84.60634920634921,0.9934764780436889,0.0,0.0,0.0,0.42821784889005704,1.857340774274118,0.001724874330584486,-31.936488915518275,0.25747423339556536,-0.75,-0.24001011259876037,-0.055631074738854265,0.3367916072740206,-0.06361902990280426,-0.7432762836185819,-0.5296074517631404,-0.7463165320126011,-0.17136951762812783,0.4711409188947615,Information Technology Services,Technology,CTG
2022Q4,2022,Q4,2023-03-15,2022-12-31,1227000.0,77902000.0,1503000.0,0.08,21503000.0,0.2760262894,181619000.0,105979000.0,99888000.0,51933000.0,75640000.0,0.0,114651000.0,110814480.0,104045480.0,7.230113248737891,1.9234013055282768,0.10115131126148696,0.17334566281999264,0.006582568144140296,7.230113248737891,0.01157776540635409,1.4224856871453877,22.578337408312958,1.0456267751158248,0.0,0.0,0.0,0.4289308937941515,1.8508270271311111,0.006755901089643705,-83.13164291072768,0.27602628944057916,0.14285714285714277,3.952174983416649,0.05211995894987985,0.35886476745777146,0.17960392780733994,0.11343012704174228,-0.33288948069241014,-0.3232681805855737,-0.27712970095956635,0.4745999135998576,Information Technology Services,Technology,CTG
2022Q3,2022,Q3,2022-11-08,2022-09-30,1102000.0,75002000.0,2253000.0,0.07,18229000.0,0.2430468521,176506000.0,96018000.0,98580000.0,54095000.0,80488000.0,0.0,113424000.0,97016000.0,87263000.0,6.631077348066299,1.822349570200573,0.09631400632273124,0.1770501364327522,0.01026107665214858,6.631077348066299,0.011477014726405466,1.2935121730087198,22.00907441016334,1.0103938844799933,0.0,0.0,0.0,0.42492606483632284,1.7592753489231907,0.00624341382162646,10.555543466434555,0.24304685208394441,-0.4615384615384615,27.564098756906077,0.05029481811847859,0.27104891572742795,-0.0770126582278481,-0.4598039215686274,-0.094817195660908,0.1662502592725284,-0.2822259690334003,0.34868351571016853,Information Technology Services,Technology,CTG
2022Q2,2022,Q2,2022-08-08,2022-07-01,2040000.0,82759000.0,2489000.0,0.13,19750000.0,0.2386447395,174021000.0,95307000.0,115247000.0,53445000.0,78714000.0,0.0,112322000.0,120975410.00000001,104364410.00000001,6.6098203758929195,2.156366357938067,0.10842369599071376,0.19797076814924403,0.013688954038883082,6.6098203758929195,0.021404513834240926,1.4617795043439386,14.825417892156864,1.2693234494842982,0.0,0.0,0.0,0.4755690405180984,2.097502104967724,0.011722723119623494,-67.47094813162299,0.23864473954494375,-0.13333333333333328,3.9361521520344223,0.15078873609232485,0.2689179097530343,-0.041029376062151006,-0.08928571428571429,-0.22194435761175368,1.015827325748539,-0.23196365693909624,0.3447638068850754,Information Technology Services,Technology,CTG
2022Q1,2022,Q1,2022-05-10,2022-04-01,2240000.0,89417000.0,3199000.0,0.15,20595000.0,0.2303253296,178940000.0,95408000.0,116463000.0,56123000.0,83532000.0,0.0,110282000.0,139292190.0,121146190.0,6.7193464328473835,2.0751385350034743,0.11499944115345927,0.21568421935267482,0.017835420832759956,6.7193464328473835,0.02347811504276371,1.5577819653980787,15.546003348214287,1.4599634202582594,0.0,0.0,0.0,0.49970381133340785,2.020526343923169,0.012518162512574047,32.04329192546584,0.23032532963530425,-0.7413793103448275,2.2131292605234947,0.25087999111885195,0.3152697367241286,-0.17666106980091148,-0.7430308592405644,-0.4072632944228275,2.3396183186371657,-0.13353710025883572,0.39869207793420486,Information Technology Services,Technology,CTG
2021Q4,2021,Q4,2022-03-15,2021-12-31,8717000.0,112389000.0,5397000.0,0.58,25014000.0,0.2225662654,188334000.0,94437000.0,122765000.0,64983000.0,93897000.0,0.0,108042000.0,141105410.0,127577410.0,6.672578251960715,1.8891864025976024,0.11711108987224823,0.23355252708154642,0.06678985900053856,6.672578251960715,0.09230492285862532,1.2555090800701136,4.046845531719629,1.4941750585046116,0.0,0.0,0.0,0.5967536398101245,1.8453441669359678,0.04628479191224102,30.11855069370331,0.22256626538184343,4.2727272727272725,7.413689562739512,0.6000465052803248,0.32183403527213744,0.23282405125677674,4.213516746411483,0.9974093264248705,2.5634954949392,0.13833902939040074,0.38691722712330356,Information Technology Services,Technology,CTG
2021Q3,2021,Q3,2021-11-09,2021-10-01,1672000.0,90603000.0,2702000.0,0.11,20290000.0,0.22394401951370263,179987000.0,84458000.0,116988000.0,60349000.0,95529000.0,0.0,99325000.0,111527560.0,103544560.0,6.027978017272143,1.938524250608958,0.1280370248962425,0.2728575149778588,0.0160212959842215,6.027978017272143,0.0197968220890857,1.230947761111663,16.675771531100477,1.3205091287977457,0.0,0.0,0.0,0.5033863556812437,1.8834280601169862,0.009289559801541222,55.04815399802567,0.22394401951370263,-0.0833333333333333,1.1153970472781087,0.29629447940463355,0.16663568221192426,-0.004367240787084744,-0.0878341516639389,-0.035344519814352014,0.47643920533026585,-0.03560391195275443,0.1840623982620543,Information Technology Services,Technology,CTG
2021Q2,2021,Q2,2021-08-09,2021-07-02,1833000.0,92164000.0,2801000.0,0.12,20379000.0,0.2211167050041231,179155000.0,82797000.0,114934000.0,60409000.0,96358000.0,0.0,97653000.0,133742700.0,127606700.0,5.980281690140845,1.902597295105034,0.1287879210739304,0.2786695170114859,0.015645520529494254,5.980281690140845,0.022138483278379653,1.451138188446682,18.240957446808512,1.61530852567122,0.0,0.0,0.0,0.5144372191677598,1.8543594497508649,0.010231363902765762,-51.36048387096774,0.2211167050041231,0.1999999999999999,0.6387877703073083,0.24260655757092872,-0.0426241462499238,-0.01868348822651322,0.21551724137931033,0.33508102955195423,0.9374647887323942,-0.011821458369229,0.21038099828704743,Information Technology Services,Technology,CTG
2021Q1,2021,Q1,2021-05-10,2021-04-02,1508000.0,97129000.0,2098000.0,0.1,20767000.0,0.21380844032163412,175503000.0,80074000.0,111906000.0,58629000.0,95429000.0,0.0,95820000.0,133399040.0,123636040.0,5.84652453271028,1.9087141175868598,0.13538799906554305,0.2967380173339661,0.01272860510132951,5.84652453271028,0.018832579863626145,1.3734213262774249,22.11522546419098,1.6659469990259013,0.0,0.0,0.0,0.5534321350632183,1.8612973102048473,0.008592445713178692,97.79988269794721,0.21380844032163412,-0.23076923076923075,1.0819519679849299,0.2823852221327135,-0.06058638052275132,-0.03976510842927822,-0.2083989501312336,-0.3690225563909774,2.906072932186555,0.2592573430283253,0.07097928098975871,Information Technology Services,Technology,CTG
2020Q4,2020,Q4,2021-03-12,2020-12-31,1905000.0,101348000.0,3325000.0,0.13,21627000.0,0.21339345621028535,176253000.0,79508000.0,113138000.0,61145000.0,96745000.0,0.0,94312000.0,83660400.0,72786400.0,5.816239941477688,1.8503230026985036,0.12476950746937641,0.2765885193942748,0.014634126900605534,5.816239941477688,0.023959853096543745,0.8254765757587718,10.979055118110235,1.052226191075112,0.0,0.0,0.0,0.575014325997288,1.8142284733011693,0.01080832666678014,19.661668625146888,0.21339345621028535,-0.35000000000000003,-0.16966454733785502,0.37347582320544626,-0.22927421827679553,0.10641019082212104,-0.3270929000353232,0.8229166666666666,5.914719269239297,0.4677025112166654,0.09313412717765318,Information Technology Services,Technology,CTG
2020Q3,2020,Q3,2020-11-02,2020-09-25,2831000.0,88648000.0,1824000.0,0.2,19547000.0,0.2205013085461601,171668000.0,75704000.0,111583000.0,55639000.0,95964000.0,0.0,92407000.0,66772949.99999999,59917949.99999999,5.544049798608568,2.005481766386887,0.15469976932218002,0.35080048610377257,0.01948279415712371,5.544049798608568,0.037395646200993345,0.7532369596606804,5.896586895090073,0.882026709288809,0.0,0.0,0.0,0.5163921056923829,1.9572422221822823,0.016491134049444276,13.003495618305744,0.2205013085461601,0.6666666666666669,0.5493689511184867,0.07975271944490685,-0.2453230599213284,0.043174298217525886,0.6094371802160319,-0.047021943573667714,76.81362687660197,0.3163887970232558,0.06268681774843184,Information Technology Services,Technology,CTG
2020Q2,2020,Q2,2020-08-03,2020-06-26,1759000.0,89146000.0,1914000.0,0.12,18738000.0,0.21019451237296122,173298000.0,70196000.0,115810000.0,58838000.0,103102000.0,0.0,89576000.0,59998050.0,57897050.0,5.1595736861448,1.9682858016927836,0.18591097416011726,0.45897202119778907,0.008793688205926565,5.1595736861448,0.02505840788648926,0.6730313194086106,8.527295338260375,0.8547217790187476,0.0,0.0,0.0,0.5144087063901488,1.928209660423536,0.010150145991298227,-1818.1227272727272,0.21019451237296122,0.4999999999999999,2.6031031541016056,0.0677529153552932,-0.2905103660587342,0.09926082365364308,0.5375874125874126,-0.07402031930333818,3.510875135699975,0.31376844000948917,-0.009492681386947059,Information Technology Services,Technology,CTG
2020Q1,2020,Q1,2020-05-06,2020-03-27,1144000.0,86949000.0,2067000.0,0.08,17046000.0,0.19604595797536487,164604000.0,67200000.0,107413000.0,56058000.0,97404000.0,0.0,87817000.0,56897400.0,57729400.0,4.960507861519155,1.9161047486531806,0.19630750164030036,0.4808482142857143,0.010519197399128523,4.960507861519155,0.017023809523809524,0.6543767035848601,12.433872377622379,0.8466875,0.0,0.0,0.0,0.5282313917037254,1.83101430661101,0.006950013365410318,3.076200259515571,0.19604595797536487,-0.3333333333333333,0.02689103252967875,0.014465748876182637,-0.3135689684438909,-0.1578479324144064,-0.31538001196888094,-0.14161129568106312,0.719969840168818,0.27489603573554244,-0.02901183407602726,Information Technology Services,Technology,CTG
2019Q4,2019,Q4,2020-03-13,2019-12-31,1671000.0,99320000.0,2408000.0,0.12,20241000.0,0.2037958115183246,158706000.0,66236000.0,101848000.0,56854000.0,92470000.0,0.0,86673000.0,69976620.0,85738620.0,4.903101635946406,1.7913955042741057,0.16724635489521505,0.4007337399601425,0.013930637820145484,4.903101635946406,0.02522797270366568,0.704557188884414,10.469272890484739,1.0564741228335044,0.0,0.0,0.0,0.6258112484720174,1.7550919900094981,0.010528902498960341,22.536753623188407,0.2037958115183246,1.0,0.5397794667500578,0.14091054858377286,-0.32621346316397143,0.07998079180450325,0.9010238907849829,0.5800524934383202,0.6897450887704103,0.4813947951528627,-0.028698296810830082,Information Technology Services,Technology,CTG
2019Q3,2019,Q3,2019-11-01,2019-09-27,879000.0,97204000.0,1524000.0,0.06,18742000.0,0.19281099543228675,152363000.0,66228000.0,102026000.0,56493000.0,86135000.0,0.0,85002000.0,66676500.0,78889500.0,4.916703786191537,1.8059936629316906,0.15033833673529662,0.3458657969438908,0.009796399123692078,4.916703786191537,0.013272331944192788,0.6859439940743179,18.963737201365188,1.0067720601558254,0.0,0.0,0.0,0.6379764115959912,1.7269573221461065,0.005769117174117076,7.591540475919389,0.19281099543228675,-0.14285714285714296,-0.6391283638377939,0.1242891050895334,-0.35931168085577964,0.022142233856893543,-0.06786850477200425,-0.17754991905018888,1.0631028298688978,0.44659436002900693,-0.0484367959866511,Information Technology Services,Technology,CTG
2019Q2,2019,Q2,2019-08-09,2019-06-28,943000.0,100408000.0,1853000.0,0.07,18336000.0,0.18261493108118876,156701000.0,66041000.0,107188000.0,53250000.0,90660000.0,0.0,84123000.0,53878360.0,74036360.0,4.915227746353081,2.0129201877934273,0.20068793434630283,0.47618903408488666,0.010495275882849717,4.915227746353081,0.014279008494722975,0.5365942952752769,14.283764581124071,0.815831983161975,0.0,0.0,0.0,0.6407617054134945,1.9323380281690141,0.006017830135098053,-9.331201939729823,0.18261493108118876,0.4000000000000001,-0.67438957730394,0.11718600239399908,-0.3499898520746095,0.03499661323097765,0.4920886075949367,0.6441881100266194,-0.1312498211744153,0.3949659514035248,-0.2131273067289214,Information Technology Services,Technology,CTG
2019Q1,2019,Q1,2019-04-30,2019-03-29,632000.0,97238000.0,1127000.0,0.05,17716000.0,0.18219214710298443,150398000.0,64273000.0,102797000.0,53193000.0,86125000.0,0.0,83180000.0,57529700.0,70241700.0,4.804021227296509,1.9325287161844604,0.17181744438090932,0.40205062779082973,0.007328027085213809,4.804021227296509,0.009833055871050052,0.5916380427404924,22.75700158227848,0.895083472064475,0.0,0.0,0.0,0.64653785289698,1.880097005245051,0.004202183539674729,-2212.6807692307693,0.18219214710298443,1.1282051282051282,-0.773910112759566,0.12481086042598438,-0.3584392359189184,0.00556249290498354,1.120174938201179,2.1642561983471076,1.0351597045879957,0.3142430785508962,-0.22809475203073015,Information Technology Services,Technology,CTG
2018Q4,2018,Q4,2019-03-15,2018-12-31,-5259000.0,93129000.0,-968000.0,-0.39,17618000.0,0.1891784513953763,124121000.0,64228000.0,96018000.0,44163000.0,59893000.0,0.0,82548000.0,54468000.0,45677000.0,4.811086142322098,2.174172950207187,0.029326221993055165,0.056673102073861864,-0.07829751305278464,4.811086142322098,-0.08188017686990098,0.5848661534001224,-2.5892755276668566,0.8480413526810736,0.0,0.0,0.0,0.7503081670305589,2.130584425876865,-0.04236994545644975,-142.96062992125985,0.1891784513953763,-5.875,-2.6190161259009392,0.03367853039591884,-0.3566595426593938,0.014744845063932727,-5.833639705882353,-2.180487804878049,-3.347194187174359,0.29234368448906584,-0.3624698834146096,Information Technology Services,Technology,CTG
2018Q3,2018,Q3,2018-10-29,2018-09-28,1088000.0,90260000.0,820000.0,0.08,17362000.0,0.19235541768225128,130610000.0,68529000.0,97188000.0,44964000.0,62081000.0,0.0,87471000.0,70266420.0,62894420.0,5.090929351459772,2.161462503336002,0.023849628665492686,0.04545520874374352,0.008926654271648606,5.090929351459772,0.015876490245005762,0.7784890316862397,16.145776654411765,1.0253530622072407,0.0,0.0,0.0,0.6910650026797336,2.074259407526021,0.00833014317433581,11.833347928595487,0.19235541768225128,0.14285714285714277,-0.6787042607032487,0.022619525512750437,-0.2906604562107226,-0.01731944758886122,0.1574468085106383,-0.5015197568389058,-0.39597035354132665,0.11523161909765842,-0.30700352185137036,Information Technology Services,Technology,CTG
2018Q2,2018,Q2,2018-07-27,2018-06-29,940000.0,92667000.0,1645000.0,0.07,17668000.0,0.19066118467199758,128993000.0,67966000.0,96257000.0,39999000.0,61027000.0,0.0,86383000.0,106471440.0,103063440.0,4.940825821459726,2.4064851621290533,0.04891738311381238,0.09284053791601683,0.015977205921768538,4.940825821459726,0.013830444634081746,1.1489682411214348,28.316872340425533,1.5665397404584647,0.0,0.0,0.0,0.718387819494081,2.340758518962974,0.007287217135813572,-13.169009276437848,0.19066118467199758,1.3333333333333337,-0.7394889045614083,-0.027799293271412343,-0.3047620981417969,0.11547446177157648,1.2705314009661837,1.8216123499142367,0.9043426275163945,0.09774226895735834,-0.32059024317292467,Information Technology Services,Technology,CTG
2018Q1,2018,Q1,2018-05-04,2018-03-30,414000.0,82713000.0,583000.0,0.03,15839000.0,0.19149347744610884,145144000.0,80177000.0,93471000.0,44171000.0,64967000.0,0.0,85516000.0,120286530.0,118143530.0,5.459045414311976,2.116116909284372,0.06214517995921292,0.11250109133542038,0.005115204206029546,5.459045414311976,0.005163575589009317,1.454263900475137,72.63679347826087,1.500262294673036,0.0,0.0,0.0,0.5698685443421705,2.0448710692535825,0.002852339745356336,-6014.3265,0.19149347744610884,2.0,-0.8927917604449122,-0.19906572343603696,-0.2069643863181272,0.044237869198312234,1.9880668257756564,-0.614162806088683,-0.6572253358948249,-0.10986350741204408,-0.24458174854898443,Information Technology Services,Technology,CTG
2017Q4,2017,Q4,2018-03-14,2017-12-31,-419000.0,74644000.0,1511000.0,-0.03,15168000.0,0.20320454423664328,127635000.0,78624000.0,83528000.0,32736000.0,49011000.0,0.0,85029000.0,75362700.0,68627700.0,5.320701089531028,2.551564027370479,0.03474752223136287,0.05640771265771266,-0.004162971569583474,5.320701089531028,-0.005329161579161579,1.0096283693264028,-44.96581145584725,0.9585202991452991,0.0,0.0,0.0,0.5848239119363811,2.4791666666666665,-0.003282798605398206,-23.346561338289963,0.20320454423664328,0.0,-1.0891818788900443,-0.28323759781136004,-0.2072346398159372,0.16417223117660604,-11.475,2.6853658536585368,-1.352966123581462,-0.21612517430398354,-0.26882674950652774,Information Technology Services,Technology,CTG
2017Q3,2017,Q3,2017-10-26,2017-09-29,40000.0,74039000.0,410000.0,0.0,13029000.0,0.1759748240792015,126197000.0,78323000.0,81039000.0,33816000.0,47874000.0,0.0,85448000.0,80469680.0,69023680.0,5.217011923000067,2.3964691270404543,0.0,0.0,0.000700298741464949,5.217011923000067,0.0005107056675561457,1.0868553059873851,502.9355,1.0274080410607356,0.0,0.0,0.0,0.5866938199798727,2.3275372604684175,0.00031696474559617105,20.38239108409321,0.1759748240792015,-1.0,-0.9894662496279778,-0.3013892116730492,-0.2084138904791399,-0.04598374459983891,-0.9078341013824884,-0.4281729428172943,-0.9852658876857958,-0.2316580935078808,-0.3201789765554815,Information Technology Services,Technology,CTG
2017Q2,2017,Q2,2017-07-28,2017-06-30,434000.0,75521000.0,717000.0,0.03,13657000.0,0.18083711815256684,126942000.0,78875000.0,82338000.0,31273000.0,48067000.0,0.0,85408000.0,84643780.0,76120780.0,5.209021265354643,2.63287820164359,0.023632840194734602,0.03803486529318542,0.0058471497357604225,5.209021265354643,0.005502377179080824,1.1207979237563062,48.75793778801843,1.0731382567353407,0.0,0.0,0.0,0.5949252414488506,2.5603555782943754,0.0034188842148382727,-49.702748091603056,0.18083711815256684,-0.4000000000000001,-0.8948689250533546,-0.2931330569801481,-0.16408250728511267,-0.04019959238175557,-0.422103861517976,-0.45099540581929554,-0.8670271159796549,-0.25439011967468644,-0.3111373759330069,Information Technology Services,Technology,CTG
2017Q1,2017,Q1,2017-05-04,2017-03-31,751000.0,77006000.0,1306000.0,0.05,14229000.0,0.184777809521336,124326000.0,78143000.0,80213000.0,32768000.0,46183000.0,0.0,84974000.0,84433920.0,74328920.0,5.108721234309623,2.447906494140625,0.0,0.0,0.00982883708041592,5.108721234309623,0.00961058572104987,1.0964589772225541,28.1071637816245,1.080505227595562,0.0,0.0,0.0,0.6193877386870003,2.375823974609375,0.006040570757524573,10.959750778816199,0.184777809521336,-0.28571428571428575,-0.7783438753050906,-0.2612087734534702,-0.1639963708979602,-0.04201171480508988,-0.3429571303587052,-0.237594862813777,-0.7650097870747508,-0.22086300308208345,-0.31774758197615394,Information Technology Services,Technology,CTG
2016Q4,2016,Q4,2017-02-24,2016-12-31,1143000.0,77492000.0,1713000.0,0.07,14853000.0,0.19167139833789296,126915000.0,78819000.0,83641000.0,29911000.0,48096000.0,0.0,84223000.0,65734940.0,61052940.0,5.047969770718586,2.7963291096920866,0.03722964188630185,0.05994747459368934,0.01459293968359817,5.047969770718586,0.014501579568378184,0.848280338615599,14.377720909886262,0.8339986551466017,0.04024496937882765,0.0,0.0006997800560858503,0.6105818855139267,2.7000768947878706,0.0090060276563054,-31.972247081712062,0.19167139833789296,1.0679611650485437,-0.6665221741463241,-0.2631752041586306,-0.14831674934208014,0.07071799307958478,1.0706296731137614,1.1039441747572816,-0.6991421658471754,-0.26459849066297303,-0.32498336449070614,Information Technology Services,Technology,CTG
2016Q3,2016,Q3,2016-10-28,2016-09-30,-16183000.0,78065000.0,-16480000.0,-1.03,13872000.0,0.17769807211938768,129582000.0,80858000.0,86731000.0,36115000.0,48724000.0,0.0,83099000.0,73550300.0,64265300.0,5.166975525592689,2.4015229129170703,0.0038585606025528236,0.006183680031660442,-0.19984472654300994,5.166975525592689,-0.20014098790472185,0.942167424582079,-1.1362278316752146,0.9096230428652701,-0.05932151022678119,0.0,0.01305229210485885,0.6024370668765724,2.3070192440814066,-0.12488617246222469,19.782221624529317,0.17769807211938768,-13.875000000000002,-6.211070107248066,-0.25645391226372044,-0.10771723548049897,-0.1282051282051282,-13.85385226370135,-9.738069989395546,-5.11079518230694,-0.23920815398505985,-0.28006463868068837,Information Technology Services,Technology,CTG
2016Q2,2016,Q2,2016-07-26,2016-07-01,1259000.0,83486000.0,1886000.0,0.08,15912000.0,0.19059483027094362,146268000.0,97346000.0,88245000.0,32125000.0,48922000.0,0.0,100252000.0,78699200.0,72433200.0,6.246534907597536,2.7469260700389104,0.0314491207919709,0.04725412446325478,0.013019277613373216,6.246534907597536,0.012933248412877777,0.9426634405768631,15.627323272438442,0.8084482156431696,0.7617156473391581,0.0,0.012185638481712648,0.5707741953127137,2.6407782101167316,0.008607487625454645,-69.64530973451328,0.19059483027094362,1.0597014925373134,-0.5703677686999804,-0.18002912807240493,0.08494345481065112,0.09398418700584393,1.0603634271467612,1.0921528388546857,-0.6920094940715065,-0.22686077045539585,-0.12103199344131443,Information Technology Services,Technology,CTG
2016Q1,2016,Q1,2016-05-11,2016-04-01,-20857000.0,85850000.0,-20466000.0,-1.34,14545000.0,0.16942341292952826,145986000.0,96615000.0,88275000.0,35404000.0,49371000.0,0.0,99967000.0,79172400.0,71260400.0,6.2235892811131155,2.4933623319398937,0.010411957310975025,0.015732546705998034,-0.21189184626090302,6.2235892811131155,-0.215877451741448,0.9222178217821783,-0.9489907465119622,0.8194628163328674,-0.044349618833005706,0.0,0.011683364404767319,0.5880700889126355,2.3939667834143035,-0.14286986423355663,-119.2355421686747,0.16942341292952826,-9.375,-8.01553954236849,-0.14852955593435674,0.10519677370481231,-0.13350411056833075,-8.966768525592055,-6.470729751403368,-6.109861458244749,-0.21351061160164223,-0.09589908669526834,Information Technology Services,Technology,CTG
2015Q4,2015,Q4,2016-02-23,2015-12-31,2618000.0,84202000.0,3741000.0,0.16,16786000.0,0.19935393458587683,163077000.0,117717000.0,84778000.0,31804000.0,45360000.0,0.0,121798000.0,103265380.0,93689380.0,7.546445284954164,2.66563954219595,0.007511788909533533,0.010406313446655963,0.021064756495400936,7.546445284954164,0.02223977845171046,1.2264005605567563,9.861094346829642,0.8772342142596227,0.3479755538579068,0.0,0.008821930447551734,0.5163327753147287,2.584706326248271,0.016053766012374522,-90.58366666666667,0.19935393458587683,0.23076923076923075,-0.07060429791042686,-0.09139435055998833,0.4233843217783797,-0.03904282115869018,0.2641236117817479,0.04878048780487805,-0.47213635496037604,-0.2340644372008012,0.12439325452941756,Information Technology Services,Technology,CTG
2015Q3,2015,Q3,2015-10-28,2015-10-02,2071000.0,93055000.0,3567000.0,0.13,17468000.0,0.18771694159368116,178736000.0,113698000.0,100022000.0,40701000.0,65038000.0,0.0,120115000.0,96112170.0,85167170.0,7.346255734315436,2.457482617134714,0.055948437919613285,0.08795229467536808,0.016855800329526164,7.346255734315436,0.01821492022726873,1.032853366288754,11.602145098985996,0.8453285897729071,0.4413326895219701,0.0,0.009509721817746909,0.5206281890609614,2.3706788530994323,0.011586921493151912,-44.78665890027959,0.18771694159368116,3.3333333333333335,-0.03183083168209333,0.043994254705082635,0.41432154427092055,0.11967181590923659,2.7382671480144403,2.196236559139785,-0.470965698345714,-0.14828330721318747,0.1146599015108271,Information Technology Services,Technology,CTG
2015Q2,2015,Q2,2015-07-29,2015-07-03,554000.0,94744000.0,1116000.0,0.03,15601000.0,0.16466478088322214,160802000.0,112276000.0,99566000.0,34104000.0,48526000.0,0.0,118967000.0,120578590.0,89137590.0,7.272232657555541,2.9194815857377434,0.0,0.0,0.005127229367534235,7.272232657555541,0.004934269122519506,1.2726778476737313,54.41272111913357,1.0739480387616231,0.02707581227436823,0.0,0.00012440019409747617,0.589196651782938,2.828847056063805,0.003445230780711683,74.20220923076923,0.16466478088322214,-0.625,-0.7225789615860165,0.11386002127742294,0.46366899776536036,-0.0984686506789945,-0.5627466456195738,-0.4957071848169905,-0.8683820219173052,-0.1302674357798805,0.1670112637041188,Information Technology Services,Technology,CTG
2015Q1,2015,Q1,2015-04-29,2015-04-03,1267000.0,97477000.0,2213000.0,0.08,17305000.0,0.17752905813679123,163243000.0,111339000.0,107485000.0,37467000.0,51904000.0,0.0,119322000.0,114936220.0,80516220.0,7.226520412799377,2.868791202925241,0.0,0.0,0.011431315606371313,7.226520412799377,0.011379660316690467,1.179111174943833,22.678812154696132,1.032308714825892,1.431728492501973,0.0,0.015782666247419655,0.597128207641369,2.7641391090826595,0.0077614354061123604,-23.337303553299492,0.17752905813679123,0.0,-0.32213393789751477,0.186703134679998,0.4693372582000445,-0.04765835672224974,0.03428571428571429,0.3526894865525672,-0.6287416704528245,-0.07154873685604514,0.18256546282206082,Information Technology Services,Technology,CTG
2014Q4,2014,Q4,2015-02-25,2014-12-31,1225000.0,98266000.0,1636000.0,0.08,18171000.0,0.18491645126493395,170796000.0,110966000.0,113285000.0,44060000.0,59830000.0,0.0,118999000.0,145322970.0,104460970.0,7.276936192537216,2.5711529732183385,0.0,0.0,0.011238635342885377,7.276936192537216,0.011039417479227872,1.478873364134085,29.657748979591837,1.3096170899194346,0.7289795918367347,0.0,0.006144933591709556,0.5753413428885923,2.5054244212437586,0.007172299117075342,9.694014408645186,0.18491645126493395,-0.5294117647058824,-0.27020056027006906,0.4104940540644505,0.5025080333959548,-0.045490360876188476,-0.5506236243580338,-0.6420914460730693,-0.6340433610019356,-0.04328308748314779,0.2277499574661911,Information Technology Services,Technology,CTG
2014Q3,2014,Q3,2014-10-22,2014-09-26,2726000.0,96760000.0,4571000.0,0.17,19037000.0,0.19674452252997107,163417000.0,115687000.0,104432000.0,37361000.0,47730000.0,0.0,118686000.0,169141500.0,140885500.0,7.674096185737977,2.7952142608602553,0.0,0.0,0.023734933658605267,7.674096185737977,0.0235635810419494,1.7480518809425383,15.511876375641968,1.4620614243605592,0.32428466617754953,0.0,0.005226393286094778,0.5921048605714215,2.6978667594550467,0.016681251032634303,-54.596998063266625,0.19674452252997107,-0.15,0.6529093841708847,0.4111614825285988,0.5757809546051795,-0.10194357958297953,-0.15682029075162388,-0.1643510054844607,-0.08878050403282818,-0.043298052011917,0.3252363449144433,Information Technology Services,Technology,CTG
2014Q2,2014,Q2,2014-07-23,2014-06-27,3233000.0,100331000.0,5470000.0,0.2,21198000.0,0.21128066101205012,167595000.0,113419000.0,109498000.0,43463000.0,54176000.0,0.0,116872000.0,247333509.99999997,215683509.99999997,7.5617707847189815,2.5193382877389965,0.0,0.0,0.028794447918408614,7.5617707847189815,0.028504924219046192,2.465175369526866,19.125696721311474,2.180706142709775,0.2774512836374884,0.0,0.0036266820456314235,0.5986515110832662,2.438303844649472,0.019290551627435187,137.56035038932146,0.21128066101205012,0.05263157894736847,1.2982484136935295,0.4943654639557326,0.6127816379917999,0.01270781578444487,0.021162349968414405,-0.0009132420091324201,0.146287255428336,0.023850500302150496,0.31338315418373536,Information Technology Services,Technology,CTG
2014Q1,2014,Q1,2014-04-23,2014-03-28,3166000.0,97911000.0,5475000.0,0.19,20932000.0,0.21378598931682855,166732000.0,113466000.0,108779000.0,42390000.0,53266000.0,0.0,114534000.0,250176030.00000003,217867030.00000003,7.488022173826965,2.566147676338759,0.0,0.0,0.02840589589972044,7.488022173826965,0.0279026316253327,2.5551371143181054,19.75489813644978,2.2048545819893186,0.23626026531901453,0.0,0.0029898947553048945,0.5872358035650025,2.4834630809153104,0.018988556485857545,-24.828903334656612,0.21378598931682855,-0.13636363636363635,1.3979443470761066,0.2950545431289404,0.6464371528302458,-0.06050269299820467,-0.14524838012958963,-0.10128036769533814,0.09100102107956644,-0.005131282889524053,0.3297371619715089,Information Technology Services,Technology,CTG
2013Q4,2013,Q4,2014-02-26,2013-12-31,3704000.0,102735000.0,6092000.0,0.22,22280000.0,0.2168686426242274,174431000.0,113842000.0,116419000.0,48929000.0,60589000.0,0.0,112277000.0,286649090.0,240422090.0,7.478289430467057,2.379345582374461,0.0,0.0,0.03298024547025958,7.478289430467057,0.032536322271218006,2.7901794909232494,19.3472657937365,2.5179554997276923,0.2019438444924406,0.0,0.0026094623220328382,0.5889721437129868,2.3227329395654928,0.02123475758322775,16.78863125219632,0.2168686426242274,-0.04347826086956525,0.6201338764854246,0.2414027736952725,0.6948165181742769,0.0517868101779729,-0.04115972042454051,0.006276841757515692,0.3474060910391164,0.1359728757209769,0.41052900102123124,Information Technology Services,Technology,CTG
2013Q3,2013,Q3,2013-10-23,2013-09-27,3863000.0,100689000.0,6054000.0,0.23,21183000.0,0.21038047850311356,167812000.0,110210000.0,110078000.0,44493000.0,57602000.0,0.0,109333000.0,252299080.0,220767080.0,7.176999218546497,2.4740520980828444,0.0,0.0,0.035586175237878846,7.176999218546497,0.03505126576535705,2.5057263454796455,16.327923893347137,2.2892575991289354,0.19777375097074812,0.0,0.0030281521438762283,0.6000107262889424,2.3997932259007033,0.023019807880246945,124.77699307616221,0.21038047850311356,-0.04166666666666659,0.8541431367966715,0.12835011771747903,0.6133311937810144,-0.06464432375149026,-0.04734895191122072,-0.053914674167838725,0.820138921640428,0.1385421204622653,0.38173581006593665,Information Technology Services,Technology,CTG
2013Q2,2013,Q2,2013-07-24,2013-06-28,4055000.0,107117000.0,6399000.0,0.24,22647000.0,0.21142302342298608,169502000.0,109862000.0,113307000.0,46464000.0,59640000.0,0.0,106230000.0,355093214.541,321119214.541,7.106669254156155,2.4385976239669422,0.0,0.0,0.03753165677132824,7.106669254156155,0.03690994156305183,3.3150033565260415,21.892306691800247,3.232175042699023,0.0,0.0,0.0,0.6319512454130335,2.3617639462809916,0.023923021557267762,96.20515159604443,0.21142302342298608,0.0,0.9688360557193775,0.13337909237982554,0.6119093709179197,0.0021239877870702245,-0.0004929751047572097,0.035101908767389195,1.0279547338748387,0.25769423802663766,0.43034635365709856,Information Technology Services,Technology,CTG
2013Q1,2013,Q1,2013-04-26,2013-03-29,4057000.0,108495000.0,6182000.0,0.24,22599000.0,0.20829531314807134,164123000.0,106216000.0,108903000.0,44693000.0,57907000.0,0.0,102939000.0,330047684.57,299302684.57,6.883732987686325,2.436690309444432,0.0,0.0,0.03888130070608753,6.883732987686325,0.03819575205242148,3.0420543303378036,20.338161484471286,3.1073254930518943,0.0,0.0,0.0,0.6610590837359785,2.3641509856129597,0.02471926542897705,-42.59779098735157,0.20829531314807134,-0.17241379310344826,1.909264659993759,0.26014674606154475,0.6139511909885005,-0.036166673774896574,-0.16676935715752722,-0.03360950445521338,1.1673269956651393,0.3188694715112835,0.3996397680401911,Information Technology Services,Technology,CTG
2012Q4,2012,Q4,2013-02-22,2012-12-31,4869000.0,107925000.0,6397000.0,0.29,23447000.0,0.2172527217975446,166205000.0,102781000.0,113668000.0,50201000.0,63424000.0,0.0,99644000.0,279174220.0,238560220.0,6.711571111401332,2.2642576841098783,0.0,0.0,0.04259802122539235,6.711571111401332,0.04737256886000331,2.586742830669446,14.334268843705074,2.7162045514248745,0.0,0.0,0.0,0.6493486958876087,2.212565486743292,0.029295147558737702,26.287591337099812,0.2172527217975446,0.2608695652173912,3.287593702464253,0.36195507873809774,0.6841856427936572,0.013486060082126649,0.2769472856018883,0.011703305393009648,1.8884172708560512,0.5425624689561351,0.38577407370019967,Information Technology Services,Technology,CTG
2012Q3,2012,Q3,2012-10-26,2012-09-28,3813000.0,106418000.0,6323000.0,0.23,23135000.0,0.2173974327651337,155588000.0,99353000.0,103304000.0,45808000.0,56235000.0,0.0,94775000.0,243913500.0,214501500.0,6.590580431177446,2.2551519385260215,0.0,0.0,0.03879552985996858,6.590580431177446,0.038378307650498725,2.2920323629461183,15.992230527143983,2.4550189727537166,0.0,0.0,0.0,0.6839730570481014,2.1832867621376177,0.024507031390595676,42.85198524244554,0.2173974327651337,-0.07999999999999996,3.4764571017995354,0.4163128074356898,0.6529331450257588,0.0104826381305962,-0.07518796992481203,0.029301644147810516,1.3120115487320554,0.5520151162435764,0.35329436481962884,Information Technology Services,Technology,CTG
2012Q2,2012,Q2,2012-08-02,2012-06-29,4123000.0,106705000.0,6143000.0,0.25,22895000.0,0.21456351623635256,153855000.0,94239000.0,98888000.0,49146000.0,59616000.0,0.0,90962000.0,226693770.0,203069770.0,6.231501686173378,2.012127131404387,0.0,0.0,0.04117651323089348,6.231501686173378,0.04375046424516389,2.12449060493885,13.745680936211498,2.405519689300608,0.0,0.0,0.0,0.6935426212992752,1.9442477515972816,0.026797959117350754,39.52122907949791,0.21456351623635256,0.24999999999999994,3.450791266039563,0.4359020403376943,0.6030657759799616,0.04773018488010251,0.22708333333333333,0.09716020717985355,1.9068923714430557,0.5762707051799753,0.32906058418019796,Information Technology Services,Technology,CTG
2012Q1,2012,Q1,2012-04-26,2012-03-30,3360000.0,103367000.0,5599000.0,0.2,21852000.0,0.21140209157661535,145070000.0,92696000.0,90739000.0,41633000.0,52374000.0,0.0,86839000.0,232389080.0,213124080.0,6.11088403981805,2.1794970336031514,0.0,0.0,0.03657413184340123,6.11088403981805,0.036247518771036505,2.2481941045014366,17.290854166666666,2.507002243894019,0.0,0.0,0.0,0.7125318811608189,2.091225710373982,0.0231612325084442,-84.07709117221418,0.21140209157661535,0.0,2.231358071608893,0.3939389061999058,0.5996761393276797,-0.0413266649118189,0.021587108543630284,0.025833638695492853,1.5421966276723114,0.36577814045662294,0.3436373833080901,Information Technology Services,Technology,CTG
2011Q4,2011,Q4,2012-02-24,2011-12-31,3289000.0,100920000.0,5458000.0,0.2,22794000.0,0.22586206896551725,147492000.0,88805000.0,93312000.0,47926000.0,58687000.0,0.0,83479000.0,210960640.0,188546640.0,5.927050657411733,1.9470016275090765,0.0,0.0,0.03809717216703173,5.927050657411733,0.03703620291650245,2.0903749504558067,16.03531772575251,2.3755491244862337,0.0,0.0,0.0,0.684240501179725,1.882381170971915,0.022299514549941692,21.39126343540864,0.22586206896551725,0.11111111111111122,2.4207530502734564,0.43690557939644314,0.600542852185742,0.08713692946058091,0.09963223002340355,0.19274475524475523,0.4616563121378281,0.23900481990187963,0.3432568305409564,Information Technology Services,Technology,CTG
2011Q3,2011,Q3,2011-10-28,2011-09-30,2991000.0,101119000.0,4576000.0,0.18,20967000.0,0.2073497562278108,139952000.0,87278000.0,84277000.0,42873000.0,52674000.0,0.0,80190000.0,168354240.0,155713240.0,5.7907377919320595,1.9657360110092599,0.0,0.0,0.03389940024673012,5.7907377919320595,0.03426980453264282,1.6649120343357826,14.071735205616852,1.9289424597263916,0.0,0.0,0.0,0.7225262947296216,1.8868518648100203,0.021371613124499828,72.25503862660945,0.2073497562278108,0.058823529411764594,2.8995401400202105,0.37400067217545346,0.5797489055431801,0.011286355086094631,0.0568904593639576,-0.021595039555270472,0.4626559453594394,0.1545209949567063,0.30171087250342854,Information Technology Services,Technology,CTG
2011Q2,2011,Q2,2011-08-02,2011-07-01,2830000.0,98327000.0,4677000.0,0.17,20733000.0,0.2108576484587143,140816000.0,86650000.0,83887000.0,44346000.0,54166000.0,0.0,77199000.0,187673500.0,174671500.0,5.7574750830564785,1.891647499210752,0.0,0.0,0.03299879320229213,5.7574750830564785,0.032660126947489904,1.908666998891454,16.57893109540636,2.1658799769186383,0.0,0.0,0.0,0.6982658220656743,1.8192170658007487,0.0200971480513578,85.61747262773723,0.2108576484587143,0.0,2.827356008026052,0.25281366819205603,0.6036758216913971,0.047279890892559476,0.0007072135785007072,0.016960208741030658,0.4113997244955839,0.06864751939856274,0.305889961570631,Information Technology Services,Technology,CTG
2011Q1,2011,Q1,2011-04-27,2011-04-01,2828000.0,95909000.0,4599000.0,0.17,19797000.0,0.20641441366295135,132800000.0,83156000.0,77476000.0,39714000.0,49644000.0,0.0,74369000.0,199649840.0,190781840.0,5.631204713211892,1.9508485672558795,0.0,0.0,0.034284193941384156,5.631204713211892,0.03400836981095772,2.081659072662628,17.649384724186703,2.4009072105440374,0.0,0.0,0.0,0.7222063253012048,1.8685350254318376,0.021295180722891566,-25.837950045295717,0.20641441366295135,0.0,3.0270234060990933,0.28501809359443275,0.5998971088954744,0.03319242210740567,0.06556141672946496,0.0859504132231405,1.119001577591677,0.1639770358555367,0.3202850212008441,Information Technology Services,Technology,CTG
2010Q4,2010,Q4,2011-02-25,2010-12-31,2654000.0,87313000.0,4235000.0,0.17,19161000.0,0.2194518571117703,130273000.0,77920000.0,75479000.0,42434000.0,52353000.0,0.0,71541000.0,159903360.0,145066360.0,5.301762264407702,1.7787387472309941,0.0,0.0,0.03407666782603296,5.301762264407702,0.034060574948665295,1.8313808940249447,15.062486812358705,2.0521478439425054,0.0,0.0,0.0,0.670230976487837,1.7056369892067682,0.020372602150867794,25.878517559475643,0.2194518571117703,0.30769230769230776,3.6232876010601522,0.31706772661233185,0.6093722294502835,0.10923931920805835,0.3093241243216576,0.3586782162335579,1.4352004589037675,0.14809965179438891,0.33041157413234845,Information Technology Services,Technology,CTG
2010Q3,2010,Q3,2010-10-28,2010-10-01,2027000.0,84463000.0,3117000.0,0.13,17274000.0,0.20451558670660525,125659000.0,76178000.0,70522000.0,40049000.0,49481000.0,0.0,68887000.0,114248140.0,104434140.0,5.19419064502932,1.7608929061899175,0.0,0.0,0.02696339993651854,5.19419064502932,0.026608732179894456,1.3526412748777572,14.090791810557475,1.4997524219590959,0.0,0.0,0.0,0.6721603705265838,1.6673075482533897,0.016130957591577205,263.2445622119816,0.20451558670660525,0.08333333333333341,2.6109738297763534,0.2873197783667967,0.5299205865091028,-0.029114208633093525,0.06404199475065617,-0.10662080825451418,1.4460594638129063,0.15546350457790367,0.3027152871295452,Information Technology Services,Technology,CTG
2010Q2,2010,Q2,2010-08-05,2010-07-02,1905000.0,81142000.0,3489000.0,0.12,17792000.0,0.2192699218653718,118859000.0,73176000.0,63511000.0,36242000.0,45683000.0,0.0,66860000.0,92197280.0,83613280.0,4.968495382944052,1.7524143259202032,0.0,0.0,0.026573895632118347,4.968495382944052,0.026033125614955722,1.1362460871065538,12.099380577427821,1.2599387777413358,0.0,0.0,0.0,0.6826744293658873,1.6416864411456322,0.016027393802741062,15.00851049975582,0.2192699218653718,0.09090909090909087,2.488175197023741,0.26955045698226376,0.47802136989346333,0.04609595484477893,0.06662933930571109,0.12949174490126256,1.1116067860364438,0.12119183708520945,0.2781549789490756,Information Technology Services,Technology,CTG
2010Q1,2010,Q1,2010-05-04,2010-04-02,1786000.0,78489000.0,3089000.0,0.11,17008000.0,0.2166927849762387,115109000.0,72406000.0,59504000.0,32302000.0,42703000.0,0.0,64955000.0,107765040.0,104547040.0,4.918217633473713,1.842115039316451,0.00820961002180542,0.013051404579730962,0.024724875541234814,4.918217633473713,0.02466646410518465,1.372995451591943,15.084692049272117,1.4883440598845399,0.0,0.0,0.0,0.6818667523825244,1.737106061544177,0.015515728570311617,-19.219732477260568,0.2166927849762387,0.09999999999999995,3.2141936899967547,0.30508241851080137,0.4603862998762589,0.13492593086881088,0.09570552147239264,0.2019455252918288,0.7697723295268387,0.09058811794223136,0.28746599428563224,Information Technology Services,Technology,CTG
2009Q4,2009,Q4,2010-02-25,2009-12-31,1630000.0,67653000.0,2570000.0,0.1,14986000.0,0.2215127193176947,114722000.0,71718000.0,59228000.0,33455000.0,43004000.0,0.0,63169000.0,118612080.0,108189080.0,4.843192868719611,1.770378119862502,0.0,0.0,0.022763335839251057,4.843192868719611,0.022727906522769736,1.7532419848343754,18.19203680981595,1.6538676482891324,0.0,0.0,0.0,0.589712522445564,1.6692871020774174,0.014208259967573788,-300.283746835443,0.2215127193176947,0.0,1.0046564792108572,0.2472463604788378,0.37572297931044457,-0.014143806328531018,0.014943960149439602,0.03295819935691318,0.7153305702505177,-0.025368546902369116,0.3078575122506572,Information Technology Services,Technology,CTG
2009Q3,2009,Q3,2009-11-04,2009-10-02,1606000.0,66771000.0,2488000.0,0.1,15201000.0,0.22765871411241406,114380000.0,71492000.0,59047000.0,34120000.0,42888000.0,0.0,61539000.0,105842800.0,95083800.0,4.870027247956403,1.7305685814771394,0.0,0.0,0.02272897974041101,4.870027247956403,0.02246405192189336,1.5851612226864957,16.47615193026152,1.480484529737593,0.0,0.0,0.0,0.5837646441685609,1.6143024618991795,0.014040916244098619,-28.879345156889496,0.22765871411241406,0.11111111111111122,2.0394876572170997,0.3192398195984378,0.49715911127315426,0.016653290529695025,0.15125448028673835,0.026402640264026403,1.1497470066547892,-0.06849135560887043,0.3285734031410375,Information Technology Services,Technology,CTG
2009Q2,2009,Q2,2009-08-07,2009-07-03,1395000.0,66580000.0,2424000.0,0.09,14952000.0,0.22457194352658455,113942000.0,69739000.0,61253000.0,35391000.0,44203000.0,0.0,59933000.0,95639820.0,80945820.0,4.688651337905069,1.7307507558418807,0.0,0.0,0.020245364007241914,4.688651337905069,0.020003154619366494,1.43646470411535,17.13975268817204,1.3713964926368316,0.0,0.0,0.0,0.5843323796317424,1.6192252267525642,0.012243071036141195,15.561311422063131,0.22457194352658455,0.0,1.5956747422147695,0.2693383215676487,0.45790595929139777,-0.10574162679425837,0.07142857142857142,0.007062733693394266,0.9089535264538959,-0.14164645001337772,0.3059677512225929,Information Technology Services,Technology,CTG
2009Q1,2009,Q1,2009-05-01,2009-04-03,1302000.0,74556000.0,2407000.0,0.09,16720000.0,0.22426095820591233,110353000.0,67961000.0,58115000.0,33528000.0,42392000.0,0.0,58538000.0,54840810.0,46949810.0,4.548015793348056,1.7333273681698877,0.0,0.0,0.02044034485360346,4.548015793348056,0.019158046526684423,0.7355653468533719,10.530109447004609,0.8069453068671738,0.0,0.0,0.0,0.6756137123594284,1.618676926747793,0.011798501173506837,-44.951483606557375,0.22426095820591233,-0.3571428571428572,1.412183842461001,0.3574643714139835,0.43060374864892,-0.10343718161831733,-0.43440486533449174,-0.2561804697156984,0.8321887467165571,-0.012841344002946658,0.2921493160986983,Information Technology Services,Technology,CTG
2008Q4,2008,Q4,2009-02-26,2008-12-31,2302000.0,83328000.0,3236000.0,0.14,18649000.0,0.22380232334869432,115840000.0,67634000.0,63935000.0,39161000.0,48206000.0,0.0,57236000.0,49356160.0,38383160.0,4.412447807933194,1.6326191874569087,0.0,0.0,0.030060298862629876,4.412447807933194,0.03403613567140787,0.5923118279569892,5.3601390095569075,0.7297536741875388,0.0,0.0,0.0,0.7193370165745856,1.5353285156150251,0.019872237569060775,11.496892615886326,0.22380232334869432,0.07692307692307698,0.41830001586454885,0.473317194516858,0.34815841346233434,-0.05060326833986662,0.10619894281595386,-0.06904487917146145,2.8450192078000884,0.20521175288300203,0.3394170865901312,Information Technology Services,Technology,CTG
2008Q3,2008,Q3,2008-11-04,2008-09-26,2081000.0,89131000.0,3476000.0,0.13,19643000.0,0.22038348049500173,121409000.0,68232000.0,68938000.0,43843000.0,53177000.0,0.0,54934000.0,99543620.0,89990620.0,4.448559134176555,1.5723832766918322,0.0,0.0,0.030989221943367794,4.448559134176555,0.030498886153124634,1.1168237762394677,11.958628063431043,1.458899343416579,0.0,0.0,0.0,0.73413832582428,1.471705859544283,0.01714040968956173,8.8680285077951,0.22038348049500173,0.0,5.654912635284913,0.5850590160071313,0.368213132446792,-0.09253441744433151,0.015121951219512195,-0.1283851554663992,2.5447500692723954,0.29894769997420784,0.31029888288619095,Information Technology Services,Technology,CTG
2008Q2,2008,Q2,2008-08-05,2008-06-27,2050000.0,94071000.0,3988000.0,0.13,21646000.0,0.23010279469762202,122491000.0,67839000.0,70573000.0,41607000.0,54652000.0,0.0,52854000.0,79089180.0,78594180.0,4.40885162799766,1.6961809310933256,0.030941048730110783,0.05586756880260617,0.029123586692138898,4.40885162799766,0.0302186058167131,0.8407392288803138,9.645021951219512,1.16583646574979,0.0,0.0,0.0,0.7679829538496706,1.5736054029370057,0.01673592345560082,-104.61531746031746,0.23010279469762202,0.44444444444444453,3.8422177968528413,0.5887117291377807,0.3640709304421593,0.15494611034041192,0.4601139601139601,0.6742233417296389,2.592915409507995,0.4088016140106977,0.3115392932113158,Information Technology Services,Technology,CTG
2008Q1,2008,Q1,2008-05-07,2008-03-28,1404000.0,86683000.0,2382000.0,0.09,18742000.0,0.21621309830070487,120472000.0,66259000.0,68705000.0,42321000.0,54213000.0,0.0,50803000.0,65713050.00000001,63615050.00000001,4.265143224975861,1.6234257224545734,0.02195530911747128,0.03991910532908737,0.02079522286064259,4.265143224975861,0.021189574246517455,0.7580846302043077,11.701041666666667,0.9917603646297107,0.0,0.0,0.0,0.7195281891227837,1.510479431015335,0.011654160302808952,-50.432118188795094,0.21621309830070487,0.26227208976157074,10.556382362407467,0.45241111957926416,0.345698588406289,0.0011217349500560869,0.1593724194880264,0.28826392644672794,2.139465403368028,0.3658991422701689,0.2664662682617914,Information Technology Services,Technology,CTG
2007Q4,2007,Q4,2008-03-10,2007-12-31,1211000.0,84504000.0,1849000.0,0.0713,18721000.0,0.22153980876644894,112461000.0,65079000.0,61232000.0,38021000.0,47382000.0,0.0,49481000.0,90309152.57000001,86019152.57000001,3.985054224941887,1.6104784198206255,0.0,0.0,0.018032743819211758,3.985054224941887,0.0186081531676885,1.0686967784956927,18.643507962427744,1.3876850069915028,0.0,0.0,0.0,0.7514071544802198,1.488756213671392,0.010768177412614151,-602.0610171333334,0.22153980876644894,0.1883333333333334,11.182988078491832,0.3507763030004309,0.26266850221352883,0.02423678739468213,0.324945295404814,0.13157894736842105,0.3504741350278163,0.4126423516107494,0.13196620899800848,Information Technology Services,Technology,CTG
2007Q3,2007,Q3,2007-11-07,2007-09-28,914000.0,80625000.0,1634000.0,0.06,18278000.0,0.22670387596899225,114078000.0,64497000.0,63899000.0,39944000.0,49581000.0,0.0,48270000.0,70850880.0,64813880.0,3.9872032640949553,1.5997146004406169,0.0,0.0,0.015720124696538034,3.9872032640949553,0.014171201761322232,0.8787706046511627,19.379343544857765,1.0985143495046281,0.0,0.0,0.0,0.7067532740756325,1.4826757460444622,0.008012061922544224,7.76448,0.22670387596899225,0.0,5.64216227876339,0.329284624468821,0.2732226351938868,0.017309511882896422,-0.08508508508508508,-0.07211811470755253,0.5698420438094866,0.44564119678780323,0.22575858232472504,Information Technology Services,Technology,CTG
2007Q2,2007,Q2,2007-08-07,2007-06-29,999000.0,80140000.0,1761000.0,0.06,17967000.0,0.22419515847267282,113691000.0,63397000.0,63925000.0,40540000.0,50294000.0,0.0,47356000.0,72248870.0,74018870.0,3.8872401741369798,1.5768376911692157,0.044242728096331285,0.07934129375207029,0.01573422267284495,3.8872401741369798,0.01575784343107718,0.9015331919141503,18.080297797797797,1.1396260075397888,0.0,0.0,0.0,0.7048930874035764,1.4751110014800197,0.008786975222313111,-21.100721378504673,0.22419515847267282,-0.14285714285714296,0.5114621780427346,0.2023384383739309,-0.2746581214986028,0.03080895008605852,-0.10962566844919786,0.37578125,0.6952821770061556,0.39342431101974923,0.20871231547010322,Information Technology Services,Technology,CTG
2007Q1,2007,Q1,2007-05-08,2007-03-30,1122000.0,80016000.0,1280000.0,0.07,17430000.0,0.21783143371325736,114835000.0,62527000.0,65051000.0,39959000.0,52308000.0,0.0,46357000.0,73819680.0,71415680.0,3.820075757575758,1.6279436422332891,0.02264118082466147,0.04158203656020599,0.012291908379886318,3.820075757575758,0.017944248084827353,0.9225614877024595,16.448235294117648,1.180604858701041,0.0,0.0,0.0,0.6967910480254278,1.5193573412748067,0.009770540340488527,-29.551513210568455,0.21783143371325736,0.09034267912772607,1.52407680149436,0.15635981490865888,-0.2723560434116386,-0.08705216844751729,0.05056179775280899,-0.36254980079681276,1.324276156050897,0.3300404750020129,0.2016261480234725,Information Technology Services,Technology,CTG
