Quarters,Year,Quarter,FillingDate,Date,NetIncome,Revenue,OperatingIncome,EPSDiluted,GrossProfit,GrossProfitRatio,TotalAssets,CommonStockEquity,CurrentAssets,CurrentLiability,TotalLiability,Inventory,RetainedEarnings,MarketCap,EnterpriseValue,bookValuePerShare,currentRatio,debtToAssets,debtToEquity,roic,shareholdersEquityPerShare,roe,priceToSalesRatio,peRatio,pbRatio,payoutRatio,inventoryTurnover,dividendYield,assetTurnover,quickRatio,returnOnAssets,priceToFreeCashFlowsRatio,grossProfitMargin,epsdilutedGrowth,fiveYNetIncomeGrowthPerShare,fiveYRevenueGrowthPerShare,fiveYShareholdersEquityGrowthPerShare,grossProfitGrowth,netIncomeGrowth,operatingIncomeGrowth,threeYNetIncomeGrowthPerShare,threeYRevenueGrowthPerShare,threeYShareholdersEquityGrowthPerShare,Industry,Sector,Symbol
2023Q1,2023,Q1,2023-05-04,2023-03-31,715000000.0,3102000000.0,811000000.0,1.87,2760000000.0,0.8897485493,51103000000.0,13988000000.0,36782000000.0,3571000000.0,37104000000.0,0.0,16597000000.0,7070525000.0,8993525000.0,38.083310645249114,10.300196023522822,0.053343247950218185,0.19488132685158707,0.04433699398828621,38.083310645249114,0.05111524163568773,2.2793439716312056,2.4722115384615386,0.5054707606519875,0.013986013986013986,0.0,0.001414322133080641,0.060700937322662074,10.300196023522822,0.013991350801322818,7.427022058823529,0.8897485493230174,-0.18695652173913033,3.8431229646164944,1.5568134969439913,0.5575807573132773,0.6084525346239805,-0.16830291919859297,-0.1483838720076614,4.0550392091599665,0.9470506071280621,0.25381696297345324,Insurance—Diversified,Financial Services,ACGLN
2022Q4,2022,Q4,2023-02-24,2022-12-31,859688000.0,2950310000.0,952307000.0,2.3,1715935000.0,0.5816117628,47990507000.0,12910073000.0,18675000.0,3263903000.0,35069605000.0,0.0,15892065000.0,6306840401.29,8177132401.29,35.35160976396302,0.005721677390535197,0.05679060652557807,0.2111072493548255,0.05672598505928865,35.35160976396302,0.06659048326062912,2.1376873621043213,1.8340492135780653,0.4885208938237607,0.011846158141093048,0.0,0.0016147546714384857,0.061476950014301784,10.352419480603437,0.01791370947591781,6.513843844835012,0.5816117628317025,87.12260536398466,3.1045479137079712,1.220025050523643,0.43858799134745,-0.21817021206797255,87.16408573479643,26.005075998185117,1.699274977322047,0.8168580881919983,0.15070838354280647,Insurance—Diversified,Financial Services,ACGLN
2022Q3,2022,Q3,2022-11-03,2022-09-30,9751000.0,2495619000.0,35264000.0,0.0261,2194768000.0,0.8794483453,46337104000.0,11795110000.0,33356602000.0,3407681000.0,34533086000.0,0.0,15042561000.0,6850974286.52,8762544286.52,32.29851030610112,9.788651578595532,0.0588114656453282,0.2310409144128372,-0.004599211216598803,32.29851030610112,0.0008266985216755079,2.7452004037956117,175.64799216798278,0.5808317418421702,1.0444057019792843,0.0,0.0014865039006259405,0.053857897550092904,9.788651578595532,0.00021043611184678267,5.018308203745104,0.8794483452802692,-0.9751428571428571,1.2969079197246232,0.8004942444721105,0.3564495892869165,0.131348787627767,-0.9758843954652474,-0.9232493655623316,-0.9745377587985009,0.5055961029385542,0.08329571809353227,Insurance—Diversified,Financial Services,ACGLN
2022Q2,2022,Q2,2022-08-03,2022-06-30,404344000.0,2244556000.0,459462000.0,1.05,1939957000.0,0.8642943192,45719194000.0,12417566000.0,32729851000.0,3395723000.0,33293169000.0,0.0,15035644000.0,7204193381.0,9115541381.0,33.18041768984546,9.638551495513621,0.05960070074726164,0.21943881755893224,0.028736138637573697,33.18041768984546,0.03256225898054418,3.209629602023741,4.454247732747364,0.5801614729488855,0.025186474882773084,0.0,0.0014136211316673982,0.049094391296574474,9.638551495513621,0.008844075422676961,8.091462726246567,0.864294319232846,1.3333333333333335,1.1836720365939934,0.680952723307631,0.39540663905497386,0.016018355773521346,1.3384110020009947,0.9134124858928817,-0.13777470711413056,0.2887511397225165,0.1543329622382906,Insurance—Diversified,Financial Services,ACGLN
2022Q1,2022,Q1,2022-05-04,2022-03-31,172914000.0,1909372000.0,240127000.0,0.45,1909372000.0,1.0,45677941000.0,12919589000.0,32771669000.0,3324836000.0,32748589000.0,0.0,14641484000.0,7900286871.32,9812011871.32,34.521850691281436,9.85662721409417,0.05964896710208545,0.21089231244120846,0.014382781745307301,34.521850691281436,0.013383862288498496,4.137636286339173,11.422277651491493,0.6114967644342246,0.058896329967498294,0.0,0.0012890671143816874,0.04180074579105919,9.85662721409417,0.003785503378972358,14.635771251794669,1.0,-0.7039473684210527,-0.3168883603882636,0.5254425238318937,0.501257633766078,-0.15195972837796484,-0.7034238140485803,-0.6519489969112316,-0.614485606249777,0.1368665987100954,0.2773213087304722,Insurance—Diversified,Financial Services,ACGLN
2021Q4,2021,Q4,2022-02-25,2021-12-31,583034000.0,2251511000.0,689919000.0,1.52,2251511000.0,1.0,45091712000.0,13545896000.0,32738369000.0,3415380000.0,31545816000.0,0.0,14455868000.0,9677944978.32,11543670978.32,36.19537736004036,9.585571444465916,0.06041895237865442,0.20112320366257055,0.0400407249532148,36.19537736004036,0.04304137577905515,4.298422249911281,4.149820155565542,0.7144558749247741,0.017467248908296942,0.0,0.0010522895121654067,0.04993181452059305,9.585571444465916,0.012929959279434767,12.203956508271576,1.0,0.3944954128440366,6.877453960790672,1.2292585412413293,0.6411871595322254,0.10567370139835243,0.38836791747431787,0.0,3.2714991135141465,0.627424590579849,0.4349729078721466,Insurance—Diversified,Financial Services,ACGLN
2021Q3,2021,Q3,2021-11-04,2021-09-30,419942000.0,2036325000.0,0.0,1.09,2036325000.0,1.0,44783736000.0,13387526000.0,0.0,0.0,31385973000.0,0.0,13842787000.0,9805187874.4,11391615874.4,35.77220403045702,0.0,0.06082898041378236,0.20348412395240167,0.0,35.77220403045702,0.03136815569956689,4.815138975556455,5.8372274471236505,0.7324122376606402,0.041174733653695034,0.0,0.0017634542266287859,0.04547019033874262,0.0,0.009377109582818191,9.764596446969946,1.0,-0.3806818181818181,0.6606899933563227,0.7283091923565927,0.8208568667150322,-0.16123229745304105,-0.37831131955362507,0.0,0.8466456764933512,0.45593219127152096,0.4310330526037642,Insurance—Diversified,Financial Services,ACGLN
2021Q2,2021,Q2,2021-08-05,2021-06-30,675486000.0,2427758000.0,0.0,1.76,2427758000.0,1.0,46481886000.0,13986072000.0,0.0,0.0,31519407000.0,0.0,13454036000.0,9659232787.72,11442588787.72,37.37155178400118,0.0,0.06491593305831007,0.21574427759273654,0.0,37.37155178400118,0.04829704866384214,3.97866376620734,3.574919682909786,0.6906322795792842,0.015399282886691953,0.0,0.0010768971230535303,0.052230195650839126,0.0,0.014532241656459464,11.517844284167548,1.0,0.5438596491228072,2.200521191158703,1.0112702006582845,1.0862521968483525,0.09825921229593888,0.5416563963519843,0.0,1.7724075092552307,0.6673669664975554,0.526238097810341,Insurance—Diversified,Financial Services,ACGLN
2021Q1,2021,Q1,2021-05-06,2021-03-31,438156000.0,2210551000.0,0.0,1.14,2210551000.0,1.0,44204267000.0,13096472000.0,0.0,0.0,30173261000.0,0.0,12790216000.0,9356095300.0,11431248300.0,34.99449177265221,0.0,0.06825368238772063,0.23037532550751072,0.0,34.99449177265221,0.033456033044624536,4.232472039776508,5.338335718328632,0.7143981447828086,0.023742685253653948,0.0,0.0011118954720352196,0.05000763840287183,0.0,0.009912074777758446,12.468891791218823,1.0,-0.1914893617021277,1.8305016860682957,1.0924232456659302,1.0419886718617835,-0.006509560523767042,-0.19389046700911058,0.0,1.91282583115614,0.7882329624281549,0.43125022676673697,Insurance—Diversified,Financial Services,ACGLN
2020Q4,2020,Q4,2021-02-26,2020-12-31,543544000.0,2225035000.0,0.0,1.41,2225035000.0,1.0,43282297000.0,13105886000.0,0.0,0.0,29294856000.0,0.0,12362463000.0,9356095300.0,11466447300.0,35.01964649718777,0.0,0.06970055216801456,0.2301866504866592,0.0,35.01964649718777,0.04147327391677297,4.204920506868431,4.3032833128504775,0.7138849903013044,0.01913920492177266,0.0,0.0011118954720352196,0.05140750732337519,0.0,0.012558113540046177,17.265353939841297,1.0,0.293577981651376,8.278820054968506,1.4694980172185124,1.1121897422367968,0.03980060443008841,0.2971203157701312,0.0,1.5323518449496834,0.6337738701621781,0.42507917598260747,Insurance—Diversified,Financial Services,ACGLN
2020Q3,2020,Q3,2020-11-05,2020-09-30,419039000.0,2139867000.0,0.0,1.09,2139867000.0,1.0,42716035000.0,12451997000.0,0.0,0.0,29448283000.0,0.0,11829322000.0,9356095300.0,11451195300.0,33.27241921103561,0.0,0.07190503519345838,0.24666710086743515,0.0,33.27241921103561,0.03365235311251681,4.372278884622268,5.581876209612948,0.7513730769450073,0.024825851531719005,0.0,0.0011118954720352196,0.0500951691794428,0.0,0.009809875846388833,9.348242776068103,1.0,0.39743589743589747,4.235827721065061,1.2539435931357885,1.020504753103898,-0.07778345699273213,0.4023077360694195,0.0,13.450647729973852,0.506486036681695,0.3973511145145897,Insurance—Diversified,Financial Services,ACGLN
2020Q2,2020,Q2,2020-08-06,2020-06-30,298821000.0,2320352000.0,0.0,0.78,2320352000.0,1.0,41199648000.0,11991825000.0,0.0,0.0,28472748000.0,0.0,11420686000.0,9356095300.0,11698156300.0,32.04281437791682,0.0,0.07758124535432924,0.2665415814523644,0.0,32.04281437791682,0.024918725882007116,4.032187918040021,7.827508190522085,0.7802061237551415,0.03481348365744041,0.0,0.0011118954720352196,0.05631970447902856,0.0,0.007252998860572789,13.32949898063709,1.0,1.0526315789473684,1.5807150876586922,1.3583161737652734,0.9538567319183741,0.4294060609943461,1.0734611461520847,0.0,0.6137918743620623,0.7377165075998586,0.34756458869519286,Insurance—Diversified,Financial Services,ACGLN
2020Q1,2020,Q1,2020-05-08,2020-03-31,144117000.0,1623298000.0,0.0,0.38,1623298000.0,1.0,38416126000.0,11367244000.0,0.0,0.0,26500721000.0,0.0,11132268000.0,9356095300.0,10846267300.0,30.373899675861573,0.0,0.061756773704875915,0.20870986846064007,0.0,30.373899675861573,0.012678271003947835,5.76363384911458,16.230034104234754,0.8230750831072159,0.07218440572590326,0.0,0.0011118954720352196,0.04225564024857686,0.0,0.003751471452379139,15.54209962391027,1.0,-0.5529411764705883,-0.4913565519383347,0.42026289725938715,0.8075660128274481,-0.02452423489086352,-0.5584434285994412,0.0,-0.43065338743002524,0.2968912281374533,0.3208749775152791,Insurance—Diversified,Financial Services,ACGLN
2019Q4,2019,Q4,2020-02-28,2019-12-31,326384000.0,1664109000.0,0.0,0.85,1664109000.0,1.0,37885361000.0,11497371000.0,0.0,0.0,25569809000.0,0.0,11021006000.0,9356095300.0,10985778300.0,30.721606159783345,0.0,0.06218531215790711,0.20490884394354153,0.0,30.721606159783345,0.028387707067989716,5.622285138773963,7.166478212780039,0.8137595368541208,0.031873498700916714,0.0,0.0011118954720352196,0.04392485530228945,0.0,0.00861504262820671,18.896697958870412,1.0,-0.1666666666666667,0.5169080329423137,0.5869862301723162,0.8755744852450706,-0.0203366901087567,-0.1683488213875292,0.0,3.409819896504668,0.6476620375412634,0.39299295178245724,Insurance—Diversified,Financial Services,ACGLN
2019Q3,2019,Q3,2019-11-08,2019-09-30,392453000.0,1698654000.0,0.0,1.02,1698654000.0,1.0,35572603000.0,11158096000.0,0.0,0.0,23510794000.0,0.0,10705025000.0,9356095300.0,10838102300.0,29.815044744146633,0.0,0.06640239399967442,0.21169436075832293,0.0,29.815044744146633,0.03517204010433321,5.507946468203648,5.960010052159112,0.8385028503070775,0.02650763276112044,0.0,0.0011118954720352196,0.047751748726400485,0.0,0.01103245101293262,11.419077207358615,1.0,-0.16393442622950816,0.7162042199628296,0.6276930919627903,0.8348974830974804,-0.024688054789360904,-0.16313113866178772,0.0,0.5519828213483503,0.4417145214213329,0.5176288524904107,Insurance—Diversified,Financial Services,ACGLN
2019Q2,2019,Q2,2019-08-07,2019-06-30,468954000.0,1741652000.0,0.0,1.22,1741652000.0,1.0,34851670000.0,10757352000.0,0.0,0.0,23032496000.0,0.0,10322975000.0,9356095300.0,10975650300.0,28.744234787775195,0.0,0.06383828952816321,0.20682329629076004,0.0,28.744234787775195,0.043593813793580426,5.37196598401977,4.987746825914695,0.8697396255137881,0.022183412445570354,0.0,0.0011118954720352196,0.04997327244289872,0.0,0.01345571101757821,19.898541653374167,1.0,0.04273504273504278,1.2544131220675334,0.7006227749319908,0.7268683543950226,0.0370037820689918,0.04554007776549067,0.0,1.2219516239842694,0.4428673564321083,0.6046356147938475,Insurance—Diversified,Financial Services,ACGLN
2019Q1,2019,Q1,2019-05-07,2019-03-31,448528000.0,1679504000.0,0.0,1.17,1679504000.0,1.0,33977037000.0,10114596000.0,0.0,0.0,22817977000.0,0.0,9864424000.0,9356095300.0,10945301300.0,27.02675548847819,0.0,0.0654061153125271,0.21971277943281176,0.0,27.02675548847819,0.044344628297561264,5.570749042574475,5.21488920424143,0.925009293500205,0.023193646773445584,0.0,0.0011118954720352196,0.04943056099918307,0.0,0.013200915665483133,41.40323177342626,1.0,2.25,1.4576876712328768,0.7935466646732483,0.7166272383871851,0.21396968950061476,2.2860638562867233,0.0,1.897505135725268,0.5897544145278313,0.5770575810385047,Insurance—Diversified,Financial Services,ACGLN
2018Q4,2018,Q4,2019-02-28,2018-12-31,136494000.0,1383481000.0,0.0,0.36,1383481000.0,1.0,32218329000.0,9439827000.0,0.0,0.0,21780650000.0,0.0,9426299000.0,9356095300.0,10898749300.0,25.22373569666397,0.0,0.06794920990470983,0.2319120890668865,0.0,25.22373569666397,0.014459375155921819,6.762720485499981,17.136458928597595,0.9911299539705548,0.0762158043577007,0.0,0.0011118954720352196,0.0429408055271892,0.0,0.0042365325650501615,21.881712958631915,1.0,-0.3898305084745763,-0.15478357793052197,0.5237279697959596,0.6715066287784885,-0.010838385860550248,-0.39978364877225075,0.0,1.330084159852507,0.5354830761581209,0.5213550429089613,Insurance—Diversified,Financial Services,ACGLN
2018Q3,2018,Q3,2018-11-09,2018-09-30,227408000.0,1398640000.0,0.0,0.59,1398640000.0,1.0,32252534000.0,9355148000.0,0.0,0.0,21814433000.0,0.0,9300208000.0,9356095300.0,10993178300.0,24.997468762422717,0.0,0.07094388304497252,0.2445840514762567,0.0,24.997468762422717,0.02430832735088745,6.689423511411085,10.285582851087034,1.0001012597555912,0.045741574614789275,0.0,0.0011117885898404647,0.04336527480290386,0.0,0.007050856841201996,15.13213848450492,1.0,-0.06349206349206354,0.9804746353146092,0.7162890636024841,0.718658493905794,-0.0394239730557408,-0.06664587146926278,0.0,1.841427910986718,0.4732016836109155,0.5179991610976475,Insurance—Diversified,Financial Services,ACGLN
2018Q2,2018,Q2,2018-08-08,2018-06-30,243646000.0,1456043000.0,0.0,0.63,1456043000.0,1.0,31853120000.0,9163755000.0,0.0,0.0,21622107000.0,0.0,9083202000.0,9356095300.0,11134967300.0,24.486056164904603,0.0,0.07237909504626235,0.25158900472568285,0.0,24.486056164904603,0.026588008954844384,6.425699859138775,9.600091218407032,1.0209892451293165,0.04269719182748742,0.0,0.0011118954720352196,0.045711157965059625,0.0,0.0076490466240041795,106.6780910790842,1.0,0.6153846153846153,0.37699785237933775,0.7036517445533896,0.7507065867988912,0.177871077081134,0.6197390026791115,0.0,1.1042058899732274,0.47986588095155813,0.49307252202234936,Insurance—Diversified,Financial Services,ACGLN
2018Q1,2018,Q1,2018-05-09,2018-03-31,150423000.0,1236165000.0,0.0,0.39,1236165000.0,1.0,32131955000.0,9150372000.0,0.0,0.0,21921458000.0,0.0,8849959000.0,9356095300.0,11163541300.0,24.450296054594485,0.0,0.07744119522139253,0.27193834305315673,0.0,24.450296054594485,0.01643900379132127,7.56864601408388,15.549642175731107,1.022482506722131,0.06938433617199498,0.0,0.0011155294666568864,0.03847151534975074,0.0,0.004681414498433102,23.63008359852503,1.0,-0.3035714285714286,-0.41350067842605165,0.37262903322518093,0.714988389157216,-0.09232255842760734,-0.2991846813268729,0.0,-0.4691002908207923,0.08155082085399618,0.4550493885701691,Insurance—Diversified,Financial Services,ACGLN
2017Q4,2017,Q4,2018-02-28,2017-12-31,214640000.0,1361899000.0,0.0,0.56,1361899000.0,1.0,32051658000.0,9196602000.0,0.0,0.0,21805723000.0,0.0,8562889000.0,9356095300.0,11298912300.0,24.573825151182458,0.0,0.0795283663640739,0.27716932841064557,0.0,24.573825151182458,0.02333905501184024,6.869889250230744,10.897427436638093,1.0173426337249345,0.051737793514722324,0.0,0.001186926772753159,0.042490750400494104,0.0,0.006696689450511421,366.84815323086576,1.0,7.392694063926942,10.169277202476973,0.6648663912872863,0.7792259751536019,-0.04121058604541141,7.377466127882101,0.0,-0.0024353516387500725,0.2987820869218584,0.5002483665312518,Insurance—Diversified,Financial Services,ACGLN
2017Q3,2017,Q3,2017-11-03,2017-09-30,-33656000.0,1420436000.0,0.0,-0.0876,1420436000.0,1.0,32624797000.0,8911144000.0,0.0,0.0,22646926000.0,0.0,8359354000.0,9356095300.0,11052702300.0,23.811065712423858,0.0,0.07843628881430281,0.2871649251768348,0.0,23.811065712423858,-0.0037768439158877916,6.586777088161663,-69.4979743582125,1.0499320064853626,-0.3675124792013311,0.0,0.001322025866923352,0.04353853910569926,0.0,-0.00103160795146097,17.947346482309882,1.0,-1.1825,-1.1774581347281394,0.5698912134076186,0.6660099454194721,0.06376751682034137,-1.1817602488564376,0.0,-1.1471783098283592,0.3610975894886528,0.46539657815448204,Insurance—Diversified,Financial Services,ACGLN
2017Q2,2017,Q2,2017-08-04,2017-06-30,185167000.0,1335288000.0,0.0,0.48,1335288000.0,1.0,30862639000.0,8898887000.0,0.0,0.0,20880560000.0,0.0,8412114000.0,9356095300.0,11034797300.0,23.778314335896088,0.0,0.07838027072150246,0.271834219268095,0.0,23.778314335896088,0.020807883053240255,7.006799506922851,12.631969114367031,1.051378144255568,0.06129061873876015,0.0,0.0012130060282733546,0.04326551595279976,0.0,0.00599971376394611,27.514690330549346,1.0,-0.27272727272727276,-0.15935587556976047,0.5849717734086042,0.7725750729635346,0.06679321617916344,-0.2684818292793736,0.0,-0.10984251211445267,0.30383175507701204,0.4285305853742873,Insurance—Diversified,Financial Services,ACGLN
2017Q1,2017,Q1,2017-05-05,2017-03-31,253127000.0,1251684000.0,0.0,0.66,1251684000.0,1.0,30092226000.0,8605844000.0,0.0,0.0,20412552000.0,0.0,8238296000.0,9356095300.0,11119712300.0,22.995287360957086,0.0,0.08199363516677032,0.2867087760363771,0.0,22.995287360957086,0.02941338467209027,7.474806181112805,9.240514939141221,1.0871792818926302,0.044317674527016085,0.0,0.0011990044607604628,0.04159492886966886,0.0,0.008411707395790528,46.1064009185705,1.0,2.473684210526316,0.5410517728423925,0.5357935136833012,0.7782668134600251,0.239313175878382,2.4200343182954347,0.0,0.3869972602739726,0.3366765803623392,0.4605651298095273,Insurance—Diversified,Financial Services,ACGLN
2016Q4,2016,Q4,2017-03-01,2016-12-31,74013000.0,1009982000.0,0.0,0.19,1009982000.0,1.0,29372109000.0,8253718000.0,0.0,0.0,20060984000.0,0.0,7996701000.0,9356095300.0,11002061300.0,22.054387368200494,0.0,0.08473712255391672,0.3015499196846803,0.0,22.054387368200494,0.008967231494945672,9.26362578739027,31.602878210584628,1.133561299283547,0.15695891262345804,0.0,0.0012416504564676677,0.034385750100546064,0.0,0.002519839484457858,26.298378714158424,1.0,-0.7121212121212122,-0.4834091797420291,0.35083204712214144,0.7832435919650617,-0.1427885162168631,-0.7073104179189471,0.0,-0.5416867917518112,0.11236643104636986,0.4614827527102277,Insurance—Diversified,Financial Services,ACGLN
2016Q3,2016,Q3,2016-11-04,2016-09-30,252872000.0,1178218000.0,0.0,0.66,1178218000.0,1.0,25643231000.0,7352322000.0,0.0,0.0,17250642000.0,0.0,7972643000.0,9356095300.0,9966816300.0,19.645807797618307,0.0,0.046387953218531626,0.16179065606756612,0.0,19.645807797618307,0.03439348820685492,7.940886406420543,9.249833216014427,1.2725361185214685,0.021686861336960992,0.0,0.0005861419560358689,0.0459465501831653,0.0,0.009861159851502332,18.991980456078956,1.0,0.19999999999999996,0.4963902762326317,0.54016834140966,0.6432079503465402,-0.02390816824444505,0.19813318803155575,0.0,1.2022381885477902,0.4458064033200764,0.3507141367758623,Insurance—Diversified,Financial Services,ACGLN
2016Q2,2016,Q2,2016-08-05,2016-06-30,211055000.0,1207077000.0,0.0,0.55,1207077000.0,1.0,24411917000.0,6703922000.0,0.0,0.0,16714040000.0,0.0,7725255000.0,9356095300.0,10028726300.0,17.913247420641387,0.0,0.04871481416227984,0.1773919803959533,0.0,17.913247420641387,0.03148231736586434,7.751034358205814,11.082532159863543,1.3956151786968882,0.025988486413494112,0.0,0.0005862488382306238,0.04944621923792384,0.0,0.008645572570150882,43.648887095344506,1.0,0.37500000000000006,1.1461328832035143,0.5563780351948505,0.509460922092312,0.142573039078806,0.36342200803627955,0.0,0.1928054707810557,0.4123476002152903,0.28076322454997954,Insurance—Diversified,Financial Services,ACGLN
2016Q1,2016,Q1,2016-05-06,2016-03-31,154798000.0,1056455000.0,0.0,0.4,1056455000.0,1.0,24541369000.0,6413587000.0,0.0,0.0,17167593000.0,0.0,7519685000.0,9356095300.0,10046914300.0,17.137456370287293,0.0,0.05088469188495556,0.1947085149074925,0.0,17.137456370287293,0.024135947637414133,8.85612288265946,15.110168251527798,1.4587929188455695,0.035426814299926356,0.0,0.0005861419560358689,0.043047924506575,0.0,0.0063076350793633395,29.367104846025153,1.0,1.6666666666666667,5.010172387016617,0.36304111101936337,0.48272687655977825,0.17252696149974417,1.642551084859762,0.0,-0.39644255212963403,0.17308029696351895,0.20205246714009667,Insurance—Diversified,Financial Services,ACGLN
2015Q4,2015,Q4,2016-02-26,2015-12-31,58579000.0,901007000.0,0.0,0.15,901007000.0,1.0,23177270000.0,6204881000.0,0.0,0.0,16028376000.0,0.0,7370371000.0,9356095300.0,10124509300.0,16.579782486824392,0.0,0.05702742385104027,0.2130161722682514,0.0,16.579782486824392,0.009440793465660341,10.384042854273051,39.92939150548832,1.5078605536512304,0.09363423752539306,0.0,0.0005862488382306238,0.03887459567067217,0.0,0.0025274331273700485,50.43934671037026,1.0,-0.2857142857142857,-0.7497821555494806,0.09145101288532108,0.37488962449171875,-0.05096019751671603,-0.26806442342533704,0.0,2.048290576052454,0.10144458040910817,0.20043092524141612,Insurance—Diversified,Financial Services,ACGLN
2015Q3,2015,Q3,2015-11-09,2015-09-30,80033000.0,949388000.0,0.0,0.21,949388000.0,1.0,23770592000.0,6162815000.0,0.0,0.0,16628526000.0,0.0,7317277000.0,9356095300.0,9836657300.0,16.467379826710403,0.0,0.04755207611152469,0.1834130993709855,0.0,16.467379826710403,0.012986435581791762,9.854869979397254,29.22574219384504,1.518152873321688,0.06852173478440143,0.0,0.0005861419560358689,0.03993960268217132,0.0,0.003366891325213945,20.57894814404237,1.0,-0.3,-0.4593497307996298,0.1906761380168358,0.30625955136914446,-0.03507869686208586,-0.3088090508679506,0.0,-0.5780096595942127,0.04928055844447219,0.1521877641950691,Insurance—Diversified,Financial Services,ACGLN
2015Q2,2015,Q2,2015-08-07,2015-06-30,115790000.0,983902000.0,0.0,0.3,983902000.0,1.0,23084925000.0,6137515000.0,0.0,0.0,15947534000.0,0.0,7242728000.0,9356095300.0,9722243300.0,16.399776838527927,0.0,0.03860623328860718,0.14520893227959525,0.0,16.399776838527927,0.018865941671832982,9.509173982774707,20.200568486052333,1.5244109871829234,0.047370239226185336,0.0,0.0005862488382306238,0.04262097451042184,0.0,0.005015827428505832,32.32146785504543,1.0,-0.5945945945945946,-0.5243806761935667,0.2674004753225172,0.3955231499387335,-0.1391602126416065,-0.5913332580399243,0.0,-0.4743221893329943,0.1678805604485867,0.22253559337699058,Insurance—Diversified,Financial Services,ACGLN
2015Q1,2015,Q1,2015-05-08,2015-03-31,283336000.0,1142956000.0,0.0,0.74,1142956000.0,1.0,22849680000.0,6288702000.0,0.0,0.0,15551780000.0,0.0,7132423000.0,9356095300.0,9785083300.0,16.803756797988154,0.0,0.03938786013633451,0.14311379359365414,0.0,16.803756797988154,0.04505476646850177,8.185875309285747,8.255300508936386,1.4877625462297306,0.01935511195188751,0.0,0.0005861419560358689,0.05002065674442706,0.0,0.012399998599542751,177.9943554524009,1.0,0.3214285714285713,0.3057319557222781,0.35279155674072377,0.4361842870019963,0.0899859526586477,0.31683738915431947,0.0,0.72496590687707,0.4023862342455533,0.29946465057229577,Insurance—Diversified,Financial Services,ACGLN
2014Q4,2014,Q4,2015-02-27,2014-12-31,215164000.0,1048597000.0,0.0,0.56,1048597000.0,1.0,22009543000.0,6130053000.0,0.0,0.0,14890897000.0,0.0,6854571000.0,9356095300.0,9770393300.0,16.3798379650964,0.0,0.04089135335522414,0.1468176539419806,0.0,16.3798379650964,0.03509985965863591,8.922489097336728,10.870888368872116,1.5262666244484349,0.025492182707144317,0.0,0.0005862488382306238,0.04764283383803108,0.0,0.009775941281470496,40.29968298135362,1.0,-0.06666666666666654,-0.26100351356828105,0.13213742023947053,0.4178945535047019,0.004792084293155589,-0.05908385262927736,0.0,0.5017868111005641,0.40247888785754216,0.32441861118300874,Insurance—Diversified,Financial Services,ACGLN
2014Q3,2014,Q3,2014-11-07,2014-09-30,228675000.0,1043596000.0,0.0,0.6,1043596000.0,1.0,22610685000.0,6081046000.0,0.0,0.0,15528200000.0,0.0,6644892000.0,9356095300.0,9592369300.0,16.248888572137567,0.0,0.039804189921711794,0.14800085380048103,0.0,16.248888572137567,0.03760455026980555,8.965246417195926,10.228594402536352,1.5385667695985197,0.02398163332240079,0.0,0.0005861419560358689,0.0461549926505986,0.0,0.010113581255941605,27.326561053329478,1.0,0.111111111111111,-0.18582750615947713,0.06901175446234212,0.3632119820069037,0.019011332589935225,0.0993144758095531,0.0,0.35320259426704836,0.36419026056447573,0.3590839919175231,Insurance—Diversified,Financial Services,ACGLN
2014Q2,2014,Q2,2014-08-08,2014-06-30,208016000.0,1024126000.0,0.0,0.54,1024126000.0,1.0,22573515000.0,6229399000.0,0.0,0.0,15332450000.0,0.0,6421701000.0,9356095300.0,9329652300.0,16.645295928099408,0.0,0.039869732294682506,0.1444762167265253,0.0,16.645295928099408,0.033392627442872094,9.135687698583963,11.244441893892779,1.5019258358631387,0.026368163987385587,0.0,0.0005862488382306238,0.04536847717336002,0.0,0.009215046925567419,37.43696001856624,1.0,0.1250000000000001,0.31165899489249,0.20663710141102606,0.5457688497774672,0.09366680371416519,0.13981369863013698,0.0,1.115230522055683,0.32048511542508185,0.4026169097165699,Insurance—Diversified,Financial Services,ACGLN
2014Q1,2014,Q1,2014-05-12,2014-03-31,182500000.0,936415000.0,0.0,0.48,936415000.0,1.0,21800358000.0,5892133000.0,0.0,0.0,14895495000.0,0.0,6219170000.0,9356095300.0,8686490300.0,15.744102670694259,0.0,0.0412837257076237,0.15274604290161134,0.0,15.744102670694259,0.030973503143937858,9.99139836504114,12.81656890410959,1.587896148983738,0.030049315068493152,0.0,0.0005861419560358689,0.042954111120560495,0.0,0.00837142215737925,48.53073754973105,1.0,0.14285714285714285,0.24718102918061924,0.24781628984479853,0.6230000804319971,0.0313417580989429,0.1301009350424175,0.0,6.085727597453021,0.20816517691259664,0.36217438998875295,Insurance—Diversified,Financial Services,ACGLN
2013Q4,2013,Q4,2014-03-03,2013-12-31,161490000.0,907958000.0,0.0,0.42,907958000.0,1.0,19566094000.0,5647496000.0,0.0,0.0,13918598000.0,0.0,6042154000.0,9356095300.0,9822038300.0,15.0904191837379,0.0,0.045997939087893576,0.15936266267386467,0.0,15.0904191837379,0.028594973772447116,10.304546355668434,14.484016502569819,1.6566802880427007,0.03396495139017896,0.0,0.0005862488382306238,0.04640466308707297,0.0,0.008253563537004372,43.061274243581835,1.0,0.4,2.1829815912270805,0.6974159945859647,0.6450782341212336,0.11416689470513093,0.4064010450685826,0.0,-0.31020195462001093,0.09987123158569294,0.2513831699203391,Insurance—Diversified,Financial Services,ACGLN
2013Q3,2013,Q3,2013-11-08,2013-09-30,114825000.0,814921000.0,0.0,0.3,814921000.0,1.0,18930823000.0,5443285000.0,0.0,0.0,13487538000.0,0.0,5886149000.0,9356095300.0,9319954300.0,14.54475618691058,0.0,0.021129562090353916,0.07348503706860839,0.0,14.54475618691058,0.021094798453507396,11.480984414440172,20.37033594600479,1.7188325248448317,0.04775963422599608,0.0,0.0005861419560358689,0.04304730967058326,0.0,0.006065504917562221,39.84148437400195,1.0,-0.3478260869565218,2.495327387294146,0.09121865455095679,0.5478344816604157,-0.04649685254955187,-0.3510512037978976,0.0,-0.22431787936310638,0.022034183146213974,0.15374922370286845,Insurance—Diversified,Financial Services,ACGLN
2013Q2,2013,Q2,2013-08-09,2013-06-30,176940000.0,854660000.0,0.0,0.46,854660000.0,1.0,18917683000.0,5234318000.0,0.0,0.0,13683365000.0,0.0,5776808000.0,9356095300.0,9380976300.0,13.986384897126904,0.0,0.021144238435542025,0.0764187426136509,0.0,13.986384897126904,0.03380383079514848,10.947154774998245,13.219304990392224,1.7874525964987225,0.030999208771334916,0.0,0.0005862488382306238,0.04517783705330087,0.0,0.009353153871962016,52.16814129192339,1.0,-0.31343283582089554,-0.10970449273685104,0.02242452880974733,0.3468873327975961,-0.050991469960536634,-0.3101108875684275,0.0,-0.27320076730019593,0.10091908568042601,0.1901578966635539,Insurance—Diversified,Financial Services,ACGLN
2013Q1,2013,Q1,2013-05-10,2013-03-31,256476000.0,900582000.0,0.0,0.67,900582000.0,1.0,18757061000.0,5335530000.0,0.0,0.0,13421531000.0,0.0,5605353000.0,9356095300.0,9399328300.0,14.256828914515225,0.0,0.021325302508745907,0.07496912209283801,0.0,14.256828914515225,0.04806945139470681,10.388943261135577,9.119854586783948,1.7535456271448198,0.021382117625040938,0.0,0.0005861419560358689,0.04801295895982852,0.0,0.013673570715582787,46.33634265564564,1.0,12.399999999999999,0.3093326118141954,0.060515100807472494,0.3323689288967732,0.10092503511514958,12.346307956496851,0.0,0.18194973132897702,0.06592005794857778,0.2185033332518794,Insurance—Diversified,Financial Services,ACGLN
2012Q4,2012,Q4,2013-03-01,2012-12-31,19217000.0,818023000.0,0.0,0.05,818023000.0,1.0,17816762000.0,5168878000.0,0.0,0.0,12647884000.0,0.0,5354361000.0,9356095300.0,9385054300.0,13.811525626507887,0.0,0.022450768551547134,0.07738623353075852,0.0,13.811525626507887,0.003717828124401466,11.437447724574982,121.71638783368893,1.8100824395545803,0.28537232658583545,0.0,0.0005861419560358689,0.0459131126071056,0.0,0.001078591048137703,50.569661214826986,1.0,-0.8979591836734694,-0.9202183750570847,-0.04681320627640693,0.2807532364622624,-0.09590638362774495,-0.8986744421478888,0.0,-0.9339978087423624,-0.11680612388119313,0.19557269144822678,Insurance—Diversified,Financial Services,ACGLN
2012Q3,2012,Q3,2012-11-09,2012-09-30,189656000.0,904799000.0,0.0,0.49,904799000.0,1.0,18889757000.0,5348794000.0,0.0,0.0,13540963000.0,0.0,5351241000.0,9356095300.0,9618878300.0,14.29227105029595,0.0,0.03627484461552364,0.1281079435850399,0.0,14.29227105029595,0.035457712523608124,10.340523475379614,12.33298089699245,1.7491971648188358,0.0289207828911292,0.0,0.0005862488382306238,0.047898922151301364,0.0,0.010040150331208602,28.26640513358127,1.0,-0.1403508771929824,-0.08025954627896387,0.043401298256498536,0.38040696346516406,0.07398619294738791,-0.13897615631866636,0.0,-0.32475041656578896,-0.07316551000025603,0.1990601732147125,Insurance—Diversified,Financial Services,ACGLN
2012Q2,2012,Q2,2012-08-08,2012-06-30,220268000.0,842468000.0,0.0,0.57,842468000.0,1.0,18496723000.0,5020316000.0,0.0,0.0,13476407000.0,0.0,5167069000.0,9356095300.0,9736521300.0,13.414559811078453,0.0,0.039780992557438416,0.14656806463975575,0.0,13.414559811078453,0.043875325776305714,11.105579440406045,10.618990615976902,1.8636466907660791,0.04971670873662992,0.0,0.0011704669147609046,0.04554687876333554,0.0,0.01190848778997231,37.614409195254424,1.0,0.3255813953488371,0.07001530203298428,-0.02864258454301229,0.35535237348568477,0.033692920805685346,0.3410042859925969,0.0,0.3889148117788007,-0.007394455807640484,0.24574587192751896,Insurance—Diversified,Financial Services,ACGLN
2012Q1,2012,Q1,2012-05-10,2012-03-31,164256000.0,815008000.0,0.0,0.43,815008000.0,1.0,17812783000.0,4839456000.0,0.0,0.0,12973327000.0,0.0,4954450000.0,9356095300.0,9672840300.0,12.931291967494175,0.0,0.04151799300536025,0.15281696951062268,0.0,12.931291967494175,0.033941004939398146,11.479758848992894,14.240111928940191,1.933294837270966,0.03933494058055718,0.0,0.0006905658603114057,0.04575410815929212,0.0,0.009221242969164335,67.63947644281862,1.0,0.16216216216216217,-0.19879811913448966,-0.05206717114032284,0.2791464068333128,0.09005796643991901,0.1464626723993523,0.0,0.12250392947447551,0.08603584815902089,0.3330380487417903,Insurance—Diversified,Financial Services,ACGLN
2011Q4,2011,Q4,2012-02-29,2011-12-31,143272000.0,747674000.0,0.0,0.37,747674000.0,1.0,17141769000.0,4628486000.0,0.0,0.0,12513283000.0,0.0,4833067000.0,9356095300.0,9714882300.0,12.367568551808146,0.0,0.04144764755609529,0.15350289489910957,0.0,12.367568551808146,0.03095439847932996,12.513602586153858,16.325756777318666,2.0214159230469746,0.04509604109665531,0.0,0.0006905658603114057,0.04361708526115362,0.0,0.008358063861436938,88.11542004143907,1.0,-0.15909090909090912,-0.41697492054578233,-0.17179186960889978,0.28904960398193175,-0.02263942284439204,-0.15217648590432456,0.0,2.049527144332691,0.39776708431014035,0.34824736051780325,Insurance—Diversified,Financial Services,ACGLN
2011Q3,2011,Q3,2011-11-08,2011-09-30,168988000.0,764993000.0,0.0,0.44,764993000.0,1.0,17430028000.0,4474371000.0,0.0,0.0,12955657000.0,0.0,4696256000.0,9356095300.0,9800337300.0,11.955764815691863,0.0,0.04670887505172109,0.18195563130549522,0.0,11.955764815691863,0.03776799018230719,12.230301845899243,13.8413604812176,2.0910414670576043,0.038233484034369304,0.0,0.0006905658603114057,0.043889372983221826,0.0,0.009695222520583444,30.501115906971894,1.0,0.6923076923076923,-0.12121810939271327,-0.10037760966379687,0.3371303211446608,-0.013635168031687744,0.7183705842874866,0.0,4.144074761803294,0.024362646441679674,0.27231730793838566,Insurance—Diversified,Financial Services,ACGLN
2011Q2,2011,Q2,2011-08-05,2011-06-30,98342000.0,775568000.0,0.0,0.26,775568000.0,1.0,17213806000.0,4441269000.0,0.0,0.0,12772537000.0,0.0,4533729000.0,9356095300.0,9763535300.0,11.867314455422445,0.0,0.04754561542055255,0.18428088908823131,0.0,11.867314455422445,0.022142770455921494,12.063539625152147,23.784586697443615,2.1066265745218313,0.06569929429948547,0.0,0.0006905658603114057,0.04505499829613509,0.0,0.005712972482668853,42.9768136113293,1.0,2.8805970149253732,-0.311749844282545,-0.097357018408578,0.4726767204504306,0.0006399405474588168,2.818217114458767,0.0,-0.5051800566560835,-0.07219274687019606,0.142821081494599,Insurance—Diversified,Financial Services,ACGLN
2011Q1,2011,Q1,2011-05-09,2011-03-31,25756000.0,775072000.0,0.0,0.067,775072000.0,1.0,17191966000.0,4325535000.0,0.0,0.0,12866431000.0,0.0,4441848000.0,9356095300.0,9771440300.0,11.558066857228356,0.0,0.0478259438158498,0.19008561946672492,0.0,11.558066857228356,0.005954407951848731,12.071259573304157,90.81471598850753,2.1629914681074136,0.2508541699021587,0.0,0.0006905658603114057,0.045083383715393575,0.0,0.001498141631969258,43.21562000572754,1.0,-0.8901639344262294,-0.8053065235467534,-0.0776784407430723,0.5731769588813312,-0.061102611345914604,-0.8899842810278841,0.0,-0.8685133472532073,-0.08728404496975378,0.08015669199789031,Insurance—Diversified,Financial Services,ACGLN
2010Q4,2010,Q4,2011-02-28,2010-12-31,234112000.0,825513000.0,0.0,0.61,825513000.0,1.0,15770792000.0,4513003000.0,0.0,0.0,11257789000.0,0.0,4422553000.0,9356095300.0,9719125300.0,12.058991639386145,0.0,0.04601988283150269,0.16081753103199797,0.0,12.058991639386145,0.05187499321405282,11.333674091140903,9.991046272724166,2.073141830395415,0.02759790185893931,0.0,0.0006905658603114057,0.05234442252488017,0.0,0.014844657135798887,65.44554630665921,1.0,0.564102564102564,1.3203988383733265,0.008818314132888038,0.8193726575038289,0.035318153086717034,0.5815065763252292,0.0,-0.028056628056628116,-0.038085616605958085,0.11823943192582607,Insurance—Diversified,Financial Services,ACGLN
2010Q3,2010,Q3,2010-11-08,2010-09-30,148031000.0,797352000.0,0.0,0.39,797352000.0,1.0,17701397000.0,4717910000.0,0.0,0.0,12983487000.0,0.0,4194902000.0,9356095300.0,9746895300.0,12.6065143864022,0.0,0.04275351826751301,0.16040937618564152,0.0,12.6065143864022,0.031376393360619426,11.733958527726776,15.80090538468294,1.983101691214966,0.043646263282690785,0.0,0.0006905658603114057,0.04504458037972935,0.0,0.008362673296350565,35.282986201460936,1.0,-0.38095238095238093,2.715485971885828,-0.00205383526513992,1.0063141842484749,0.027098536032409526,-0.3919474555454691,0.0,-0.2821207918295298,-0.08050504922373304,0.21758957570658588,Insurance—Diversified,Financial Services,ACGLN
2010Q2,2010,Q2,2010-08-05,2010-06-30,243451000.0,776315000.0,0.0,0.63,776315000.0,1.0,16777399000.0,4398003000.0,0.0,0.0,12379396000.0,0.0,4053332000.0,9356095300.0,9775839300.0,11.751705329465809,0.0,0.04537133556876129,0.17308150994894728,0.0,11.751705329465809,0.055354896301798795,12.051931625693179,9.60778072384176,2.1273508226347277,0.026539221444972498,0.0,0.0006905658603114057,0.04627147509575233,0.0,0.014510652098099354,46.90783126187599,1.0,0.1249999999999999,0.9322734776811226,-0.025564779924737865,0.7568175499482303,-0.0811611493608021,0.12192503018516641,0.0,0.1826334070097883,-0.10491635055516484,0.18734434339335654,Insurance—Diversified,Financial Services,ACGLN
2010Q1,2010,Q1,2010-05-07,2010-03-31,216994000.0,844887000.0,0.0,0.56,844887000.0,1.0,16935106000.0,4378757000.0,0.0,0.0,12556349000.0,0.0,3816342000.0,9356095300.0,9764133300.0,11.700278961459489,0.0,0.04409455718789124,0.17053835140885873,0.0,11.700278961459489,0.04955607264801404,11.07378300293412,10.779209678608627,2.13670119168522,0.029775016820741587,0.0,0.0006905658603114057,0.049889678871806294,0.0,0.012813264942067679,51.176541406848266,1.0,-0.26315789473684204,0.87238118248024,0.12119852910927773,0.9130699770715954,-0.08780190237635094,-0.2547182447957631,0.0,0.05844535929604119,-0.017315015341240733,0.1573762181010048,Insurance—Diversified,Financial Services,ACGLN
2009Q4,2009,Q4,2010-02-26,2009-12-31,291157000.0,926210000.0,0.0,0.76,926210000.0,1.0,15375790000.0,4323349000.0,0.0,0.0,11052441000.0,0.0,3605809000.0,9356095300.0,9639089300.0,11.552225745285002,0.0,0.04016476551773925,0.14284412384935846,0.0,11.552225745285002,0.06734524554922584,10.101483788773605,8.033548308987934,2.164085134001442,0.022190776797397966,0.0,0.0006905658603114057,0.060238205646669214,0.0,0.01893606767522189,51.95348500161034,1.0,0.04109589041095894,1.717715363146743,0.14588114487903536,0.9284256342594203,-0.051233066147660634,0.03663286668470598,0.0,0.18482210800890378,0.025974759653994824,0.20406787798983955,Insurance—Diversified,Financial Services,ACGLN
2009Q3,2009,Q3,2009-11-09,2009-09-30,280868000.0,976225000.0,0.0,0.73,976225000.0,1.0,17183154000.0,4460822000.0,0.0,0.0,12722332000.0,0.0,3321113000.0,9356095300.0,9590789300.0,11.919561144273509,0.0,0.03607271400815008,0.13895264146383782,0.0,11.919561144273509,0.06296328344865587,9.583953801633845,8.327840213196234,2.097392655434357,0.023003688565447114,0.0,0.0006905658603114057,0.05681291106394088,0.0,0.016345544013631023,32.70767308041894,1.0,0.7804878048780488,14.578678795274282,0.22701294979581738,1.0958038087738797,0.1501995890398047,0.7710322214515417,0.0,0.46058721359556537,0.1480286329495302,0.333081309848729,Insurance—Diversified,Financial Services,ACGLN
2009Q2,2009,Q2,2009-08-07,2009-06-30,158590000.0,848744000.0,0.0,0.41,848744000.0,1.0,16641935000.0,4029968000.0,0.0,0.0,12611967000.0,0.0,3046706000.0,9356095300.0,9419402300.0,10.768295615800323,0.0,0.024035666525557275,0.09925637126647159,0.0,10.768295615800323,0.03935266979787433,11.023459724015723,14.748873352670408,2.321630171753225,0.040740273661643234,0.0,0.0006905658603114057,0.05100031937391896,0.0,0.00952954088572032,42.552850775458225,1.0,0.07894736842105256,0.520780192171228,0.12594188440557805,0.9778945219248653,0.1309906282022752,0.08378322968632543,0.0,0.10989803131145591,-0.012191303963250327,0.33629376148127516,Insurance—Diversified,Financial Services,ACGLN
2009Q1,2009,Q1,2009-05-11,2009-03-31,146330000.0,750443000.0,0.0,0.38,750443000.0,1.0,16092287000.0,3630396000.0,0.0,0.0,12461891000.0,0.0,2894577000.0,9356095300.0,9512058300.0,9.700617307735204,0.0,0.02485662852023457,0.11018081773999311,0.0,9.700617307735204,0.04030689764973298,12.46742963822702,15.984581596391719,2.5771555775182655,0.04415362536732044,0.0,0.0006905658603114057,0.04663370719152598,0.0,0.009093176128414811,32.581925155664514,1.0,2.055555555555556,0.6732033617288891,0.005502883419800112,0.805990159173454,0.4029436947800174,2.071928269516742,0.0,0.1061304709350668,-0.10698650203665393,0.3203581380834855,Insurance—Diversified,Financial Services,ACGLN
2008Q4,2008,Q4,2009-03-02,2008-12-31,-136511000.0,534906000.0,0.0,-0.36,534906000.0,1.0,14616545000.0,3432965000.0,0.0,0.0,11183580000.0,0.0,2693239000.0,9356095300.0,9504356300.0,9.17307084291884,0.0,0.02736624831654813,0.11651735453172403,0.0,9.17307084291884,-0.03976475146120045,17.49110180106411,-17.13432488956934,2.7253686827567427,-0.04732951923288233,0.0,0.0006905658603114057,0.03659592605502874,0.0,-0.009339484809850754,57.2742678567056,1.0,-5.2105263157894735,-2.6302935486182437,-0.2600532855257588,1.0067263722074036,-0.2837349808984747,-5.155459498949804,0.0,-2.3530274647398732,-0.34631802389596933,0.3839659878727382,Insurance—Diversified,Financial Services,ACGLN
2008Q3,2008,Q3,2008-11-10,2008-09-30,32851000.0,746799000.0,0.0,0.0855,746799000.0,1.0,16093048000.0,3516710000.0,0.0,0.0,12576338000.0,0.0,2836211000.0,9356095300.0,9516998300.0,9.396842077912567,0.0,0.024855453112424694,0.11374267426088588,0.0,9.396842077912567,0.009341401480360905,12.52826436564591,71.20099312045296,2.6604682501542634,0.19667590027700832,0.0,0.0006905658603114057,0.046405068822264126,0.0,0.002041316225490659,24.59431439709582,1.0,-0.835576923076923,-0.6022255318633684,0.15442905306701665,1.149264257849862,-0.10660892554865029,-0.8347061280145716,0.0,1.3807001888957133,-0.06532472750074146,0.49549803936244086,Insurance—Diversified,Financial Services,ACGLN
2008Q2,2008,Q2,2008-08-08,2008-06-30,198743000.0,835915000.0,0.0,0.52,835915000.0,1.0,16281502000.0,3886233000.0,0.0,0.0,12395269000.0,0.0,2809821000.0,9356095300.0,9509551300.0,10.384227809222935,0.0,0.02456775793781188,0.10292743641464626,0.0,10.384227809222935,0.05114026873839011,11.192639562634957,11.76908784208752,2.407497260200302,0.0325093210830067,0.0,0.0006905658603114057,0.051341393441465044,0.0,0.012206674789586366,36.78809432063038,1.0,0.01960784313725492,2.216738961543441,0.5536356168151692,1.4810884213026276,-0.015636021493347214,0.014600552370547725,0.0,0.5774255508286239,0.04924549569338828,0.5523869214250106,Insurance—Diversified,Financial Services,ACGLN
2008Q1,2008,Q1,2008-05-08,2008-03-31,195883000.0,849193000.0,0.0,0.51,849193000.0,1.0,16354475000.0,4004544000.0,0.0,0.0,12349931000.0,0.0,2617539000.0,9356095300.0,9397415300.0,10.700361292814108,0.0,0.018343603203404574,0.0749148966773745,0.0,10.700361292814108,0.04891518235284716,11.017631209866309,11.940923025479497,2.336369709010564,0.03298397512801009,0.0,0.0006905658603114057,0.051924198117029134,0.0,0.011977333420974992,28.22351523378582,1.0,-0.19047619047619047,2.7320999885683803,0.9481237798317516,1.704680135999103,-0.01049291655305652,-0.1867687964462158,0.0,0.6902202050184653,0.1269127617419784,0.7495770827799293,Insurance—Diversified,Financial Services,ACGLN
2007Q4,2007,Q4,2008-02-29,2007-12-31,240870000.0,858198000.0,0.0,0.63,858198000.0,1.0,15624267000.0,4035811000.0,0.0,0.0,11588456000.0,0.0,2428117000.0,9356095300.0,9416180300.0,10.783908432399144,0.0,0.019200900752656107,0.07433450178910757,0.0,10.783908432399144,0.059683171486474465,10.90202412496883,9.710731203553783,2.3182689427230363,0.026823597791339727,0.0,0.0006905658603114057,0.054927248747093226,0.0,0.01541640321430759,29.46996588750752,1.0,0.1666666666666666,4.5358415113419595,1.807679095468509,1.8597542310188742,-0.010338310098562785,0.1681037409192749,0.0,1.2483268460698387,0.061738597912890575,0.8001695878417738,Insurance—Diversified,Financial Services,ACGLN
2007Q3,2007,Q3,2007-11-09,2007-09-30,206206000.0,867163000.0,0.0,0.54,867163000.0,1.0,15464002000.0,3874795000.0,0.0,0.0,11589207000.0,0.0,2193708000.0,9356095300.0,9405291300.0,10.353664845632771,0.0,0.019399894024845574,0.07742345078900949,0.0,10.353664845632771,0.05321726697799496,10.78931561886289,11.343141445932707,2.4146039467894433,0.03133274492497794,0.0,0.0006905658603114057,0.05607623434089054,0.0,0.01333458182429102,22.119683622711452,1.0,0.0,27.70716228467815,3.318368790088044,0.0,-0.00016948957120291476,0.0017050836754025891,0.0,10.43746186699207,0.08993339709983907,0.8204739214472099,Insurance—Diversified,Financial Services,ACGLN
2007Q2,2007,Q2,2007-08-08,2007-06-30,205855000.0,867310000.0,0.0,0.54,867310000.0,1.0,15293768000.0,3704067000.0,0.0,0.0,11589701000.0,0.0,1993963000.0,9356095300.0,9410952300.0,9.89747026197991,0.0,0.01961583306350665,0.08099205548927706,0.0,9.89747026197991,0.05557539860915043,10.787486942385076,11.36248245123995,2.5258979656685474,0.031386169876855066,0.0,0.0006905658603114057,0.05671002724769985,0.0,0.013460057717627207,34.77947191946828,1.0,0.018867924528301903,9.707115364610425,5.386342382940497,0.0,0.008765094082863635,0.004111954422180165,0.0,0.9740223624403062,0.15057149831256758,0.817943424896344,Insurance—Diversified,Financial Services,ACGLN
2007Q1,2007,Q1,2007-03-31,2007-03-31,205012000.0,859774000.0,0.0,0.53,859774000.0,1.0,14961871000.0,3783348000.0,0.0,0.0,11178523000.0,0.0,1794569000.0,9356095300.0,9430846300.0,10.109313444038989,0.0,0.020050968224495452,0.07929484678649704,0.0,10.109313444038989,0.05418798376464443,10.882040280352744,11.409204461202272,2.4729671444445502,0.0315152283768755,0.0,0.0006905658603114057,0.05746433718082451,0.0,0.013702296992134206,23.449271791735693,1.0,-0.17187499999999997,50.692385274836106,9.801045212999835,0.0,-0.047617254179123825,-0.1657327489735044,0.0,1.3441998742210277,0.15199320413325898,0.8820782241740485,Insurance—Diversified,Financial Services,ACGLN
