Quarters,Year,Quarter,FillingDate,Date,NetIncome,Revenue,OperatingIncome,EPSDiluted,GrossProfit,GrossProfitRatio,TotalAssets,CommonStockEquity,CurrentAssets,CurrentLiability,TotalLiability,Inventory,RetainedEarnings,MarketCap,EnterpriseValue,bookValuePerShare,currentRatio,debtToAssets,debtToEquity,roic,shareholdersEquityPerShare,roe,priceToSalesRatio,peRatio,pbRatio,payoutRatio,inventoryTurnover,dividendYield,assetTurnover,quickRatio,returnOnAssets,priceToFreeCashFlowsRatio,grossProfitMargin,epsdilutedGrowth,fiveYNetIncomeGrowthPerShare,fiveYRevenueGrowthPerShare,fiveYShareholdersEquityGrowthPerShare,grossProfitGrowth,netIncomeGrowth,operatingIncomeGrowth,threeYNetIncomeGrowthPerShare,threeYRevenueGrowthPerShare,threeYShareholdersEquityGrowthPerShare,Industry,Sector,Symbol
2024Q1,2024,Q1,2023-06-08,2023-04-29,848000.0,35419000.0,406000.0,0.11,12385000.0,0.3496710805,139196000.0,85474000.0,80502000.0,37431000.0,53722000.0,53126000.0,60023000.0,108411670.30000001,133257670.30000001,11.597667820454197,2.1506772461328847,0.21738412023334003,0.35401408615485414,0.0028821690552278834,11.597667820454197,0.009921145611530992,3.060833741777013,31.960987706367927,1.2683584516929125,0.0,0.4335730150961864,0.0,0.25445415098135005,0.6598274157783656,0.006092129084169086,41.79324221279877,0.3496710804935204,-0.38888888888888884,-0.040489088020068696,0.036056600740496825,0.2180870983327106,-0.0867866096445952,-0.37784299339691857,-0.5422773393461104,0.8838763783424044,0.09938840256480252,0.1462830062613193,Computer Hardware,Technology,ALOT
2023Q4,2023,Q4,2023-04-17,2023-01-31,1363000.0,39853000.0,887000.0,0.18,13562000.0,0.3403006047,138510000.0,84367000.0,79762000.0,37398000.0,54143000.0,51324000.0,59175000.0,97122500.0,123296500.0,11.509822646657572,2.1327878496176265,0.21745722330517653,0.35701162776915146,0.006074589697474649,11.509822646657572,0.01615560586485237,2.4370185431460616,17.81410491562729,1.151190631408015,0.0,0.5122554750214324,0.0,0.2877265179409429,0.6830311781378683,0.009840444733232258,21.525376773049647,0.3403006047223546,3.4999999999999996,0.9948778567509007,0.12197806342332429,0.2202976294192232,0.08652459541740105,3.716262975778547,-0.3410104011887073,1.9727473334297447,0.25885714168058005,0.13800095856339725,Computer Hardware,Technology,ALOT
2023Q3,2023,Q3,2022-12-07,2022-10-29,289000.0,39405000.0,1346000.0,0.04,12482000.0,0.3167618323,139829000.0,81328000.0,81089000.0,41443000.0,58501000.0,49992000.0,57812000.0,87486243.105,117972243.105,11.1041796460966,1.9566392394372993,0.25017700190947517,0.4301347629352744,0.008513345586320309,11.1041796460966,0.0035535117056856185,2.220181274076894,75.68014109429066,1.0757210690660044,0.0,0.5385461673867818,0.0,0.28180849466133634,0.6373814636971262,0.0020668101752855275,-23.67692641542625,0.31676183225479,-0.5,-0.8129946105823744,0.25805933823315025,0.19980090167094525,0.09664382358109296,-0.5051369863013698,2.878962536023055,-0.39020528157513046,0.13794970195631706,0.07262420964241005,Computer Hardware,Technology,ALOT
2023Q2,2023,Q2,2022-09-08,2022-07-30,584000.0,32259000.0,347000.0,0.08,11382000.0,0.3528317679,116298000.0,81096000.0,67662000.0,22521000.0,35202000.0,41727000.0,57523000.0,88813049.4,98572049.4,11.094275071699093,3.0043958971626483,0.12075874047705033,0.1731774686790964,0.0026319060975469742,11.094275071699093,0.007201341619808622,2.7531246907839675,38.01928484589042,1.0951594332642793,0.0,0.5003235315263499,0.0,0.27738224217097457,0.962079836596954,0.005021582486371219,-38.31451656600518,0.3528317678787315,0.3333333333333334,-0.26073633670782564,0.08020873898767678,0.22724443214036358,0.06086308136825427,0.37411764705882355,-0.5458115183246073,-0.4101646470355966,-0.07419481370437894,0.08052526465430201,Computer Hardware,Technology,ALOT
2023Q1,2023,Q1,2022-06-08,2022-04-30,425000.0,31010000.0,764000.0,0.06,10729000.0,0.3459851661,115176000.0,80696000.0,65390000.0,21400000.0,34480000.0,36859000.0,56939000.0,98304060.0,105168060.0,11.057275966018087,3.055607476635514,0.10955407376536778,0.15636462773867355,0.007120509413567826,11.057275966018087,0.0052666798850004954,3.170076104482425,57.82591764705883,1.2182023892138396,0.0,0.5502319650560243,0.0,0.2692401194693339,1.1307476635514018,0.0036900048621240538,-59.076959134615386,0.34598516607545954,1.5999999999999999,-0.14922110509728698,0.2995068239755799,0.16918892035362307,0.10029740539431853,1.5606860158311346,4.365638766519824,-0.7612016990956427,-0.18132331212027078,0.07632963888502363,Computer Hardware,Technology,ALOT
2022Q4,2022,Q4,2022-04-18,2022-01-31,-758000.0,29700000.0,-227000.0,-0.1,9751000.0,0.3283164983,114955000.0,81012000.0,63778000.0,20035000.0,33943000.0,34609000.0,56514000.0,99436380.0,104449380.0,11.194141218737046,3.1833291739455953,0.08950458875212039,0.12700587567273985,-0.004136579783730244,11.194141218737046,-0.009356638522687998,3.3480262626262625,-32.795639841688654,1.2274277884757814,0.0,0.5764107602068826,0.0,0.25836196772650166,1.2745195907162465,-0.006593884563524857,-36.250958804228944,0.32831649831649834,-0.7006802721088436,-2.019127945825262,0.1937281741431423,0.18436956371031632,-0.06104959075589793,-0.7835294117647059,0.5107758620689655,-1.315581803200413,-0.23314612033146453,0.11420008261022986,Computer Hardware,Technology,ALOT
2022Q3,2022,Q3,2021-12-09,2021-10-30,-425000.0,28857000.0,-464000.0,-0.0588,10385000.0,0.3598780192,115622000.0,82182000.0,63190000.0,18513000.0,33440000.0,31661000.0,57272000.0,119361000.0,120795000.0,11.36051976776334,3.4132771565926645,0.08788119907975991,0.12364021318536905,-0.0035335289520286,11.36051976776334,-0.005171448735732886,4.136292753924525,-70.21235294117648,1.452398335401913,0.0,0.5834307191813272,0.0,0.24958052965698568,1.3546156754712904,-0.003675771047032572,-59.98040201005025,0.35987801919811485,-1.06125,-1.379963138639406,0.272157769813228,0.20807561428573895,-0.18331236237810633,-1.0605499358883033,-1.13441483198146,-1.2871179556899135,-0.19217526957496212,0.1670958846392287,Computer Hardware,Technology,ALOT
2022Q2,2022,Q2,2021-09-14,2021-07-31,7019000.0,29845000.0,3452000.0,0.96,12716000.0,0.426068018093483,115234000.0,82577000.0,61399000.0,16937000.0,32657000.0,29090000.0,57697000.0,115704450.0,114738450.0,11.454709391038978,3.6251402255417133,0.09045073502612076,0.12622158712474418,0.03343053206199416,11.454709391038978,0.08499945505407075,3.8768453677332886,4.121115899700812,1.4011704227569421,0.0,0.5888277758679958,0.0,0.25899474113542875,1.5936706618645569,0.06091084228613083,119.77686335403726,0.426068018093483,11.0,4.590163783059273,0.21197570788902587,0.22563804325419956,0.16789125642909625,10.836424957841484,3.6965986394557824,4.593968362178953,-0.1599327776187189,0.19990389724113422,Computer Hardware,Technology,ALOT
2022Q1,2022,Q1,2021-06-10,2021-05-01,593000.0,29078000.0,735000.0,0.08,10888000.0,0.37444115826397967,112056000.0,75533000.0,58209000.0,15441000.0,36523000.0,29474000.0,50678000.0,104745700.0,108433700.0,10.571448565430371,3.769768797357684,0.1347718997644035,0.19993909946645838,0.012998107967186635,10.571448565430371,0.007850873128301537,3.6022319279180137,44.159232715008436,1.3867541339546954,0.0,0.6171541019203366,0.0,0.2594952523738131,1.7267664011398225,0.005291996858713501,31.127994056463596,0.37444115826397967,-0.3333333333333333,-0.40070858036014123,0.24200936981452223,0.13597450922155363,-0.008649731403077484,-0.2915173237753883,-0.3597560975609756,-0.3078983430278042,-0.12265006431947897,0.11030470156492896,Computer Hardware,Technology,ALOT
2021Q4,2021,Q4,2021-04-13,2021-01-31,837000.0,29438000.0,1148000.0,0.12,10983000.0,0.37308920442964877,115473000.0,74683000.0,60721000.0,20968000.0,40790000.0,30060000.0,50085000.0,76796720.0,83651720.0,10.483295901179114,2.89588897367417,0.15842664518978464,0.24495534458979956,0.007521996930347387,10.483295901179114,0.011207369816424086,2.6087614647734223,22.938088410991636,1.028302558815259,0.0,0.6139387890884896,0.0,0.2549340538480857,1.3760969095764974,0.007248447689070172,22.64054245283019,0.37308920442964877,70.85628742514969,0.03868124893196308,0.2730068978838277,0.13899820397831641,0.12819722650231125,68.75,1.7529976019184652,0.2604510247275383,-0.14726966776387512,0.11146292427226207,Computer Hardware,Technology,ALOT
2021Q3,2021,Q3,2020-12-09,2020-10-31,12000.0,28017000.0,417000.0,0.00167,9735000.0,0.3474676089517079,113309000.0,73038000.0,58902000.0,18499000.0,40271000.0,30868000.0,49248000.0,56248000.0,65644000.0,10.25814606741573,3.1840640034596466,0.16767423593889277,0.2601248665078452,-0.002686221038843916,10.25814606741573,0.00016429803663846218,2.007638219652354,1171.8333333333333,0.7701196637366851,0.0,0.5922638330957626,0.0,0.247261912116425,1.3657494999729716,0.00010590509138726845,35.111111111111114,0.3474676089517079,2.966745843230404,-0.9906785869444847,0.15968246613621234,0.12346943448779826,-0.005313170532338817,3.0,1.0441176470588236,-0.9920124949521344,-0.07987878666531234,0.10838740847318089,Computer Hardware,Technology,ALOT
2021Q2,2021,Q2,2020-09-09,2020-08-01,3000.0,27658000.0,204000.0,0.000421,9787000.0,0.35385783498445295,116479000.0,72557000.0,61318000.0,20229000.0,43922000.0,32368000.0,49236000.0,48882400.0,61096400.0,10.21210415200563,3.031192841959563,0.20131525854445867,0.3231803961023747,1.164560284110082e-05,10.21210415200563,4.134680320299902e-05,1.7673873743582327,4073.5333333333333,0.6737103242967598,0.0,0.5521193771626297,0.0,0.23745052756290833,1.28780463690741,2.5755715622558573e-05,9.456838846972335,0.35385783498445295,-0.9929833333333333,-0.9973689664812547,0.18353438148244686,0.1368129524510464,-0.09838783970520497,-0.9930555555555556,-0.6923076923076923,-0.996092993000454,-0.047173165175641914,0.1296590250368655,Computer Hardware,Technology,ALOT
2021Q1,2021,Q1,2020-06-26,2020-05-02,432000.0,30919000.0,663000.0,0.06,10855000.0,0.3510786247938161,120000000.0,71562000.0,64610000.0,31935000.0,48438000.0,32557000.0,49233000.0,48591510.0,63526510.0,10.117630425561996,2.0231720682636607,0.21688333333333334,0.3636846370979011,0.009197129063320882,10.117630425561996,0.006036723400687516,1.5715744364306736,28.120086805555555,0.6790127441938459,1.150462962962963,0.616272998126363,0.010228124213468566,0.2576583333333333,0.9257554407390011,0.0036,17.391377952755906,0.3510786247938161,1.3157894736842106,-0.6328298855290287,0.4331208848768098,0.14229539706411706,0.05954123962908736,1.3202372127501854,1.4030395136778115,-0.10769828926905131,0.3369108206826008,0.06983143318071437,Computer Hardware,Technology,ALOT
2020Q4,2020,Q4,2020-04-10,2020-01-31,-1349000.0,30479000.0,-1645000.0,-0.19,10245000.0,0.33613307523212704,116664000.0,71375000.0,60151000.0,26767000.0,45289000.0,33925000.0,49298000.0,87789080.0,104658080.0,10.11407113504322,2.247207382224381,0.1810155660700816,0.2958739054290718,-0.012271030854956753,10.11407113504322,-0.01890017513134851,2.8803136585845994,-16.269288361749442,1.2299695971978983,-0.3669384729429207,0.5964333087693442,0.005638514494057803,0.26125454296098194,0.897859304367318,-0.011563121442775834,50.10792237442922,0.33613307523212704,-4.166666666666667,-3.6069836270203135,0.4518563032498847,0.18146925337163083,-0.16686996828494755,-3.9583333333333335,-4.680089485458613,-2.859987004682859,0.2562849698612542,0.07009530999089211,Computer Hardware,Technology,ALOT
2020Q3,2020,Q3,2019-12-10,2019-11-02,456000.0,33318000.0,447000.0,0.06,12297000.0,0.36907977669728076,121365000.0,72953000.0,65215000.0,27853000.0,48412000.0,35594000.0,51142000.0,114443279.99999999,131945279.99999999,10.352348517099475,2.341399490180591,0.18102418324887734,0.3011527970062917,0.01013028291704556,10.352348517099475,0.00625059970117747,3.434878444084278,62.743026315789464,1.568726166161775,1.0855263157894737,0.5905770635500365,0.004325286727189225,0.27452725250278087,0.9536495171076724,0.003757261154369052,-126.03885462555064,0.36907977669728076,-0.5384615384615385,-0.6783306572270612,0.5795999077293557,0.141629394504379,0.026717875928863655,-0.5205047318611987,-0.6156491831470335,-0.5815037102872769,0.5077972680754701,0.10086686610794686,Computer Hardware,Technology,ALOT
2020Q2,2020,Q2,2019-09-09,2019-08-03,951000.0,33468000.0,1163000.0,0.13,11977000.0,0.35786422851679217,121680000.0,72088000.0,65041000.0,26880000.0,49592000.0,36854000.0,51180000.0,163589300.0,179249300.0,10.267483264492238,2.4196800595238095,0.16586949375410914,0.2799772500277439,0.012053021774737556,10.267483264492238,0.013192209521695706,4.887931755706944,43.00454784437434,2.269300022195095,0.5184016824395373,0.583138872306941,0.003013644535431107,0.27504930966469426,0.9348214285714286,0.007815581854043392,-176.47173678532903,0.35786422851679217,-0.43478260869565216,-0.2728133171416561,0.6419455115574574,0.14272678911960543,-0.15885947046843177,-0.44058823529411767,-0.5287682333873582,-0.22231117351175128,0.3954945501034178,0.09860649169171803,Computer Hardware,Technology,ALOT
2020Q1,2020,Q1,2019-06-11,2019-05-04,1700000.0,36181000.0,2468000.0,0.23,14239000.0,0.3935491003565407,117939000.0,71614000.0,60980000.0,22326000.0,46325000.0,32043000.0,50722000.0,174902390.0,188620390.0,10.273131544972028,2.7313446206216967,0.1652294830378416,0.272111598290837,0.0215819381666875,10.273131544972028,0.023738375178037813,4.834094966971615,25.72093970588235,2.4422932666796995,0.2876470588235294,0.684767343881659,0.0027958451568329055,0.30677723229805237,1.2424527456776853,0.01441423108556118,436.16556109725684,0.3935491003565407,-0.28125,0.6418392329909345,0.8990486408662982,0.1468404546077485,-0.023522150596625976,-0.26247288503253796,-0.15739160122908843,0.7609192379645437,0.5839740285656981,0.10391830341303522,Computer Hardware,Technology,ALOT
2019Q4,2019,Q4,2019-04-10,2019-01-31,2305000.0,37167000.0,2929000.0,0.32,14582000.0,0.3923372884548121,118983000.0,69775000.0,62608000.0,24665000.0,49208000.0,30161000.0,49511000.0,138761100.0,150805100.0,10.046796256299496,2.5383336711939997,0.16454451476261314,0.28058760300967395,0.026633106590837896,10.046796256299496,0.03303475456825511,3.7334490273629832,15.050010845986986,1.9886936581870298,0.21127982646420823,0.748814694472995,0.0035096291395787437,0.3123723557146819,1.2576525440908168,0.01937251540135986,101.73101173020528,0.3923372884548121,0.6,0.34616125701866296,1.2729446748579503,0.135984468767043,0.048461317227494964,0.6266760762173607,0.24005080440304827,1.9341304869523483,0.6486619860866077,0.09157301287032357,Computer Hardware,Technology,ALOT
2019Q3,2019,Q3,2018-12-04,2018-10-27,1417000.0,34196000.0,2362000.0,0.2,13908000.0,0.40671423558310915,116056000.0,67408000.0,59877000.0,21891000.0,48648000.0,28330000.0,47693000.0,133133125.00000001,146001125.0,9.734007220216606,2.7352336576675347,0.17822430550768595,0.30684785188701635,0.020829960165249888,9.734007220216606,0.021021243769285543,3.893236782079776,23.488554163726185,1.9750344914550204,0.3429781227946366,0.7161313095658313,0.003650481426016252,0.29465085820638315,1.3490932346626467,0.012209622940649341,46.828394301793885,0.40671423558310915,0.1764705882352941,0.38322277105136254,1.034545275095257,0.12938911129149372,0.03798790954548847,0.18676716917922948,0.09099307159353348,0.13169806466445694,0.45530152710221033,0.06606588706451298,Computer Hardware,Technology,ALOT
2019Q2,2019,Q2,2018-09-05,2018-07-28,1194000.0,33807000.0,2165000.0,0.17,13399000.0,0.39633803650131627,117070000.0,65488000.0,60160000.0,22884000.0,51582000.0,28396000.0,46761000.0,125881000.00000001,141705000.0,9.546355685131195,2.62891102954029,0.18598274536602033,0.3324731248473003,0.017921286727047927,9.546355685131195,0.018232347911067676,3.723518797882096,26.3569932998325,1.9221994869289034,0.4036850921273032,0.7186927736300888,0.003829013115561522,0.28877594601520457,1.3108285264813844,0.01019902622362689,-153.88875305623475,0.39633803650131627,0.4166666666666668,0.8650623303508594,1.1376075490433135,0.11926930828027736,0.10644095788604459,0.4668304668304668,0.7114624505928854,0.08454960261991297,0.49832734807874685,0.06270173414070003,Computer Hardware,Technology,ALOT
2019Q1,2019,Q1,2018-06-06,2018-04-28,814000.0,31487000.0,1265000.0,0.12,12110000.0,0.3846031695620415,119643000.0,64630000.0,61049000.0,24239000.0,55013000.0,27697000.0,46034000.0,119129400.0,133678400.0,9.52121390689452,2.5186270060646065,0.17875680148441614,0.330914436020424,0.012031161539120786,9.52121390689452,0.012594770230543091,3.783447136913647,36.587653562653564,1.8432523595853318,0.5872235872235873,0.6996064555728058,0.004012443611736481,0.2631746111347927,1.325260943108214,0.006803573965881831,-44.88673700075358,0.3846031695620415,0.3333333333333333,2.9766356980023705,1.2170150690433785,0.1137779623968886,-0.042157715732025626,0.29411764705882354,-0.40638198029094325,-0.2791086616640722,0.5207243302932297,0.07495909247983286,Computer Hardware,Technology,ALOT
2018Q4,2018,Q4,2018-04-10,2018-01-31,629000.0,32700000.0,2131000.0,0.09,12643000.0,0.3866360856269113,122313000.0,63647000.0,63780000.0,25912000.0,58666000.0,27609000.0,45700000.0,91098000.0,104067000.0,9.43197984588026,2.4614078419265204,0.18923581303704431,0.363662073624837,0.008039370248141008,9.43197984588026,0.009882633902619134,2.7858715596330277,36.207472178060414,1.4313007683001557,0.753577106518283,0.726466007461335,0.005203187775801883,0.26734688871992346,1.3155294844087682,0.00514254412858813,72.18541996830427,0.3866360856269113,-0.5714285714285714,-0.9103389458317019,12.35674620963652,0.085231009727752,0.07198575546888249,-0.5567300916138126,0.30575980392156865,0.2712238811499703,0.6289798665613451,0.10179116179221939,Computer Hardware,Technology,ALOT
2018Q3,2018,Q3,2017-12-07,2017-10-28,1419000.0,28760000.0,1632000.0,0.21,11794000.0,0.4100834492350487,110320000.0,62240000.0,55323000.0,16901000.0,48080000.0,23658000.0,45543000.0,85407500.0,100042500.0,9.255018587360595,3.2733566061179813,0.20939992748368383,0.3711600257069409,0.016750578398555337,9.255018587360595,0.022798843187660667,2.969662726008345,15.04712825933756,1.3722284704370178,0.3333333333333333,0.7171358525657283,0.005538155314228845,0.2606961566352429,1.7520265073072598,0.012862581580855693,-194.99429223744292,0.4100834492350487,0.9090909090909091,0.190861346729419,0.5347128991924486,0.2032408649149405,0.14962471975826103,0.951856946354883,0.732484076433121,0.04891237045625703,0.42879210032756254,0.020618775397988592,Computer Hardware,Technology,ALOT
2018Q2,2018,Q2,2017-09-01,2017-07-29,727000.0,27483000.0,942000.0,0.11,10259000.0,0.3732853036422516,85942000.0,60812000.0,52833000.0,13720000.0,25130000.0,20269000.0,44597000.0,94514350.0,94451350.0,9.039988107625986,3.850801749271137,0.10199902259663494,0.14414918108268104,0.01027419640659818,9.039988107625986,0.011954877326843387,3.439011388858567,32.50149587345255,1.5542055844241267,0.6464924346629987,0.8497705856233657,0.004972789846197958,0.3197854366898606,2.2597667638483965,0.008459193409508738,51.76032311062431,0.3732853036422516,0.5714285714285713,-0.18527642366551605,0.5527952960600749,0.19331856895811886,0.10240704921555985,0.419921875,0.3323903818953324,-0.4198004919589216,0.4072480765516678,0.006111850177700348,Computer Hardware,Technology,ALOT
2018Q1,2018,Q1,2017-06-08,2017-04-29,512000.0,24458000.0,707000.0,0.07,9306000.0,0.38048900155368387,94140000.0,70740000.0,61777000.0,12344000.0,23400000.0,20336000.0,44341000.0,110704000.0,101112000.0,9.457219251336898,5.0046176279974075,0.09608030592734225,0.12786259541984732,0.006884663382613155,9.457219251336898,0.007237772123268306,4.526289966473137,54.0546875,1.5649420412779191,1.029296875,0.7450826121164438,0.00476044226044226,0.2598045464202252,3.2303143227478937,0.005438708306777141,-97.96814159292036,0.38048900155368387,-0.3,-0.39266796567421797,0.3176647486169513,0.2518448854917728,-0.07596067917783736,-0.3324641460234681,-0.3868169991326973,-0.5391653206898349,0.1963822141930808,0.05575613220261663,Computer Hardware,Technology,ALOT
2017Q4,2017,Q4,2017-04-07,2017-01-31,767000.0,25657000.0,1153000.0,0.1,10071000.0,0.39252445726312507,83665000.0,70537000.0,61423000.0,11985000.0,13128000.0,19506000.0,44358000.0,103473748.7,85375748.7,9.451561034436553,5.124989570296203,0.0,0.0,0.008093870820173925,9.451561034436553,0.010873725846009895,4.0329636629379895,33.72677597783572,1.466942862611112,0.681877444589309,0.7990361939915923,0.005054422078747013,0.3066634793521783,3.381143095536087,0.00916751329707763,-143.11721811894884,0.39252445726312507,-0.33333333333333326,-0.1069109596002465,0.249494772299184,0.26074072164480916,0.04460118244995333,-0.3336229365768897,-0.371319520174482,-0.5831494969510688,0.46014518207873717,0.06868162415372321,Computer Hardware,Technology,ALOT
2017Q3,2017,Q3,2016-12-13,2016-10-29,1151000.0,23342000.0,1834000.0,0.15,9641000.0,0.4130323022877217,82843000.0,70002000.0,60566000.0,11700000.0,12841000.0,19119000.0,44114000.0,108667512.0,90543512.0,9.403815153143471,5.176581196581196,0.0,0.0,0.016998499672436482,9.403815153143471,0.016442387360361133,4.655449918601662,23.602847958297133,1.5523486757521214,0.45438748913987836,0.7166169778754119,0.004812845995774707,0.28176188694277127,3.4342735042735044,0.013893750829883032,44.68236513157895,0.4130323022877217,-0.11764705882352951,0.4186025272037485,0.17610648316371136,0.25125155227704105,-0.06443474041727316,-0.10913312693498452,0.04919908466819222,0.045227954769862966,0.2919435209932016,0.09107854538059945,Computer Hardware,Technology,ALOT
2017Q2,2017,Q2,2016-09-13,2016-07-30,1292000.0,25339000.0,1748000.0,0.17,10305000.0,0.40668534669876477,80862000.0,69328000.0,58525000.0,10484000.0,11534000.0,17566000.0,43487000.0,117872020.0,102972020.0,9.34591534106228,5.582315909958031,0.0,0.0,0.018219135080602484,9.34591534106228,0.018636048926840527,4.651802359998421,22.808053405572757,1.7002079967689825,0.4024767801857585,0.8558579073209609,0.0044115643390178596,0.3133610348494967,3.732544830217474,0.015977838787069328,91.58665112665112,0.40668534669876477,0.21428571428571425,0.21455233038893537,0.22503757147182976,0.23874144456924398,0.08782856539638974,0.267909715407262,0.129928894634777,0.8663316629633416,0.481658439667753,0.0957685366081195,Computer Hardware,Technology,ALOT
2017Q1,2017,Q1,2016-06-06,2016-04-30,1019000.0,24110000.0,1547000.0,0.14,9473000.0,0.392907507258399,80737000.0,68474000.0,57672000.0,11175000.0,12263000.0,16559000.0,42714000.0,105587300.0,91053300.0,9.306061429736342,5.160805369127517,0.0,0.0,0.015399180393446704,9.306061429736342,0.014881560884423285,4.379398589796764,25.904636898920508,1.542005724800654,0.5063788027477919,0.8839301890210761,0.004886951366310153,0.2986239270718506,3.4424161073825505,0.012621226946753038,38.83313718278779,0.392907507258399,0.2727272727272728,1.3327526208916964,0.262611317892608,0.23917628309993816,0.0375684556407448,0.23067632850241546,0.9508196721311475,3.282750590088451,0.5660896572128347,0.08860973385406011,Computer Hardware,Technology,ALOT
2016Q4,2016,Q4,2016-04-08,2016-01-31,828000.0,23761000.0,793000.0,0.11,9130000.0,0.38424308741214597,77963000.0,67373000.0,54514000.0,9548000.0,10590000.0,14890000.0,42212000.0,112728000.0,102685000.0,9.20396174863388,5.709467951403435,0.0,0.0,0.008252161909346092,9.20396174863388,0.0122897896783578,4.744244770842978,34.036231884057976,1.673192525195553,0.6207729468599034,0.9826057756883815,0.004559648002270954,0.3047727768300348,3.779325513196481,0.010620422508112824,-80.17638691322902,0.38424308741214597,-0.38888888888888884,0.5911118536065526,0.3210449051489811,0.2320828064816797,-0.10066981875492514,-0.37225170583775585,-0.5734265734265734,-0.8911953328118803,7.947086344834838,0.05899555185418865,Computer Hardware,Technology,ALOT
2016Q3,2016,Q3,2015-12-11,2015-10-31,1319000.0,24753000.0,1859000.0,0.18,10152000.0,0.41013210519936977,79947000.0,66609000.0,59785000.0,12203000.0,13338000.0,15124000.0,41897000.0,98482500.0,87186500.0,9.130774503084304,4.899205113496681,0.0,0.0,0.016793867480041767,9.130774503084304,0.01980212884144785,3.9786086534965457,18.666129643669446,1.478516416700446,0.38817285822592873,0.9654192012695054,0.005198893204376411,0.30961762167435924,3.095222486273867,0.016498430210014136,30.7373595505618,0.41013210519936977,0.12499999999999993,0.673805837073958,0.3578117331340564,0.24028609812007165,0.031078610603290677,0.1292808219178082,0.013631406761177753,0.02044732506314692,0.21767978404485852,0.18708794658052103,Computer Hardware,Technology,ALOT
2016Q2,2016,Q2,2015-09-08,2015-08-01,1168000.0,23938000.0,1834000.0,0.16,9846000.0,0.41131255744005346,75396000.0,65379000.0,55513000.0,8873000.0,10017000.0,13937000.0,41091000.0,100654740.0,95598740.0,8.983099752679308,6.256395807505917,0.0,0.0,0.017662817701258295,8.983099752679308,0.017865063705471175,4.20480992564124,21.544250856164386,1.5395576561281143,0.4383561643835616,1.011121475209873,0.005086695370729684,0.3174969494402886,3.8265524625267666,0.015491538012626664,183.00861818181818,0.41131255744005346,0.0,2.629894662508873,0.3525971731112898,0.22167174044155039,0.09036544850498339,-0.03550784475639967,0.26657458563535913,0.2098404268722687,0.25010734814636776,0.18580905351328295,Computer Hardware,Technology,ALOT
2016Q1,2016,Q1,2015-05-29,2015-05-02,1211000.0,22206000.0,1448000.0,0.16,9030000.0,0.40664685220210756,74877000.0,64481000.0,62364000.0,9239000.0,10396000.0,14488000.0,40434000.0,102793600.0,93978600.0,8.85728021978022,6.750081177616625,0.0,0.0,0.0161679497030723,8.85728021978022,0.01878072610536437,4.62909123660272,21.220809248554914,1.5941688249251715,0.42113955408753095,0.90944229707344,0.004961398374996109,0.29656636884490567,4.230327957571165,0.016173190699413705,44.3458153580673,0.40664685220210756,1.2857142857142856,1.7827056827956729,0.2849839687117467,0.18518988850195173,0.049877921171956746,1.2261029411764706,0.8259773013871374,0.4759464124454157,0.2292056302071457,0.17243141433269535,Computer Hardware,Technology,ALOT
2015Q4,2015,Q4,2015-04-08,2015-01-31,544000.0,22070000.0,793000.0,0.07,8601000.0,0.3897145446307204,74330000.0,63511000.0,61918000.0,9569000.0,10819000.0,15582000.0,39735000.0,110914050.0,102956050.0,8.560587680280362,6.470686592120389,0.0,0.0,0.01173125762909606,8.560587680280362,0.008565445355922597,5.025557317625736,50.971530330882345,1.7463754310276958,0.9356617647058824,0.8643948145295854,0.00458913906759333,0.29691914435624917,3.936356986100951,0.00731871384367012,-135.0962850182704,0.3897145446307204,-0.65,-0.6948069221298966,0.31448070362894265,0.14429823629115177,-0.1527777777777778,-0.6501607717041801,-0.6920388349514563,-0.36281379294014154,0.08118241374573838,0.14189406918258587,Computer Hardware,Technology,ALOT
2015Q3,2015,Q3,2014-12-10,2014-11-01,1555000.0,23137000.0,2575000.0,0.2,10152000.0,0.4387777153477115,81753000.0,70096000.0,69010000.0,10569000.0,11657000.0,16424000.0,39700000.0,102577100.0,89347100.0,9.068046571798188,6.529472987037563,0.0005137426149499101,0.0005991782698014152,0.022573838813232248,9.068046571798188,0.02218386213193335,4.4334658771664435,16.491495176848876,1.4633802214106368,0.34919614147909966,0.7906113005358013,0.005293579171179532,0.28301102100228737,4.267101901788249,0.01902070872016929,30.99942580840133,0.4387777153477115,0.11111111111111122,1.1053603981398799,0.28490062150655315,0.23600427419604617,0.058713108770466156,0.08362369337979095,0.1899260628465804,0.845621622172835,0.12264512906259957,0.20657490223956074,Computer Hardware,Technology,ALOT
2015Q2,2015,Q2,2014-09-09,2014-08-02,1435000.0,22366000.0,2164000.0,0.18,9589000.0,0.42873110972011086,79058000.0,69221000.0,66557000.0,8617000.0,9837000.0,16023000.0,38689000.0,100999440.0,87904440.0,8.985072689511941,7.723917836834165,0.0013154898934959144,0.0015024342323861255,0.01993499847775557,8.985072689511941,0.02073070311032779,4.515757846731646,17.5957212543554,1.4590866933445052,0.378397212543554,0.7974162141920988,0.005376267432769924,0.28290622074932326,4.935824532900082,0.018151230741986896,-221.00533916849017,0.42873110972011086,0.28571428571428553,1.2753831553315615,0.26419175706360504,0.23515281768800875,0.11048060220034742,0.271036315323295,0.2736904061212478,0.29890136713729687,0.04116320707822837,0.19091405355064986,Computer Hardware,Technology,ALOT
2015Q1,2015,Q1,2014-06-04,2014-05-03,1129000.0,20774000.0,1699000.0,0.14,8635000.0,0.41566381053239626,78279000.0,68088000.0,65596000.0,8919000.0,10191000.0,16181000.0,37797000.0,96152650.0,86179650.0,8.95776871464281,7.354636169974213,0.002133394652461069,0.0024527082598989544,0.017809259042105115,8.95776871464281,0.016581482786981554,4.628509194185039,21.29155225863596,1.4121820291387617,0.4720992028343667,0.7502008528521105,0.005543268958265841,0.2653840749115344,4.698845162013678,0.01442276983609908,-34.500412630068176,0.41566381053239626,-0.4166666666666666,5.55683711323454,0.31972215395109727,0.23500566155807448,0.13723166074015541,-0.3920301561658589,8.183783783783785,1.5019434820407167,0.05312917883065685,0.19279833090404164,Computer Hardware,Technology,ALOT
2014Q4,2014,Q4,2014-04-07,2014-01-31,1857000.0,17734000.0,185000.0,0.24,7593000.0,0.42816059546633584,77964000.0,66614000.0,65034000.0,9892000.0,11350000.0,15178000.0,37201000.0,102887120.0,94796120.0,8.8441317047265,6.574403558431055,0.0032066081781334977,0.003752964842225358,0.008624666300251256,8.8441317047265,0.027877022848049958,5.801687154618247,13.851254711900914,1.5445269763112859,0.2875605815831987,0.6681380946106207,0.0051901540251102374,0.2274639577240778,3.9388394662353416,0.02381868554717562,85.10100909842845,0.42816059546633584,0.7142857142857141,5.638797064690883,0.06751956458794037,0.21773822445282548,0.03123726741817194,0.6759927797833934,-0.8436179205409975,2.4680316146949726,-0.041790791864026816,0.18391437396731877,Computer Hardware,Technology,ALOT
2014Q3,2014,Q3,2013-12-09,2013-11-02,1108000.0,18179000.0,1183000.0,0.14,7363000.0,0.4050277793057924,77768000.0,64555000.0,68583000.0,11699000.0,13213000.0,11916000.0,35878000.0,94748500.0,81774500.0,8.618825100133511,5.862295922728438,0.0,0.0,0.011560090506942896,8.618825100133511,0.017163658895515452,5.211975356180208,21.37827166064982,1.4677174502362327,0.4711191335740072,0.9076871433366902,0.005509322047314733,0.23375938689435244,3.7726301393281476,0.014247505400678942,202.02238805970148,0.4050277793057924,0.5555555555555558,0.5954722337023121,-0.038473178028098555,0.174396367391559,0.06355626173624151,0.5919540229885057,0.3337091319052988,0.3694416156848618,-0.02876307893675463,0.1707450392311184,Computer Hardware,Technology,ALOT
2014Q2,2014,Q2,2013-09-09,2013-08-03,696000.0,17194000.0,887000.0,0.09,6923000.0,0.40264045597301384,75426000.0,63610000.0,66474000.0,10237000.0,11816000.0,12505000.0,35292000.0,85580550.0,73397550.0,8.529096272459105,6.493503956237179,0.0,0.0,0.008589848011610775,8.529096272459105,0.010941675837132526,4.977349656857043,30.740140086206893,1.3453945920452757,0.7557471264367817,0.8213514594162336,0.006146256363157282,0.22795852888924242,4.18159617075315,0.00922758730411264,120.02882187938289,0.40264045597301384,2.5,-0.4340786611802666,-0.18435020758415377,0.15180392624786118,0.3561214495592556,2.5501113585746102,2.2285318559556786,1.110814609094347,-0.05191514863723768,0.15992877452583645,Computer Hardware,Technology,ALOT
2014Q1,2014,Q1,2013-06-04,2013-05-04,-449000.0,15485000.0,-722000.0,-0.06,5105000.0,0.32967387794639974,74781000.0,63268000.0,65331000.0,8962000.0,11513000.0,11755000.0,35123000.0,76008270.0,63817270.0,8.548574516957167,7.289779067172506,0.0,0.0,-0.006609192574103245,8.548574516957167,-0.00709679458810141,4.90850952534711,-42.32086302895323,1.2013698868306253,-1.1603563474387528,0.8830284985112719,0.006854517278185651,0.20707131490619274,4.6016514170943985,-0.006004198927535069,-10.726541066892464,0.32967387794639974,-1.06,-1.469061768465537,-0.2234123412325036,0.16773917126813043,7.545685809645558,-1.0588007424870594,0.5832354436897401,-2.014870077421398,-0.1185867824976551,0.14388207521952978,Computer Hardware,Technology,ALOT
2013Q4,2013,Q4,2013-04-08,2013-01-31,7635958.0,2664795.0,-1732393.0,1.0,-779903.0,-0.29266904208391264,79913000.0,63837000.0,70122000.0,13525000.0,16076000.0,11179000.0,36092000.0,73450000.0,42451000.0,8.691218515997278,5.184621072088724,0.0,0.0,-0.01727573202359395,8.691218515997278,0.11961649200307033,27.563095847898243,2.4047408327809032,1.1505866503751743,0.13573882936495985,0.3081400840862331,0.014111586113002042,0.03334620149412486,3.6550092421441773,0.09555338931087558,144.0636743788296,-0.29266904208391264,4.555555555555556,4.379705862681483,-0.8612027775722377,0.22145982143352155,-1.0882442960222105,4.840326313583499,-1.827632547627044,3.327059641992412,-0.8396868093780148,0.1617597284805771,Computer Hardware,Technology,ALOT
2013Q3,2013,Q3,2012-12-05,2012-10-27,1307454.0,20562076.0,2093191.0,0.18,8837999.0,0.42982036444180055,66936945.0,56757366.0,52948752.0,7529821.0,10179579.0,14487300.0,29491905.0,62131180.0,47341843.0,7.691742241496137,7.031873931664511,0.0,0.0,0.022533639233003906,7.691742241496137,0.023035847012350785,3.0216394492462726,11.880184694834387,1.0946804684347051,0.39576076863889664,0.8092658397354925,0.008328169527763676,0.30718575519094876,4.673720132258124,0.019532621334899584,36.18273301691757,0.42982036444180055,0.3846153846153845,-0.2157151689396613,0.006425944861177613,0.09884734435055925,0.06495477797594224,0.32497950389805963,0.24748335897006493,0.8544044375464955,0.19622103826751475,0.04840951259233165,Computer Hardware,Technology,ALOT
2013Q2,2013,Q2,2012-08-31,2012-07-28,986773.0,19572354.0,1677931.0,0.13,8298943.0,0.42401353460089675,65803880.0,56354165.0,51690617.0,6816486.0,9449715.0,13946054.0,28701885.0,59660780.0,48511180.0,7.57550275574674,7.583176581012562,0.0,0.0,0.018490122963116716,7.57550275574674,0.017510205323776867,3.048216887963502,15.11512272832759,1.0586756098684098,0.5284376447268014,0.8083584790364357,0.008740214258010037,0.29743464975013634,5.045658716235902,0.014995665909061897,-460.02960929608525,0.42401353460089675,0.18181818181818185,0.033530230415706096,-0.028721612409537817,0.11764505237010776,0.12589701668479863,0.17919948949350872,0.8911144396695034,0.6203976731199095,0.14569603799946326,0.04138318047064313,Computer Hardware,Technology,ALOT
2013Q1,2013,Q1,2012-05-25,2012-04-28,836816.0,18424776.0,887271.0,0.11,7370961.0,0.40005702104600893,65914546.0,56091976.0,51463638.0,7197754.0,9822570.0,13823976.0,28236566.0,60883786.39999999,50022645.39999999,7.554625465935214,7.149957889641685,0.0,0.0,0.015159581571885579,7.554625465935214,0.014918640056467257,3.3044519184385193,18.189119949905354,1.0854277339061829,0.6209453452132846,0.7996118482844589,0.008534571036468914,0.27952519008475,4.762618311212081,0.012695467856214924,66.41662319528305,0.40005702104600893,0.0,0.4751098584742984,0.03333231565949429,0.12653726950298988,-0.11905679896700468,-0.020611474122423565,-0.06443711500218266,4.457661462032569,0.19825024864702046,0.04155460121776851,Computer Hardware,Technology,ALOT
2012Q4,2012,Q4,2012-04-04,2012-01-31,854427.0,20428938.0,948382.0,0.11,8367124.0,0.4095721471179755,67062136.0,55662866.0,52478250.0,8272467.0,11399270.0,14128599.0,27919367.0,59770058.60000001,48066437.60000001,7.496831721359563,6.3437243086010495,0.0,0.0,0.016439326799655016,7.496831721359563,0.01535003605455745,2.925754564432082,17.48834558130771,1.0737869408305352,0.6061547680492306,0.8537162106448063,0.008665124514366797,0.3046270103892903,4.211564216575297,0.01274082591106254,49.269578270299064,0.4095721471179755,0.0,-0.016027399541829444,0.06999748700157805,0.11446201911998874,0.04409856583638331,0.06805110583046975,-0.20175106348236396,2.0986674014244526,0.24749105283542802,0.03223005425294362,Computer Hardware,Technology,ALOT
2012Q3,2012,Q3,2011-12-06,2011-10-29,799987.0,19568600.0,1188078.0,0.11,8013730.0,0.40951984301380784,66171633.0,55161257.0,51053642.0,7471206.0,11010376.0,13606992.0,27582855.0,55047292.5,44392235.5,7.515527262308132,6.833387006060334,0.0,0.0,0.015392267678819392,7.515527262308132,0.014502697065079572,2.8130419396379915,17.202558447824778,0.9979339756525129,0.6458892457002426,0.8491862125001617,0.009386528865157173,0.2957249067738739,4.468086678375619,0.012089576208584727,21.64848543600739,0.40951984301380784,-0.21428571428571436,-0.8165481110965687,0.11234202216887443,0.12061683618219979,0.01426421979519627,-0.23507633584136756,-0.0287926101528652,0.17554575559081656,0.056229487457782265,0.024061610874337707,Computer Hardware,Technology,ALOT
2012Q2,2012,Q2,2011-09-08,2011-07-30,1045839.0,20335676.0,1223300.0,0.14,7901028.0,0.3885303837452957,65658777.0,55023290.0,50472014.0,7414169.0,10635487.0,13902781.0,27299572.0,57614589.400000006,48074528.400000006,7.544686086055835,6.807507894681117,0.0,0.0,0.015294413019446992,7.544686086055835,0.019007205857737696,2.8331779774618755,13.772337185742739,1.0470945921263524,0.4881879524477477,0.8944000484507381,0.008861748479283617,0.30971755687743013,4.414300780033474,0.01592839598581009,-156.506096759297,0.3885303837452957,1.3333333333333337,0.30146206953810445,0.1515487002006842,0.22527188898023037,0.05328951508061016,1.4240715373436337,1.1963993629669796,-0.13038171599600945,-0.013487890584276964,0.018865162102481806,Computer Hardware,Technology,ALOT
2012Q1,2012,Q1,2011-06-01,2011-04-30,431439.0,18859989.0,556957.0,0.06,7501288.0,0.39773554480864226,65553331.0,54576604.0,50124915.0,7756101.0,10976727.0,14324245.0,26764299.0,56612344.9,48447178.9,7.5098769696077365,6.462643408073206,0.0,0.0,0.006225081238546784,7.5098769696077365,0.007905200550770803,3.0017167507361746,32.80437379328248,1.0373006151133919,1.1821601663271053,0.7929703101280382,0.009009165772958471,0.2877045103932247,4.148813688733553,0.006581496217179262,60.88311259951842,0.39773554480864226,-0.14285714285714296,-0.26343345502241833,0.11785630105060631,0.2244630496820621,0.01693130357968851,-0.1649217547832651,-0.36938959672917776,-0.5409924656548701,-0.03675352574468905,0.025852613370779258,Computer Hardware,Technology,ALOT
2011Q4,2011,Q4,2011-04-19,2011-01-31,516645.0,17857051.0,883203.0,0.07,7376396.0,0.41308030088506775,64999213.0,54288594.0,49700349.0,7503223.0,10710619.0,14404914.0,26842890.0,57048383.5,49328248.5,7.470246074544777,6.6238667036818715,0.0,0.0,0.010824678758773925,7.470246074544777,0.00951663990413898,3.1947259096700793,27.605214170271655,1.0508355309404402,0.9795410775290577,0.7275749789273299,0.008870978789434061,0.2747271878507206,4.230494148981045,0.007948480853145099,1056.0995131252546,0.41308030088506775,-0.3636363636363636,-0.44102056051697164,0.03441515295791918,0.24883656174844224,-0.0032666398308995345,-0.34791827853303225,0.24921393989026983,-0.6321207056359625,-0.05996326949659054,0.04986492049221267,Computer Hardware,Technology,ALOT
2011Q3,2011,Q3,2010-12-13,2010-10-30,792301.0,18329000.0,707007.0,0.11,7400571.0,0.4037629439685744,64974488.0,53995992.0,49410798.0,8206313.0,10978496.0,13964534.0,26418669.0,51562160.67,40691491.67,7.3618292722332495,6.02107158232936,0.0,0.0,0.014188536226654471,7.3618292722332495,0.014673329827887965,2.813146416607562,16.26975122775309,0.9549257039300251,0.6504497659349161,0.7825845817697891,0.009994771229589746,0.28209533563388756,3.9136419729542364,0.01219403221769135,397.8838088293169,0.4037629439685744,1.7500000000000002,0.061220378926437946,0.14426059006868613,0.23323670179496656,0.05359239456097843,1.4546389612642785,0.2898692446768335,-0.5218553190481184,-0.09744149554000965,0.05171576105522293,Computer Hardware,Technology,ALOT
2011Q2,2011,Q2,2010-08-30,2010-07-31,322777.0,17753057.0,548123.0,0.04,7024131.0,0.39565754788034535,64190791.0,53683090.0,48836193.0,7802199.0,10507701.0,13602520.0,26141721.0,50594003.46,39041470.46,7.3531206913508,6.259285747518104,0.0,0.0,0.006024101250853909,7.3531206913508,0.006012638244184528,2.8498755712889334,39.1864998590358,0.9424569908326812,1.5811163744628645,0.7887454677515637,0.01008712426569455,0.2765670390321253,4.108576953753679,0.0050284004133864,-35.567412072701096,0.39565754788034535,-0.3333333333333333,-0.5312026839069722,0.09475002625573146,0.25085694406244213,0.02315858196128151,-0.24943785214174263,-0.11822893876605493,-0.6555253605383444,-0.10231791581403094,0.08483611255163455,Computer Hardware,Technology,ALOT
2011Q1,2011,Q1,2010-05-27,2010-05-01,430047.0,17077004.0,621616.0,0.06,6865144.0,0.40201103191168663,64272152.0,53762924.0,49635439.0,7803137.0,10509228.0,12860829.0,26329271.0,55393800.0,41500088.0,7.473300528217959,6.36095957305376,0.0,0.0,0.006821681627042131,7.473300528217959,0.007998951098716282,3.243765709722853,32.202177901485186,1.0303345852245687,1.1719719007457325,0.7940281299129317,0.00909854532456701,0.26569833852770325,4.2340333124998315,0.006691031599502067,214.22389289153412,0.40201103191168663,-0.7391304347826088,-0.010283695179753794,0.10329444623463581,0.27891112150350544,0.008788397810188945,-0.7511906828201479,-0.6839498339203194,-0.21760209243879608,-0.011522375989602858,0.11441018607686862,Computer Hardware,Technology,ALOT
2010Q4,2010,Q4,2010-04-09,2010-01-31,1728420.0,16280704.0,1966827.0,0.23,6805336.0,0.4180001061379164,64676044.0,53818896.0,49867558.0,8158143.0,10857148.0,12039306.0,26403248.0,53955000.0,39799904.0,7.481080900750626,6.1126114116901356,0.0,0.0,0.030064585977761755,7.481080900750626,0.032115485980983335,3.31404587909712,7.8040927552331025,1.0025289258999293,0.24831464574582568,0.7870360633744171,0.00795462885738115,0.25172696091307006,4.036846252878872,0.026724269035378848,35.04415674165659,0.4180001061379164,1.5555555555555558,2.4731824461407363,0.029856674729288036,0.28490384547102676,-0.03591967517834605,1.529681407847132,1.0469167101167376,1.0543512110835631,-0.1199091302714135,0.11212053781280926,Computer Hardware,Technology,ALOT
2010Q3,2010,Q3,2009-12-04,2009-10-31,683256.0,16657776.0,960873.0,0.09,7058889.0,0.42375939020911313,62565005.0,52462958.0,48632248.0,7073284.0,10102047.0,11351135.0,25104014.0,44335406.4,30014769.4,7.336581888194894,6.8754835801870815,0.0,0.0,0.012075283700748637,7.336581888194894,0.013023588948225145,2.661544158115705,16.222106501808987,0.8450801878155632,0.62795057782149,0.845632353064253,0.009677389581794833,0.26624749730300507,4.6501902086781755,0.010920737559279345,18.623157611754724,0.42375939020911313,0.12499999999999993,11.09647327784922,0.16766857738817542,0.2719761269155569,0.015591933664790692,0.1676037034885112,0.08484226498939852,-0.839180611030888,-0.02812300645061196,0.09393484941143647,Computer Hardware,Technology,ALOT
2010Q2,2010,Q2,2009-09-04,2009-08-01,585178.0,16415949.0,885726.0,0.08,6950517.0,0.4234002554467,61678447.0,52000534.0,47831628.0,6839973.0,9677913.0,12086214.0,24849809.0,39744926.08,25153424.08,7.27446236679477,6.992955673947836,0.0,0.0,0.011071447114763537,7.27446236679477,0.011253307514111298,2.421116566578027,16.97984462847202,0.7643176525841061,0.7329359613656016,0.7831593913528256,0.010791264251861958,0.2661537343830982,4.5793503863246245,0.009487560541204936,-273.94046344926454,0.4234002554467,3.666666666666667,-0.0985970762914574,0.08898075109773182,0.2587429247991011,0.1957218362650424,3.533161332773466,2.927016160614051,-0.25706101082828414,-0.0516073759311918,0.18138702443189536,Computer Hardware,Technology,ALOT
2010Q1,2010,Q1,2009-06-11,2009-05-02,-231007.0,14676832.0,-459636.0,-0.03,5812821.0,0.39605420297786337,61688732.0,51403931.0,47818229.0,7493783.0,10284801.0,13187712.0,24693529.0,38978769.5,22831337.5,7.253220769321618,6.381053334477393,0.0,0.0,-0.005812079300463715,7.253220769321618,-0.004493955919441258,2.6558026623184077,-42.1835371871848,0.7582838265812784,-1.8415978736575083,0.6721416876559027,0.010914197791697862,0.2379175503234529,3.9704272194697925,-0.0037447195380835513,86.21370858935057,0.39605420297786337,-1.810810810810811,-1.133720171024861,-0.04660010388420268,0.2627498920339309,-0.11290964524144464,-1.8777028438990102,-2.4629656153618456,-1.4044138117080551,-0.10795837983657595,0.1826160214292722,Computer Hardware,Technology,ALOT
2009Q4,2009,Q4,2009-04-13,2009-01-31,263195.0,15630972.0,314181.0,0.037,6552682.0,0.41921142204080464,62155250.0,51471485.0,48022662.0,7903653.0,10683765.0,12826427.0,25349964.0,49538472.51,38559919.51,7.262752804446533,6.076008397635878,0.0,0.0,0.006061787858171062,7.262752804446533,0.005113413766865285,3.1692509275814706,47.054914141606034,0.9624449830814091,1.5980774710765782,0.7077801167854462,0.008490491908386862,0.25148273074277716,3.8538389780016913,0.004234477377212705,207.1092959989966,0.41921142204080464,-0.5888888888888889,-0.7565556558045669,0.02148412670461976,0.37840445318195687,-0.1431116195414032,-0.5947423285205504,-0.7114706976274331,-0.7079955375647741,-0.07150542483757247,0.21414892503210795,Computer Hardware,Technology,ALOT
2009Q3,2009,Q3,2008-12-08,2008-11-01,649451.0,17680904.0,1088905.0,0.09,7647066.0,0.4325042429957201,61846298.0,51405675.0,47663406.0,7836822.0,10440623.0,12705697.0,25507372.0,54705215.29,40160339.29,7.338940531020804,6.081981446050452,0.0,0.0,0.01614609006894279,7.338940531020804,0.012633838579106296,3.094028183739926,21.058253544147288,1.0641863041385993,0.6472759299777813,0.789711733248479,0.007684349614045729,0.2858845973286873,4.017595525329018,0.01050104890675914,27.01991147500822,0.4325042429957201,-0.4,-0.37209117988476303,0.07014968451763995,0.3662256669826396,-0.11906819023815711,-0.43732087346172105,-0.4353429411191245,-0.08912275650051857,0.15581604901376309,0.22940243252882916,Computer Hardware,Technology,ALOT
2009Q2,2009,Q2,2008-09-09,2008-08-02,1154212.0,19783613.0,1928436.0,0.15,8680656.0,0.438780115644195,62906966.0,51829767.0,49049683.0,7868201.0,11077199.0,13597577.0,25278298.0,59634061.559999995,47099580.559999995,7.404989753979789,6.2339133176694395,0.0,0.0,0.021583972568713368,7.404989753979789,0.022269287839939547,3.0143160180094504,12.916617909014981,1.1505755285374908,0.36124646078883255,0.8165393731544965,0.00699189337591045,0.31449002007186294,4.056373750492647,0.018347920324118,35.685769726070674,0.438780115644195,0.25,0.18041085156454786,0.16856331455615084,0.42527140606681796,0.06020262263070865,0.286561910271544,0.48947446878024325,0.7485543584151533,0.27250190654481304,0.25968051433890954,Computer Hardware,Technology,ALOT
2009Q1,2009,Q1,2008-06-17,2008-05-03,897129.0,18687849.0,1294709.0,0.12,8187733.0,0.43813137616854675,62320423.0,50778147.0,48409749.0,8118247.0,11542276.0,14685329.0,24541041.0,58611887.099999994,50633729.099999994,7.320619815873494,5.963079098233892,0.0,0.0,0.015553396220950741,7.320619815873494,0.01766761989168293,3.1363634787502828,16.333182602501978,1.1542738473698142,0.46874864149971746,0.7150072020858368,0.007174790316553381,0.2998671719542083,3.7001777600509076,0.014395425396903997,43.25329193371633,0.43813137616854675,-0.3333333333333333,0.4945197615719542,0.1922545518929958,0.4652269695619474,0.015644007895686436,-0.3307125208143095,1.2435714595156608,1.1413671512474612,0.25221962611600524,0.2527827649200755,Computer Hardware,Technology,ALOT
2008Q4,2008,Q4,2008-04-16,2008-01-31,1340424.0,18130936.0,577075.0,0.18,8061617.0,0.4446332500429101,61699412.0,49354923.0,48384013.0,8973254.0,12344489.0,14050619.0,24064440.0,67282284.6,61534347.599999994,7.115435451488816,5.392025345543545,0.0,0.0,0.019604678836048006,7.115435451488816,0.02715887126396692,3.710910710842507,12.548694405650748,1.3632335035757221,0.2580541679349221,0.7166459356701651,0.0051410561049825,0.29385913758789145,3.378583510508005,0.021725069276186944,81.99926705284312,0.4446332500429101,-0.14285714285714285,2.03236172199817,0.18282325866427973,0.4307814072043507,-0.037104070560620296,-0.1416732461574813,-0.6680409251768301,1.7935853698293296,0.18950225747584545,0.22210286121909323,Computer Hardware,Technology,ALOT
2008Q3,2008,Q3,2007-12-17,2007-11-03,1561671.0,19139125.0,1738392.0,0.21,8372262.0,0.4374422550665195,60117097.0,48386233.0,46671107.0,8576851.0,11730864.0,13325921.0,23069919.0,68502765.99,64327185.989999995,6.999827847827317,5.441520087034274,0.0,0.0,0.029404581261014136,6.999827847827317,0.032275110153749724,3.579200511517637,10.96626081773946,1.4157491034691625,0.22125082683868755,0.8079638923268418,0.005043898520104123,0.3183640919986539,3.515729724114363,0.025977152556118936,44.00636106500087,0.4374422550665195,0.75,5.2694497899605555,0.38362747663127184,0.35651968004252227,0.06917793874256759,0.7631177857258983,0.37721687462863934,27.601539691618004,0.3878713333332267,0.21359156765926995,Computer Hardware,Technology,ALOT
2008Q2,2008,Q2,2007-09-07,2007-08-04,885744.0,18694484.0,1262250.0,0.12,7830560.0,0.41887007953790006,58108515.0,46777420.0,44708802.0,7546283.0,11331095.0,12495496.0,21853767.0,62870524.15,59046475.15,6.778093581394136,5.924612421771089,0.0,0.0,0.016189845863042437,6.778093581394136,0.01893528971884298,3.3630521254290837,17.7451171416346,1.344035736686632,0.38979772936649865,0.8694271920058235,0.005491619557302514,0.32171677421114614,3.808084589459473,0.015242929543114292,-127.33889677675471,0.41887007953790006,0.7142857142857141,3.8237387406564785,0.23016504045594824,0.29566636815899233,0.14376474427147032,0.6968308368406836,1.0312643323018098,0.4132447771104975,0.28453484390349326,0.17285332015063165,Computer Hardware,Technology,ALOT
2008Q1,2008,Q1,2007-06-18,2007-05-05,521999.0,16406890.0,621411.0,0.07,6846303.0,0.4172821905918794,57159826.0,45816218.0,43433736.0,7590494.0,11343608.0,12664366.0,21313286.0,81506511.59,77426174.59,6.706059062979952,5.722122433665056,0.0,0.0,0.008137558896005412,6.706059062979952,0.011393323647971118,4.967822152156807,39.035760408544846,1.7789882087168347,0.6581909160745518,0.7549203015768812,0.0042153073821669124,0.28703533842107914,3.5858359152908887,0.009132270626576086,-115.43392833471182,0.4172821905918794,-0.3636363636363636,1.7090781510900614,0.2385547619139285,0.28173300059866535,-0.06198554321457549,-0.3466985057889882,-0.451306765654566,-0.6865595607046635,0.1055607622719963,0.16749174291893276,Computer Hardware,Technology,ALOT
2007Q4,2007,Q4,2007-04-16,2007-01-31,799017.0,17568193.0,1132529.0,0.11,7298718.0,0.4154506954699325,58000980.0,45958342.0,44168040.0,9874222.0,12042638.0,11394763.0,22282495.0,71190096.46,66594526.45999999,6.726861564362038,4.473065320994404,0.0,0.0,0.01483330328289702,6.726861564362038,0.01738567940505774,4.0522150718631105,22.27427465873692,1.5490135927880078,0.42030770309017207,0.9012451597282014,0.004717411784779593,0.3028947614333413,2.94122524285964,0.013775922406828298,-15.655816276309057,0.4154506954699325,-0.7924528301886793,15.72478805959478,0.21440774692449635,0.2560403401300707,0.13565935438095306,-0.7990753639952725,-0.8073699967870308,-0.23335969612538915,0.19093018830196984,0.2766971678532556,Computer Hardware,Technology,ALOT
2007Q3,2007,Q3,2006-12-11,2006-10-28,3976700.0,16042923.0,5879297.0,0.53,6426855.0,0.40060374284661215,57286403.0,44888914.0,47166423.0,11456227.0,12397489.0,10879701.0,21819304.0,,,,,,,,,,,,,,,,,,,,,,,,,,,,,,,Computer Hardware,Technology,ALOT
2007Q2,2007,Q2,2006-09-11,2006-07-29,740209.0,16266621.0,1017379.0,0.1,6996279.0,0.43010032630624395,50663278.0,41365200.0,40632027.0,8359956.0,9298078.0,10371187.0,18176109.0,,,,,,,,,,,,,,,,,,,,,,,,,,,,,,,Computer Hardware,Technology,ALOT
2007Q1,2007,Q1,2006-06-07,2006-04-29,543039.0,15641524.0,712218.0,0.072,6275720.0,0.40122177353050764,51406903.0,41322295.0,41541622.0,9149516.0,10084608.0,10363389.0,30304095.0,,,,,,,,,,,,,,,,,,,,,,,,,,,,,,,Computer Hardware,Technology,ALOT
