Quarters,Year,Quarter,FillingDate,Date,NetIncome,Revenue,OperatingIncome,EPSDiluted,GrossProfit,GrossProfitRatio,TotalAssets,CommonStockEquity,CurrentAssets,CurrentLiability,TotalLiability,Inventory,RetainedEarnings,MarketCap,EnterpriseValue,bookValuePerShare,currentRatio,debtToAssets,debtToEquity,roic,shareholdersEquityPerShare,roe,priceToSalesRatio,peRatio,pbRatio,payoutRatio,inventoryTurnover,dividendYield,assetTurnover,quickRatio,returnOnAssets,priceToFreeCashFlowsRatio,grossProfitMargin,epsdilutedGrowth,fiveYNetIncomeGrowthPerShare,fiveYRevenueGrowthPerShare,fiveYShareholdersEquityGrowthPerShare,grossProfitGrowth,netIncomeGrowth,operatingIncomeGrowth,threeYNetIncomeGrowthPerShare,threeYRevenueGrowthPerShare,threeYShareholdersEquityGrowthPerShare,Industry,Sector,Symbol
2023Q1,2023,Q1,2023-03-31,2023-03-31,279000000.0,5859000000.0,426000000.0,0.05,2195000000.0,0.3746373101,41973000000.0,21275000000.0,19255000000.0,12432000000.0,20598000000.0,3299000000.0,1538000000.0,25115895692.531998,25630895692.531998,3.8140876532021752,1.5488256113256114,0.1272722940938222,0.2510928319623972,0.01114252958511169,3.8140876532021752,0.013113983548766157,4.286720548307219,22.505282878612903,1.1805356377218332,0.4014336917562724,1.1106395877538648,0.004459327326849118,0.13958973625902366,1.2834620334620335,0.006647130298048746,-168.56305833914092,0.37463731012118107,-0.9107142857142857,2.4855367044119925,0.1910842625951557,0.34830135588859656,-0.31126451208032635,-0.9115409004438808,-0.5170068027210885,3.3974969131850488,0.19899245180046093,0.3432508219772852,Communication Equipment,Technology,NOK
2022Q4,2022,Q4,2022-12-31,2022-12-31,3154000000.0,7449000000.0,882000000.0,0.56,3187000000.0,0.4278426634,42943000000.0,21333000000.0,20266000000.0,12774000000.0,21517000000.0,3265000000.0,1375000000.0,24293723840.799995,24345723840.799995,3.8161084030231205,1.5865038359167059,0.1285191998695946,0.25870716729948906,0.1134419874262033,3.8161084030231205,0.14784606009468898,3.2613402927641286,1.925628078693722,1.13878609857029,0.039315155358275206,1.3053598774885145,0.005104198961533789,0.17346249679808118,1.3309065288868014,0.07344619612043872,65.30570924946235,0.4278426634447577,6.0,9.17443979467397,0.1204555745848907,0.32247002604193487,0.27225548902195607,6.386416861826698,0.7027027027027027,4.6068346814568555,0.08192029352961942,0.3956824458104163,Communication Equipment,Technology,NOK
2022Q3,2022,Q3,2022-09-30,2022-09-30,427000000.0,6241000000.0,518000000.0,0.08,2505000000.0,0.4013779843,42865000000.0,19686000000.0,21016000000.0,13703000000.0,23067000000.0,3434000000.0,-1669000000.0,24357759139.496998,24854759139.496998,3.51086511632884,1.5336787564766838,0.13281231774174734,0.2891902875139693,0.01599016464776195,3.51086511632884,0.021690541501574723,3.902861582999038,14.26098310275,1.2373137833738188,0.26697892271662765,1.0879440885264997,0.004680233487289265,0.1455966406158871,1.1992264467634826,0.009961507057039543,88.5736695981709,0.40137798429738825,0.0,3.3455601895075318,0.14067333579609137,0.19298024106872275,0.060991105463786534,-0.06564551422319474,-0.08156028368794327,4.200508848075979,0.09617310980709423,0.3699576230110927,Communication Equipment,Technology,NOK
2022Q2,2022,Q2,2022-06-30,2022-06-30,457000000.0,5873000000.0,564000000.0,0.08,2361000000.0,0.4020091946,40887000000.0,18915000000.0,19610000000.0,12286000000.0,21861000000.0,2910000000.0,-1982000000.0,24863510149.656002,25144510149.656002,3.362581780157728,1.5961256714960117,0.14033800474478442,0.30335712397568065,0.018904013905490267,3.362581780157728,0.02416071900607983,4.233528035017198,13.60148257639825,1.3144863943777956,0.25164113785557984,1.206872852233677,0.004625251998121073,0.14363978770758432,1.268517011232297,0.01117714677036711,-172.66326492816668,0.4020091946194449,1.5806451612903227,2.0541678346988808,0.05360049578680627,0.11151656002362884,0.08852005532503458,1.5819209039548023,0.5932203389830508,3.356749228260818,0.0265899787761259,0.3166960580771347,Communication Equipment,Technology,NOK
2022Q1,2022,Q1,2022-03-31,2022-03-31,177000000.0,5348000000.0,354000000.0,0.031,2169000000.0,0.4055721765,40525000000.0,17973000000.0,19468000000.0,12357000000.0,22442000000.0,2636000000.0,-2327000000.0,27842925938.1,27188925938.1,3.1896785954694957,1.575463300153759,0.14033312769895126,0.3164190730540255,0.0098964019286754,3.1896785954694957,0.00984810549157069,5.2062314768324605,39.32616657923729,1.5491529482056419,0.0,1.2059939301972686,0.0,0.1319679210363973,1.2750667637776159,0.0043676742751388034,75.25115118405405,0.4055721765145849,-0.7416666666666667,1.3674961936271672,0.007557874450658342,-0.05981617344337983,-0.1440410418310971,-0.7400881057268722,-0.4786450662739323,1.3941416399847553,0.05551565217046859,0.19540895455591498,Communication Equipment,Technology,NOK
2021Q4,2021,Q4,2021-12-31,2021-12-31,681000000.0,6414000000.0,679000000.0,0.12,2534000000.0,0.3950732772,40049000000.0,17360000000.0,19597000000.0,12101000000.0,22587000000.0,2392000000.0,-2537000000.0,30948588517.96,29919588517.96,3.080774864568356,1.6194529377737377,0.1413768134035806,0.3261520737327189,0.027806027522734967,3.080774864568356,0.03922811059907834,4.825161914243841,11.36144952935389,1.7827527948133641,0.007342143906020558,1.6220735785953178,0.00016155825643222513,0.16015381158081352,1.3526981241219733,0.017004169891882442,94.64400158397554,0.39507327720611163,1.0,0.09964123879802933,-0.015177380047587763,-0.11693852284842092,0.15391621129326047,0.9912280701754386,0.35258964143426297,2.483915361920006,-0.07312560935457238,0.12691939628249732,Communication Equipment,Technology,NOK
2021Q3,2021,Q3,2021-09-30,2021-09-30,342000000.0,5399000000.0,502000000.0,0.06,2196000000.0,0.40674198925726984,39010000000.0,16292000000.0,19102000000.0,11913000000.0,22618000000.0,2482000000.0,-3200000000.0,26465769719.02,25673769719.02,2.8929755315212167,1.6034584067825064,0.15665214047680082,0.3750920697274736,0.016859631668114355,2.8929755315212167,0.020991897863982322,4.901976239862938,19.346322894020467,1.6244641369396022,0.0029239766081871343,1.290491539081386,3.7784655825873666e-05,0.13840041015124327,1.3219172332745739,0.008766982824916688,44.109616198366666,0.40674198925726984,0.0,3.804768115190572,-0.06032234149503201,-0.10182887832426807,0.007339449541284404,-0.005813953488372093,0.0371900826446281,5.295792126643831,-0.0184237560787143,0.07986094380035746,Communication Equipment,Technology,NOK
2021Q2,2021,Q2,2021-06-30,2021-06-30,344000000.0,5313000000.0,484000000.0,0.06,2180000000.0,0.4103143233578016,36666000000.0,14248000000.0,18199000000.0,11529000000.0,22329000000.0,2392000000.0,-3541000000.0,25280831850.372,24121831850.372,2.531009664662536,1.578541070344349,0.16617574864997545,0.4276389668725435,0.019054397944014714,2.531009664662536,0.024143739472206625,4.7582969791778655,18.372697565677328,1.774342493709433,0.00872093023255814,1.309782608695652,0.00011866698128273242,0.14490263459335626,1.2946482782548356,0.009381988763432063,-3611.547407196,0.4103143233578016,0.1999999999999999,1.5280200369826509,-0.02862752293868234,-0.23310206964854185,0.13246753246753246,0.31800766283524906,0.12296983758700696,2.283626255899269,-0.007428534682541993,-0.05844485766690137,Communication Equipment,Technology,NOK
2021Q1,2021,Q1,2021-03-31,2021-03-31,261000000.0,5076000000.0,431000000.0,0.05,1925000000.0,0.37923561859732074,36853000000.0,13685000000.0,18132000000.0,11326000000.0,23082000000.0,2266000000.0,-3884000000.0,18906124532.724,17784124532.724,2.433290760376247,1.6009182412149037,0.16804602067674274,0.45253927658019727,0.015120871359440397,2.433290760376247,0.01907197661673365,3.724610822049645,18.10931468651724,1.3815217049853126,0.0,1.3905560458958517,0.0,0.1377364122323827,1.3254458767437753,0.007082191409111877,16.511899155217467,0.37923561859732074,1.108695652173913,1.511103440032624,-0.072692962911632,-0.33685238518319544,-0.20879572544184136,1.0971705137751302,-0.022675736961451247,2.3783128189980745,0.023454892462000464,-0.13981808238412285,Communication Equipment,Technology,NOK
2020Q4,2020,Q4,2020-12-31,2020-12-31,-2686000000.0,6553000000.0,441000000.0,-0.46,2433000000.0,0.3712803296200214,36191000000.0,12465000000.0,18215000000.0,11761000000.0,23646000000.0,2242000000.0,-4143000000.0,18048049147.161,17594049147.161,2.2189732268819573,1.5487628603009949,0.17921582713934403,0.5203369434416366,-0.1387770001510498,2.2189732268819573,-0.21548335338949057,2.7541659006807566,-1.6798258699889241,1.447898046302527,-0.04802680565897245,1.8376449598572704,0.007147586919126491,0.18106711613384543,1.287815661933509,-0.07421734685419026,24.38925560427162,0.3712803296200214,-16.333333333333332,-2.0134640930777357,0.22633373353553968,-0.1984431935454877,0.2306525037936267,-14.917098445595855,0.26,-5.927767891503479,-0.019092974485576657,-0.23101618947296998,Communication Equipment,Technology,NOK
2020Q3,2020,Q3,2020-09-30,2020-09-30,193000000.0,5294000000.0,350000000.0,0.03,1977000000.0,0.37344163203626746,38805000000.0,15136000000.0,17418000000.0,11373000000.0,23585000000.0,2745000000.0,-1452000000.0,18732677008.388,18590677008.388,2.696318570324107,1.531522025850699,0.1725035433578147,0.4422568710359408,0.011254313092124909,2.696318570324107,0.012751057082452432,3.5384731787661505,24.26512565853368,1.2376240095393765,0.015544041450777202,1.2083788706739527,0.00016014795956054113,0.13642571833526607,1.2077727952167414,0.004973585878108491,59.28062344426582,0.37344163203626746,0.4999999999999999,-0.18014643905821615,0.1259127469453299,0.07871194441149718,-0.014456630109670987,1.053191489361702,1.0588235294117647,2.058959707136424,-0.033516455776560046,-0.08379995487071176,Communication Equipment,Technology,NOK
2020Q2,2020,Q2,2020-06-30,2020-06-30,94000000.0,5092000000.0,170000000.0,0.02,2006000000.0,0.3939512961508248,39570000000.0,15241000000.0,17582000000.0,11691000000.0,24251000000.0,2865000000.0,-1644000000.0,21913897563.624,21718897563.624,2.7165495097876704,1.5038918826447696,0.174197624462977,0.45226691161997246,0.0037928002414793233,2.7165495097876704,0.00616757430614789,4.303593394270228,58.28164245644681,1.4378254421379175,0.010638297872340425,1.0771378708551484,4.5633142032202936e-05,0.12868334596916856,1.1858694722436063,0.00237553702299722,89.81105558862295,0.3939512961508248,2.0,-0.8250196941129092,0.024966026399296334,0.10379415947156527,0.12823397075365578,1.8034188034188035,3.236842105263158,1.2173997627746147,-0.08411275246764609,-0.10203231812210908,Communication Equipment,Technology,NOK
2020Q1,2020,Q1,2020-03-31,2020-03-31,-117000000.0,4913000000.0,-76000000.0,-0.02,1778000000.0,0.36189700793812335,39754000000.0,15924000000.0,16739000000.0,12184000000.0,23750000000.0,2832000000.0,-1732000000.0,15888530705.577002,15686530705.577002,2.8394456126874217,1.3738509520682862,0.14984655632137647,0.37408942476764634,-0.002559275859630454,2.8394456126874217,-0.0073474001507159,3.2339773469523716,-33.94985193499359,0.9977725888958178,-0.1282051282051282,1.1069915254237288,0.0009440772263941864,0.1235850480454797,1.070994747209455,-0.0029431000654022237,-794.4265352788501,0.36189700793812335,-1.2,-1.4290327774125953,-0.0022588805698090706,0.12771037784092681,-0.3443952802359882,-1.2074468085106382,-1.0946450809464507,0.7559265856929309,-0.07000545109161475,-0.16305020661715836,Communication Equipment,Technology,NOK
2019Q4,2019,Q4,2019-12-31,2019-12-31,564000000.0,6903000000.0,803000000.0,0.1,2712000000.0,0.39287266405910476,39128000000.0,15325000000.0,16808000000.0,12055000000.0,23727000000.0,2936000000.0,-1613000000.0,18563316549.0472,17960316549.0472,2.734223973711485,1.3942762339278307,0.13563177264363116,0.34629690048939643,0.025797455205432283,2.734223973711485,0.036802610114192495,2.6891665289073154,8.228420456137943,1.2113093996115627,0.0,1.4274523160762942,0.0,0.17642097730525455,1.078141849854832,0.014414230218769168,13.297504691294556,0.39287266405910476,9.0,-0.16891896593392491,0.18788117111850597,0.1643783763501813,0.3773489080751651,5.878048780487805,2.0416666666666665,-0.08439875886749428,0.06559039001535104,-0.21627253946477018,Communication Equipment,Technology,NOK
2019Q3,2019,Q3,2019-09-30,2019-09-30,82000000.0,5686000000.0,264000000.0,0.01,1969000000.0,0.3462891311994372,39120000000.0,14351000000.0,16600000000.0,12392000000.0,24690000000.0,3642000000.0,-2174000000.0,25902869902.166393,26634869902.166393,2.5627545387952573,1.3395739186571982,0.13939161554192228,0.3799735210089889,0.006655711329148303,2.5627545387952573,0.005713887533969758,4.555552216350051,78.97216433587316,1.804952261317427,3.9146341463414633,1.0205930807248764,0.012392449223286762,0.1453476482617587,0.960619754680439,0.002096114519427403,94.88230733394283,0.3462891311994372,1.3333333333333335,-0.9274440210636594,0.1306437743437543,0.1543801038973661,-0.04648910411622276,1.4248704663212435,5.631578947368421,1.6762997017411587,-0.004762075008222737,-0.20435133529146882,Communication Equipment,Technology,NOK
2019Q2,2019,Q2,2019-06-30,2019-06-30,-193000000.0,5694000000.0,-57000000.0,-0.03,2065000000.0,0.3626624517035476,38923000000.0,14298000000.0,16680000000.0,12412000000.0,24546000000.0,3606000000.0,-1988000000.0,24963771691.885002,25527771691.885002,2.55380257237828,1.3438607798904285,0.1350615317421576,0.36767380053154286,-0.0022379766569599288,2.55380257237828,-0.013498391383410267,4.384224041426941,-32.33649182886658,1.7459624906899567,-1.2849740932642486,1.0063782584581253,0.009934396254738125,0.1462888266577602,0.9647921366419594,-0.00495850782313799,-23.843143927301817,0.3626624517035476,0.625,-1.0510077709207075,0.2838892183817992,0.30536708172133337,0.3069620253164557,0.5672645739910314,0.8912213740458015,0.7021336800154138,0.046732168328201325,-0.22619580058211125,Communication Equipment,Technology,NOK
2019Q1,2019,Q1,2019-03-31,2019-03-31,-446000000.0,5032000000.0,-524000000.0,-0.08,1580000000.0,0.3139904610492846,40579000000.0,14932000000.0,18032000000.0,13745000000.0,25561000000.0,3528000000.0,-1509000000.0,28818515115.074997,28426515115.074997,2.6682739687644688,1.3118952346307748,0.1347987875502107,0.3663273506563086,-0.018462457377013422,2.6682739687644688,-0.02986873828020359,5.727049903631756,-16.153876185580156,1.9299835999916284,-0.002242152466367713,0.9784580498866213,3.469991413530182e-05,0.12400502723083369,0.9824663514005093,-0.010990906626580251,-31.25652398598156,0.3139904610492846,-3.666666666666667,-0.23817009446610288,0.2532847767353705,0.6303171512250912,-0.427743571169866,-3.2989690721649483,-1.9492753623188406,0.12225899372020817,-0.0761407587899165,-0.2728121329033755,Communication Equipment,Technology,NOK
2018Q4,2018,Q4,2018-12-31,2018-12-31,194000000.0,6868000000.0,552000000.0,0.03,2761000000.0,0.4020093185789167,39517000000.0,15289000000.0,18271000000.0,14104000000.0,24146000000.0,3168000000.0,-1062000000.0,28432026151.2528,25993026151.2528,2.7338023240448903,1.2954480998298354,0.0967178682592302,0.24998364837464845,0.012190081992813403,2.7338023240448903,0.012688861272810518,4.139782491446243,36.6392089578,1.8596393584441624,0.0,1.2964015151515151,0.0,0.17379861831616772,1.0026233692569484,0.004909279550573171,23.400844568932346,0.4020093185789167,4.0,6.150922031113742,2.0130736686623476,0.5690338903519072,0.3675086676572561,3.4556962025316458,11.222222222222221,-0.9264754565934342,0.2910023763160339,-0.012472149824673609,Communication Equipment,Technology,NOK
2018Q3,2018,Q3,2018-09-30,2018-09-30,-79000000.0,5458000000.0,-54000000.0,-0.01,2019000000.0,0.36991572004397216,38533000000.0,14971000000.0,17294000000.0,13398000000.0,23494000000.0,3179000000.0,-1253000000.0,27093247091.295002,26029247091.295002,2.679025987679451,1.290789670100015,0.09692990423792594,0.2494823325095184,-0.003273395854653205,2.679025987679451,-0.005276868612651126,4.9639514641434594,-85.73812370662976,1.8097152555804559,-1.6582278481012658,1.0817867253853413,0.004835153186274597,0.1416448239171619,0.9764890282131662,-0.002050190745594685,-123.71345703787672,0.36991572004397216,0.7999999999999999,0.42330386317108404,-0.3596388004240745,0.4879067443628443,0.08548387096774193,0.7030075187969925,0.755656108597285,-1.337110361990002,0.16605856336909613,0.07179372797601453,Communication Equipment,Technology,NOK
2018Q2,2018,Q2,2018-06-30,2018-06-30,-266000000.0,5313000000.0,-221000000.0,-0.05,1860000000.0,0.3500846979107849,38543000000.0,15020000000.0,17159000000.0,12487000000.0,23454000000.0,2937000000.0,-1174000000.0,27785644819.01,26509644819.01,2.688116235434598,1.374149115079683,0.09643774485639416,0.2474700399467377,-0.01137509907224881,2.688116235434598,-0.01770972037283622,5.229746813290043,-26.11432783741541,1.8499097749007987,-3.5150375939849625,1.1756894790602657,0.03365046973321651,0.1378460420828685,1.0474893889645231,-0.0069013828710790545,-29.62222262154584,0.3500846979107849,-0.6666666666666669,0.2214929205034006,-0.38019814127023893,0.33691897943554394,0.030470914127423823,-0.4148936170212766,0.34226190476190477,-1.49718372536776,0.07382828968922177,0.09224109112052055,Communication Equipment,Technology,NOK
2018Q1,2018,Q1,2018-03-31,2018-03-31,-188000000.0,4924000000.0,-336000000.0,-0.03,1805000000.0,0.3665718927701056,39262000000.0,15795000000.0,18422000000.0,11887000000.0,23388000000.0,2777000000.0,153000000.0,24825479152.0734,21990479152.0734,2.8288094768609833,1.549760242281484,0.09474810249095818,0.2355175688509022,-0.013604919292851653,2.8288094768609833,-0.011902500791389681,5.041730128365841,-33.01260525541675,1.5717302407137321,-0.0797872340425532,1.1231544832553115,0.0006042179451246247,0.12541388620039734,1.2288214015310843,-0.004788344964596811,-67.09588960019838,0.3665718927701056,0.5714285714285715,0.5405699097413668,-0.44070077521604295,0.3552411029202454,-0.303895102198226,0.5129533678756477,-1.801909307875895,-1.6924128878451703,0.004365609231756622,0.12348614452650598,Communication Equipment,Technology,NOK
2017Q4,2017,Q4,2017-12-31,2017-12-31,-386000000.0,6651000000.0,419000000.0,-0.07,2593000000.0,0.3898661855360096,41024000000.0,16138000000.0,19864000000.0,12744000000.0,24806000000.0,2646000000.0,1147000000.0,21686102365.6164,18083102365.6164,2.885591603497041,1.5586942875078469,0.09179992199687988,0.2333622505886727,-0.024548757111056144,2.885591603497041,-0.023918701202131614,3.260577712466757,-14.045403086539121,1.3437911987617053,0.0,1.5336356764928194,0.0,0.16212460998439937,1.2748744507219083,-0.009409126365054601,12.047834647564667,0.3898661855360096,-1.3333333333333337,-2.2679728004907123,-0.451153513951854,0.3284181242933453,0.18672768878718535,-1.1092896174863387,2.8217391304347825,-1.5700371012505017,0.14702695446982236,0.2288387851156115,Communication Equipment,Technology,NOK
2017Q3,2017,Q3,2017-09-30,2017-09-30,-183000000.0,5500000000.0,-230000000.0,-0.03,2185000000.0,0.3972727272727273,40833000000.0,16588000000.0,18524000000.0,11636000000.0,24171000000.0,3028000000.0,1646000000.0,28609109343.1962,27060109343.1962,2.942936517694255,1.591955998624957,0.09416403399211422,0.23179406800096455,-0.007324305498290771,2.942936517694255,-0.011032071376898963,5.201656244217491,-39.08348270928443,1.7246870836264891,-0.6939890710382514,1.094782034346103,0.0044391455349588865,0.13469497710185388,1.2127878996218633,-0.00448166923811623,-32.07299253721547,0.3972727272727273,0.625,0.8756622432302754,-0.4997814096652791,0.3915882319452169,-0.022808586762075134,0.5812356979405034,-4.111111111111111,-1.16086903765129,0.08653482404885239,0.3256311955089899,Communication Equipment,Technology,NOK
2017Q2,2017,Q2,2017-06-30,2017-06-30,-437000000.0,5619000000.0,-45000000.0,-0.08,2236000000.0,0.397935575725218,42581000000.0,17154000000.0,19633000000.0,12531000000.0,24569000000.0,2950000000.0,1682000000.0,30528160234.88,27834160234.88,3.0252196873128416,1.566754448966563,0.09283483243700241,0.2304418794450274,-0.0035369864222197897,3.0252196873128416,-0.025475107846566397,5.433023711493148,-17.46462256,1.7796525728623063,-1.929061784897025,1.1467796610169492,0.02761384877156236,0.13196026396749724,1.2049317692123533,-0.010262793264601583,34.033623450256414,0.397935575725218,0.11111111111111106,0.7971673399908443,-0.5124175493228953,0.24613295278681366,0.05174035747883349,0.10450819672131148,0.6456692913385826,-1.1140354702503517,0.2509749290362598,0.5463302596315746,Communication Equipment,Technology,NOK
2017Q1,2017,Q1,2017-03-31,2017-03-31,-488000000.0,5378000000.0,-127000000.0,-0.09,2126000000.0,0.3953142432130904,44581000000.0,19369000000.0,20345000000.0,12714000000.0,24295000000.0,2900000000.0,3099000000.0,28954335908.542202,26379335908.542202,3.3926116418653427,1.600204498977505,0.09896592718871268,0.22778666942020756,-0.00825678524574568,3.3926116418653427,-0.025194899065517064,5.383848253726701,-14.83316388757285,1.4948802678786826,0.0,1.1213793103448275,0.0,0.12063435095668558,1.2710397986471607,-0.010946367286512191,-46.4756595642732,0.3953142432130904,-1.8181818181818183,0.658602687094015,-0.5247160345315053,0.15572779208627793,-0.20760342899739098,-1.7709320695102686,-1.4006309148264984,-0.32794407146445215,0.31293867282056287,1.072887946262918,Communication Equipment,Technology,NOK
2016Q4,2016,Q4,2016-12-31,2016-12-31,633000000.0,6657000000.0,317000000.0,0.11,2683000000.0,0.40303439987982576,44901000000.0,20094000000.0,20719000000.0,12605000000.0,23926000000.0,2506000000.0,3588000000.0,26196900764.112,22726900764.112,3.4887433596421458,1.6437128123760412,0.08968619852564531,0.2004080820145317,0.033647803865627525,3.4887433596421458,0.031501940877873995,3.9352412143776476,10.346327316,1.303717565647059,0.0,1.5857940941739825,0.0,0.1482595042426672,1.3537485124950417,0.014097681566112113,67.86761855987565,0.40303439987982576,6.5,1.3803679836885472,-0.5713957297072613,0.09018690185489626,0.21074007220216606,6.064,4.763636363636364,17.31930102209034,1.9534631113222347,1.0023234737468216,Communication Equipment,Technology,NOK
2016Q3,2016,Q3,2016-09-30,2016-09-30,-125000000.0,5890000000.0,55000000.0,-0.02,2216000000.0,0.37623089983022073,43409000000.0,18595000000.0,20401000000.0,12521000000.0,23947000000.0,2680000000.0,2950000000.0,29792913785.613,26758913785.613,3.2209625334243066,1.6293427042568485,0.0887603953097284,0.20720623823608497,0.014812009978617249,3.2209625334243066,-0.006722237160527024,5.058219657998811,-59.58582757122599,1.6022002573602043,-12.112,1.3708955223880597,0.05081745313313768,0.13568614803381787,1.3128344381439183,-0.0028795871823815338,438.1310850825441,0.37623089983022073,0.8333333333333333,-0.18133397521288905,-0.5784874086839499,-0.05518687014693883,0.09270216962524655,0.8120300751879699,1.0723684210526316,0.11673028845479295,-0.33108621308214,0.7888933884412499,Communication Equipment,Technology,NOK
2016Q2,2016,Q2,2016-06-30,2016-06-30,-665000000.0,5583000000.0,-760000000.0,-0.12,2028000000.0,0.36324556689951637,45761000000.0,18964000000.0,22498000000.0,13991000000.0,25538000000.0,2828000000.0,3468000000.0,29347018156.319702,24808018156.319702,3.300321417613699,1.6080337359731256,0.08544393697690172,0.2061801307740983,-0.030495208898481615,3.300321417613699,-0.03506644167897068,5.2564961770230525,-11.032713592601393,1.5475120310229753,0.0,1.257072135785007,0.0,0.12200345272174996,1.3066971624615824,-0.01453202508686436,-40.75974743933292,0.36324556689951637,-0.3333333333333333,-0.16675524885237802,-0.6113491281846405,-0.008072409664915223,0.305019305019305,-0.2962962962962963,-0.06741573033707865,-0.8925647847680614,-0.3666717416299115,0.641395667078372,Communication Equipment,Technology,NOK
2016Q1,2016,Q1,2016-03-31,2016-03-31,-513000000.0,5499000000.0,-712000000.0,-0.09,1554000000.0,0.2825968357883252,46656000000.0,20731000000.0,23770000000.0,12704000000.0,24281000000.0,2699000000.0,5789000000.0,29300232230.1,24197232230.1,3.6693048516029823,1.8710642317380353,0.09087791495198902,0.20452462495779267,-0.021498788533197893,3.6693048516029823,-0.024745550142298973,5.328283729787234,-14.278865609210527,1.4133535396314698,0.0,1.4616524638755095,0.0,0.11786265432098765,1.5528967254408061,-0.01099537037037037,-17.587174207743097,0.2825968357883252,-1.2,-1.9791243279110586,-0.6528069201362853,-0.03997133960916469,-0.08210277613703484,-1.2865921787709498,-2.1073094867807156,-0.23896325721559736,-0.38270981987512265,0.7579101013035145,Communication Equipment,Technology,NOK
2015Q4,2015,Q4,2015-12-31,2015-12-31,1790000000.0,3609000000.0,643000000.0,0.45,1693000000.0,0.46910501523967857,20926000000.0,10503000000.0,15824000000.0,6391000000.0,10402000000.0,1014000000.0,6279000000.0,24508932154.434,19587932154.434,2.768329342366931,2.4759818494758252,0.09911115358883685,0.19746739026944682,0.04156509721255279,2.768329342366931,0.17042749690564601,6.791059061910224,3.4230352170997205,2.3335172954807195,0.0,1.8895463510848127,0.0,0.17246487623052661,2.2311062431544357,0.08553952021408774,66.78183148347138,0.46910501523967857,10.25,1.3487936684801662,-0.7211246453275288,-0.28619135998661,0.30431432973805855,10.776315789473685,0.9484848484848485,7.667520945772201,-0.5609944019549975,0.27443497824035706,Communication Equipment,Technology,NOK
2015Q3,2015,Q3,2015-09-30,2015-09-30,152000000.0,3036000000.0,330000000.0,0.04,1298000000.0,0.427536231884058,20531000000.0,9060000000.0,15510000000.0,6602000000.0,11430000000.0,1159000000.0,4504000000.0,21979811667.84,20194811667.84,2.499572368965574,2.349288094516813,0.13472310165116166,0.30529801324503314,0.021126167485215792,2.499572368965574,0.016777041942604858,7.2397271633201585,36.15100603263158,2.4260277779072847,0.0,1.4995685936151855,0.0,0.14787394671472406,1.624507724931839,0.007403438702449954,50.18221841972603,0.427536231884058,-0.5555555555555556,-0.7059852271170616,-0.6975089287269987,-0.31440364114864733,-0.1543973941368078,-0.5619596541786743,-0.35039370078740156,1.1606002349292925,-0.5706123432878865,0.1819403757554288,Communication Equipment,Technology,NOK
2015Q2,2015,Q2,2015-06-30,2015-06-30,347000000.0,3209000000.0,508000000.0,0.09,1535000000.0,0.4783421626674977,20693000000.0,8919000000.0,12854000000.0,6694000000.0,11714000000.0,1368000000.0,4359000000.0,22414615086.0835,21219615086.0835,2.461101543686553,1.9202270690170302,0.13473155173246992,0.31259109765668797,0.03231576621726192,2.461101543686553,0.0389057069178159,6.984922120935962,16.148858131184078,2.5131309660369436,1.4610951008645534,1.2236842105263157,0.022619170485545372,0.15507659595032136,1.599492082461906,0.01676895568549751,-64.78212452625289,0.4783421626674977,0.7999999999999998,-0.3834955589351972,-0.8318070094435753,-0.3259460719302021,0.13033873343151695,0.96045197740113,1.1434599156118144,1.2520042009606962,-0.5643069748716115,0.013764304987203971,Communication Equipment,Technology,NOK
2015Q1,2015,Q1,2015-03-31,2015-03-31,177000000.0,3196000000.0,237000000.0,0.05,1358000000.0,0.42490613266583227,22015000000.0,9165000000.0,13879000000.0,7499000000.0,12790000000.0,1437000000.0,4517000000.0,25619244276.338802,23674244276.338802,2.5178855036553984,1.8507801040138685,0.12918464683170566,0.31031096563011457,0.015052270119444313,2.5178855036553984,0.019312602291325694,8.016033878704256,36.18537327166497,2.79533489103533,0.02824858757062147,1.279053583855254,0.00019516578811100437,0.14517374517374518,1.5555407387651687,0.0080399727458551,-95.23882630609221,0.42490613266583227,-0.5454545454545454,-0.4832899157682899,-0.6580381235530763,-0.33141053423031214,-0.17696969696969697,-0.6013513513513513,-0.4768211920529801,1.19421827930897,-0.5569877912602282,-0.14225659726094847,Communication Equipment,Technology,NOK
2014Q4,2014,Q4,2014-12-31,2014-12-31,444000000.0,3802000000.0,453000000.0,0.11,1650000000.0,0.43398211467648606,21063000000.0,8611000000.0,13724000000.0,7288000000.0,12394000000.0,1275000000.0,4710000000.0,23912260211.1114,21434260211.1114,2.3482263405492683,1.8830954994511526,0.1278070550254,0.3126233886888863,0.03190664219225242,2.3482263405492683,0.051561955638137265,6.289389850371226,13.464110479229392,2.77694346894802,0.02027027027027027,1.6878431372549019,0.00037637596448611475,0.1805061007453829,1.616218441273326,0.021079618287993162,181.15348644781363,0.43398211467648606,-0.42105263157894735,-0.5264713520918809,-0.6793457474853528,-0.33480047787986467,0.11637347767253045,-0.40562248995983935,1.5592592592592593,1.4190510716487046,-0.6155199672763217,-0.2662098253853625,Communication Equipment,Technology,NOK
2014Q3,2014,Q3,2014-09-30,2014-09-30,747000000.0,3324000000.0,-810000000.0,0.19,1478000000.0,0.4446450060168472,20895000000.0,8217000000.0,13705000000.0,7372000000.0,12580000000.0,1330000000.0,4274000000.0,24736062681.5112,22241062681.5112,2.220026601414041,1.8590613130765057,0.12505384063173008,0.31799926980649873,0.06815600151457782,2.220026601414041,0.09090909090909091,7.441655439684476,8.278468099568675,3.010352036206791,1.8393574297188755,1.38796992481203,0.055546431042438574,0.15908111988513998,1.5310634834508954,0.03575017946877243,73.40077947035964,0.4446450060168472,-0.6885245901639344,2.3385633965967814,-0.6605919342704389,-0.32060864005995815,0.14219474497681608,-0.702390438247012,-3.852112676056338,12.011302263513624,-0.6289677383287401,-0.34879395215779635,Communication Equipment,Technology,NOK
2014Q2,2014,Q2,2014-06-30,2014-06-30,2510000000.0,2942000000.0,284000000.0,0.61,1294000000.0,0.4398368456832087,20715000000.0,7266000000.0,14671000000.0,8234000000.0,13360000000.0,1172000000.0,3523000000.0,20527653552.839996,16288653552.839996,1.9563865276966281,1.7817585620597522,0.12174752594738113,0.34709606385906966,-0.041910729691685966,1.9563865276966281,0.34544453619598126,6.9774485223793326,2.0445870072549797,2.825165641734104,0.0,1.4061433447098977,0.0,0.14202268887279748,1.5034005343696866,0.12116823557808351,28.790537942272085,0.4398368456832087,11.166666666666666,5.588952702448963,-0.7039209761748068,-0.4329924134276387,0.06414473684210527,11.502092050209205,0.17355371900826447,7.8134146234033794,-0.6831398192667429,-0.41199855146675735,Communication Equipment,Technology,NOK
2014Q1,2014,Q1,2014-03-31,2014-03-31,-239000000.0,2664000000.0,242000000.0,-0.06,1216000000.0,0.45645645645645644,22779000000.0,6077000000.0,16768000000.0,12244000000.0,16505000000.0,936000000.0,2339000000.0,19744283847.5564,18633283847.5564,1.636659447984959,1.3694870957203529,0.21001799903419816,0.787230541385552,0.014589115270452164,1.636659447984959,-0.03932861609346717,7.411517960794445,-20.65301657694184,3.2490182405062367,-0.03765690376569038,1.547008547008547,0.0004558281307890466,0.11694982220466218,0.8221986278993793,-0.010492119935027876,-90.57010939246055,0.45645645645645644,-7.9093592,-2.952066808334736,-0.7137643417358577,-0.5787518663129639,7.204081632653061,-8.56,-0.6366366366366366,-1.6941029965872798,-0.7440665192217434,-0.5717881067639862,Communication Equipment,Technology,NOK
2013Q4,2013,Q4,2013-12-31,2013-12-31,-25000000.0,-4500000000.0,666000000.0,-0.006734491073162703,-196000000.0,-0.043555555555555556,25191000000.0,6468000000.0,19143000000.0,14178000000.0,18531000000.0,804000000.0,2581000000.0,21901665381.632397,20930665381.632397,1.7423475304486544,1.3501904358865848,0.26445952919693544,1.0299938157081014,0.06254260975014603,1.7423475304486544,-0.003865182436611008,-4.867036751473866,-219.01665381632398,3.386157294624675,-0.8,-5.353233830845771,0.0009131725670858249,-0.17863522686673813,0.8721258287487657,-0.000992417927037434,-1095.0832690816198,0.043555555555555556,0.6632754463418649,-1.0422756965350484,-1.3497699634849516,-0.5472546677349268,-1.109192200557103,0.7252747252747253,4.6440677966101696,-1.0335268095669266,-1.355382591330713,-0.5507388871307947,Communication Equipment,Technology,NOK
2013Q3,2013,Q3,2013-09-30,2013-09-30,-91000000.0,5662000000.0,118000000.0,-0.02,1795000000.0,0.3170257859413635,26089000000.0,6684000000.0,17672000000.0,13938000000.0,19198000000.0,1500000000.0,2603000000.0,17871382290.43314,17023382290.43314,1.8005335333207801,1.2679007031137897,0.25761815324466253,1.0055356074207062,-0.016061040329282735,1.8005335333207801,-0.013614602034709754,3.156372711132663,-49.09720409459654,2.6737555790594167,-0.08791208791208792,2.578,0.00044764304573589354,0.21702633293725324,0.9479839288276654,-0.00348806010195868,-279.2403482880178,0.3170257859413635,0.6666666666666666,-1.083541781687627,-0.5382078898724268,-0.5091432920565798,-0.05873099108547457,0.5991189427312775,2.026086956521739,-1.171867678985995,-0.44918226739196165,-0.5061398302521045,Communication Equipment,Technology,NOK
2013Q2,2013,Q2,2013-06-30,2013-06-30,-227000000.0,5695000000.0,-115000000.0,-0.06,1907000000.0,0.33485513608428447,26547000000.0,7464000000.0,17942000000.0,13762000000.0,17919000000.0,1420000000.0,3500000000.0,10969138544.974398,8273138544.974398,2.0106799864338365,1.303734922249673,0.20288544844991901,0.7215969989281886,-0.014216787103946636,2.0106799864338365,-0.030412647374062164,1.9260998323045475,-12.08054905834185,1.4696059143856375,-0.004405286343612335,2.667605633802817,9.116486184397391e-05,0.2145251817531171,0.9883737828803953,-0.008550872038271744,-32.35734084063244,0.33485513608428447,0.14285714285714296,-1.2080433283011547,-0.5623191846518485,-0.3684682893047508,0.036976617727025554,0.16544117647058823,0.23333333333333334,-1.3937227840144595,-0.7085997906539538,-0.44930888917451833,Communication Equipment,Technology,NOK
2013Q1,2013,Q1,2013-03-31,2013-03-31,-272000000.0,5852000000.0,-150000000.0,-0.07,1839000000.0,0.31425153793574845,28817000000.0,7747000000.0,19682000000.0,15208000000.0,19843000000.0,1542000000.0,3729000000.0,9398817990.432,6339817990.431999,2.08731086355448,1.2941872698579695,0.19509317416802582,0.7257002710726733,-0.014799904419103024,2.08731086355448,-0.035110365302697816,1.606086464530417,-8.638619476499999,1.2132203421236607,-0.15441176470588236,2.6024643320363166,0.004468647019524798,0.20307457403615922,0.9894792214623882,-0.009438872887531665,106.80474989127272,0.31425153793574845,-2.2859838613861387,-1.229398337821955,-0.5235959039860857,-0.44755924627795696,-0.288312693498452,-2.3465346534653464,-1.3416856492027336,-1.7787402897363374,-0.3859194986291695,-0.44574363960032026,Communication Equipment,Technology,NOK
2012Q4,2012,Q4,2012-12-31,2012-12-31,202000000.0,8041000000.0,439000000.0,0.05443303147253207,2584000000.0,0.321353065539112,29949000000.0,8061000000.0,20878000000.0,14646000000.0,20502000000.0,1538000000.0,3995000000.0,11052417690.6,7649417690.6,2.1722013202974306,1.4255086713095726,0.1852816454639554,0.6883761319935492,0.021933872152828802,2.1722013202974306,0.02505892569160154,1.3745078585499317,13.67873476559406,1.3710975921845925,0.0297029702970297,3.5481144343302993,0.0005428676483248508,0.26848976593542356,1.089649050935409,0.006744799492470533,26.504598778417268,0.321353065539112,1.2093578133558927,-0.8859423164319893,-0.46950327781654677,-0.4325593033307702,0.2978402812656956,1.2084623323013415,1.7621527777777777,-0.7871177538602171,-0.3298689523405111,-0.3846643931808577,Communication Equipment,Technology,NOK
2012Q3,2012,Q3,2012-09-30,2012-09-30,-969000000.0,7239000000.0,-576000000.0,-0.26,1991000000.0,0.2750379886724686,29814000000.0,7848000000.0,20210000000.0,15750000000.0,20629000000.0,1969000000.0,3790000000.0,7941887422.127998,5496887422.127998,2.114804113843721,1.2831746031746032,0.17491782384114846,0.6645005096839959,-0.06196817828720223,2.114804113843721,-0.12347094801223242,1.097097309314546,-2.0489905629845198,1.011963229119266,0.0,2.665312341289995,0.0,0.2428053934393238,0.9036825396825396,-0.03250150935801972,-15.979652760820922,0.2750379886724686,0.3157894736842105,-1.6455540572080918,-0.41560080799787497,-0.3778915068124075,0.11791128579449747,0.3127659574468085,0.3026634382566586,-0.7318424510791749,-0.262764938961061,-0.35280971768719926,Communication Equipment,Technology,NOK
2012Q2,2012,Q2,2012-06-30,2012-06-30,-1410000000.0,7542000000.0,-826000000.0,-0.38,1781000000.0,0.23614425881728984,31313000000.0,9009000000.0,21432000000.0,16310000000.0,20993000000.0,2126000000.0,4769000000.0,6174508557.905999,2709508557.905999,2.4276861313612907,1.3140404659717964,0.16673586050522146,0.5795315795315795,-0.10108532616612534,2.4276861313612907,-0.1565101565101565,0.8186831819021478,-1.094771020905319,0.6853711352987013,-0.5269503546099291,2.7097836312323613,0.1203334634703265,0.24085842940631685,0.9448191293684856,-0.04502922109028199,-474.96219676199996,0.23614425881728984,-0.52,-1.5248938743645297,-0.36916217516775224,-0.23669037746628235,-0.12438544739429695,-0.5177610333692142,0.3835820895522388,-4.704404999900791,-0.24035937859434872,-0.29639852104327574,Communication Equipment,Technology,NOK
2012Q1,2012,Q1,2012-03-31,2012-03-31,-929000000.0,7354000000.0,-1340000000.0,-0.25,2034000000.0,0.2765841718792494,33169000000.0,10892000000.0,22622000000.0,16122000000.0,20827000000.0,2345000000.0,6912000000.0,15300271876.869,11483271876.869,2.9354763856125006,1.403175784642104,0.14836142180952094,0.4517994858611825,-0.09062034982841552,2.9354763856125006,-0.08529195739992655,2.0805373778717704,-4.11740362671394,1.4047256589119537,-0.006458557588805167,2.2686567164179103,0.000392149894347356,0.22171304531339503,0.9914402679568292,-0.028008079833579547,-21.19151229483241,0.2765841718792494,0.13793103448275856,-2.0107200359188298,-0.20550258659619278,-0.05358335107546552,-0.29958677685950413,0.1333955223880597,-0.40461215932914046,-8.593016837670616,-0.2092940377132193,-0.24445861327835877,Communication Equipment,Technology,NOK
2011Q4,2011,Q4,2011-12-31,2011-12-31,-1072000000.0,10005000000.0,-954000000.0,-0.29,2904000000.0,0.2902548725637181,36205000000.0,11873000000.0,25455000000.0,17444000000.0,22289000000.0,2330000000.0,7836000000.0,13802785050.4704,9887785050.4704,3.200133255780482,1.4592409997706948,0.14696865073884824,0.44815969005306155,-0.06129496011095987,3.200133255780482,-0.09028889076054915,1.3795887106916942,-3.2189330808000003,1.1625355891914764,-0.025186567164179104,3.0476394849785406,0.001956126962875499,0.2763430465405331,1.0397271268057784,-0.029609170004143075,28.75580218848,0.2902548725637181,-13.499999999999998,-1.9139920504201717,-0.07192390940845829,0.07952159107627949,0.15743324033479475,-14.764705882352942,-12.43661971830986,-2.8137957116782624,-0.22190985777241728,-0.16845212056645947,Communication Equipment,Technology,NOK
2011Q3,2011,Q3,2011-09-30,2011-09-30,-68000000.0,8980000000.0,-71000000.0,-0.02,2509000000.0,0.2793986636971047,36604000000.0,12648000000.0,24735000000.0,16818000000.0,21914000000.0,2500000000.0,8937000000.0,15456521142.972002,12772521142.972002,3.4091000978418196,1.470745629682483,0.1568681018467927,0.45398481973434535,-0.0070238539803586285,3.4091000978418196,-0.005376344086021506,1.7212161629144769,-56.825445378573534,1.222052588786528,-0.07352941176470588,2.5884,0.00032348805748397486,0.2453283794120861,1.0467356403853014,-0.0018577204677084473,22.76365411336083,0.2793986636971047,0.7999999999999999,-1.0876814296046953,-0.03153276094181379,0.23186874009682792,-0.11405367231638418,0.8152173913043478,0.8542094455852156,-1.0624632212071148,-0.26716516773608817,-0.07062011336719677,Communication Equipment,Technology,NOK
2011Q2,2011,Q2,2011-06-30,2011-06-30,-368000000.0,9275000000.0,-487000000.0,-0.1,2832000000.0,0.3053369272237197,35227000000.0,12344000000.0,23485000000.0,16214000000.0,21268000000.0,2352000000.0,8984000000.0,16450495279.822802,14506495279.822802,3.3271797757927186,1.4484396200814111,0.15519345956226757,0.44288723266364227,-0.024729017428093015,3.3271797757927186,-0.029812054439403757,1.773638305102189,-11.17560820640136,1.332671360970739,-4.032608695652174,2.73937074829932,0.09021004989559105,0.2632923609731172,1.0199210558776366,-0.010446532489283789,-49.4008867261946,0.3053369272237197,-2.111111111111111,-1.3543037797531736,0.03758790124469461,0.2267411889004027,-0.07872478854912167,-2.0697674418604652,-2.1093394077448746,-1.337461928914384,-0.2867747157965071,0.04502931832715795,Communication Equipment,Technology,NOK
2011Q1,2011,Q1,2011-03-31,2011-03-31,344000000.0,10399000000.0,439000000.0,0.09,3074000000.0,0.29560534666794885,36147000000.0,14178000000.0,24869000000.0,15117000000.0,20245000000.0,2311000000.0,10842000000.0,22354769436.749996,19473769436.749996,3.822078447230085,1.6451015413111068,0.12958198467369353,0.33037099731979125,0.013340856522744667,3.822078447230085,0.024262942587106786,2.149703763510914,16.246198718568312,1.5767223470694032,0.05813953488372093,3.1696235395932497,0.00089466366703479,0.2876863916784242,1.1893232784282595,0.009516695714720446,-78.16352949912586,0.29560534666794885,-0.5519464161073826,-0.6326677147505247,0.22438748843387774,0.5241653919151175,-0.17520794204453985,-0.538255033557047,-0.503393665158371,-0.709724185452421,-0.15297974730344602,0.01157519708249894,Communication Equipment,Technology,NOK
2010Q4,2010,Q4,2010-12-31,2010-12-31,745000000.0,12651000000.0,884000000.0,0.20086883184393814,3727000000.0,0.2946012172950755,39123000000.0,14384000000.0,27145000000.0,17540000000.0,22892000000.0,2523000000.0,10500000000.0,28776072180.7296,26463072180.7296,3.878251378849941,1.547605473204105,0.13493341512665183,0.36700500556173526,0.040046207162110124,3.878251378849941,0.051793659621802005,2.27460850373327,9.656400060647515,2.0005611916525026,0.006711409395973154,3.537059056678557,0.00017375547185860679,0.32336477264013497,1.1336374002280503,0.01904250696521228,12.938881376227338,0.2946012172950755,0.4347773703138437,-0.17783151165211766,0.4505975359352423,0.4030937167126672,0.2672560353621217,0.40831758034026466,1.1935483870967742,-0.5791042122522063,-0.1648920319381312,0.013109440506040128,Communication Equipment,Technology,NOK
2010Q3,2010,Q3,2010-09-30,2010-09-30,529000000.0,10270000000.0,403000000.0,0.14,2941000000.0,0.2863680623174294,37256000000.0,13522000000.0,25147000000.0,16652000000.0,22147000000.0,2593000000.0,9842000000.0,27296723601.4992,27699723601.4992,3.6458367036157466,1.5101489310593321,0.1572901009233412,0.4333678449933442,0.02085726198087894,3.6458367036157466,0.039121431740866734,2.657908821957079,12.900152930765216,2.0186898093106938,0.011342155009451797,2.8264558426532975,0.00021980659978073215,0.27566029632810823,1.0694811434061975,0.014199055185741894,105.80125426937674,0.2863680623174294,-0.12499999999999993,-0.28800292903000857,0.44947445695453564,0.24763389793846366,-0.5217108472922426,-0.08159722222222222,-0.48531289910600256,-0.6473778095209662,-0.17044229245439588,0.07248986478093211,Communication Equipment,Technology,NOK
2010Q2,2010,Q2,2010-06-30,2010-06-30,576000000.0,19525000000.0,783000000.0,0.16,6149000000.0,0.3149295774647887,37727000000.0,13541000000.0,24663000000.0,16808000000.0,22382000000.0,2216000000.0,9196000000.0,24714180285.850002,24457180285.850002,3.6511938306391816,1.4673369823893385,0.14247090942826093,0.39694261871353664,0.018273409289838356,3.6511938306391816,0.04253747876818551,1.2657710773802817,10.726640749066842,1.825137012469537,2.6354166666666665,6.036101083032491,0.061422227338412856,0.5175338616905665,1.0537244169443123,0.015267580247568054,32.01318689876943,0.3149295774647887,0.7777777777777779,-0.13972719500503558,1.889763467681956,0.22166152197460515,0.99772579597141,0.6504297994269341,0.6045081967213115,-0.7854428085385139,0.6341444394162697,0.1480031741582122,Communication Equipment,Technology,NOK
2010Q1,2010,Q1,2010-03-31,2010-03-31,349000000.0,9522000000.0,488000000.0,0.09,3078000000.0,0.32325141776937616,36487000000.0,13966000000.0,24068000000.0,15186000000.0,20578000000.0,2020000000.0,10430000000.0,42663291028.974,46255291028.974,3.765966460085906,1.5848808112735415,0.14098171951654015,0.3683230703136188,0.010873149559280947,3.765966460085906,0.02498925963053129,4.480496852444234,30.561096725626072,3.0547967226817985,0.0,3.1900990099009903,0.0,0.26096966042700137,1.144606874753062,0.009565050565954998,50.72924022470154,0.32325141776937616,-0.648018829113924,-0.513415360702397,0.5486602221969774,0.29982192099866734,-0.2442916768966364,-0.6318565400843882,-0.5723049956178791,-0.6200958482721854,0.029272787970229315,0.2141720419164652,Communication Equipment,Technology,NOK
2009Q4,2009,Q4,2009-12-31,2009-12-31,948000000.0,11988000000.0,1141000000.0,0.2556954957943755,4073000000.0,0.3397564230897564,35738000000.0,13088000000.0,23613000000.0,15188000000.0,20989000000.0,1865000000.0,10132000000.0,33253040839.005005,32530040839.005005,3.5301082794902814,1.5547142480905978,0.14558733001287144,0.39753973105134477,0.05175871852835108,3.5301082794902814,0.07243276283618581,2.7738605971809314,8.769261824632121,2.540727447967986,0.027426160337552744,4.2439678284182305,0.0007818833810080501,0.33544126699871285,1.110613642349223,0.026526386479377693,23.97479512545422,0.3397564230897564,2.70463663862917,0.14750731233947642,0.6318745055428411,0.1325480483775066,0.3306109114668409,2.695885509838998,3.6784037558685445,-0.19115907791647116,0.11280833758597918,0.19083419406466925,Communication Equipment,Technology,NOK
2009Q3,2009,Q3,2009-09-30,2009-09-30,-559000000.0,9810000000.0,-426000000.0,-0.15,3061000000.0,0.31202854230377164,35374000000.0,12115000000.0,22879000000.0,15621000000.0,21497000000.0,2034000000.0,9175000000.0,36986751777.612,40970751777.612,3.267669759017784,1.4646309455220536,0.15372872731384632,0.44886504333470906,-0.047245035656252515,3.267669759017784,-0.04614114733801073,3.77031108844159,-16.541481117,3.0529716696336773,-0.0017889087656529517,3.3180924287118976,2.703670779236413e-05,0.2773223271329225,1.0350809807310672,-0.015802566857013627,60.04342821040909,0.31202854230377164,-2.5,-2.0423928456709417,0.7408926053313545,0.0697620596650432,-0.051440966842268364,-2.471052631578947,-1.9976580796252927,-1.7212857655670135,0.05870374438477321,0.1807632846105173,Communication Equipment,Technology,NOK
2009Q2,2009,Q2,2009-06-30,2009-06-30,380000000.0,9912000000.0,427000000.0,0.1,3227000000.0,0.3255649717514124,37275000000.0,12783000000.0,22669000000.0,16751000000.0,22407000000.0,1973000000.0,9739000000.0,38476322887.156204,42487322887.156204,3.4503709897838464,1.3532923407557758,0.15230046948356807,0.4441054525541735,0.017470063294748248,3.4503709897838464,0.02972698114683564,3.881792058833354,25.3133703204975,3.0099603291211925,3.9210526315789473,3.3882412569690827,0.03872511425714689,0.26591549295774647,0.962629096770342,0.010194500335345406,67.26629875376959,0.3255649717514124,2.3333333333333335,-0.3339759292272489,0.8637392267189578,0.15881771583671256,0.11160868067516362,2.1147540983606556,6.763636363636364,-0.6336263647483569,0.11041398903403148,0.2721621599621645,Communication Equipment,Technology,NOK
2009Q1,2009,Q1,2009-03-31,2009-03-31,122000000.0,9274000000.0,55000000.0,0.03,2903000000.0,0.3130256631442743,39967000000.0,14375000000.0,24512000000.0,18621000000.0,23437000000.0,2292000000.0,10831000000.0,32594329352.4777,37139329352.4777,3.885262193709578,1.3163632457977552,0.15410213426076513,0.42845217391304347,-0.0008928281549300345,3.885262193709578,0.00848695652173913,3.514592339063802,66.7916585091756,2.2674316071288834,0.23770491803278687,2.7796684118673647,0.0008897253165233641,0.23204143418320114,0.9483378980720691,0.0030525183276202865,285.9151697585763,0.3130256631442743,-0.8116753170695299,-0.8106421961115399,0.7728010931186807,0.3109125110422617,-0.2954156675488509,-0.7930518867264413,-0.8919420031905401,-0.8693864170804583,0.09476839341608163,0.5493617558948715,Communication Equipment,Technology,NOK
2008Q4,2008,Q4,2008-12-31,2008-12-31,589519750.0,12825642330.0,508985930.0,0.15929935223135921,4120159740.0,0.3212439294648567,39676073220.0,14241808840.0,24527719300.0,20403011020.0,23126956300.0,2539331900.0,11719717100.0,41295549020.544,40196488820.544,3.8484052872102175,1.2021617434778016,0.11246899498488222,0.3133259356400686,0.031157775725975074,3.8484052872102175,0.04139360081454373,3.2197645901875074,17.512368763109293,2.8996000075889232,0.07645604748611051,3.4282570899849683,0.0010914578221874977,0.3232588633175226,0.803999577509418,0.014858318935222492,-72.67372982553222,0.3212439294648567,-0.4486385427406922,-0.34923623946432053,0.8828707461212124,0.21030868862833663,-0.05359815313256766,-0.45711033037279747,-0.6531563916836106,-0.3479779495078199,0.4738747323018563,0.39229584428064745,Communication Equipment,Technology,NOK
2008Q3,2008,Q3,2008-09-30,2008-09-30,1085892370.0,12222849910.0,1467479630.0,0.28892,4353499260.0,0.3561771020716068,40230503670.0,13574718530.0,25386901110.0,22176035820.0,24303136550.0,3242073170.0,11132701920.0,48961461138.24,47483342458.24,3.668144907023096,1.144789867587795,0.10641561326492834,0.31537697894351846,0.06149369319096635,3.668144907023096,0.07999373007994148,4.005732010026784,11.272171738862113,3.6068122539731213,0.006364645512703989,2.427258805513017,0.0001411583690381761,0.30382045450538603,0.8154544873025011,0.026991766717794116,49.693498045690994,0.3561771020716068,-0.004901099733763196,0.6962228201408822,1.2867431018473487,0.19533651521408948,-0.016783973569269688,-0.016202806971863375,-0.005445739653323731,0.46476746797181373,0.7289083471616759,0.2552679400077403,Communication Equipment,Technology,NOK
2008Q2,2008,Q2,2008-06-30,2008-06-30,1103776650.0,13162711300.0,1475514900.0,0.290343,4427815600.0,0.3363908467703003,33810388150.0,11955991750.0,25420541800.0,18044238200.0,19348181600.0,2765478400.0,9963220550.0,58414801585.14,54559526435.14,3.1838147671481005,1.4087899704183688,0.040201477249234126,0.11368588891841616,0.08122878341953808,3.1838147671481005,0.09231995748073346,4.437900387980096,13.230666182587754,4.8858181576731186,0.0,3.158547794117647,0.0,0.3893096772980999,1.0644456965769826,0.0326460804029545,48.22731832383018,0.3363908467703003,-0.09218166184632222,1.2553295639854778,1.392238088852819,0.07777165870127933,-0.021428717260581848,-0.09631946580101443,-0.03587598289915444,0.6280695303251694,0.9239538264277151,0.06528006305227137,Communication Equipment,Technology,NOK
2008Q1,2008,Q1,2008-03-31,2008-03-31,1221423510.0,12653668960.0,1530420230.0,0.319825,4524775740.0,0.3575860688550841,35665693130.0,14445596660.0,27318982550.0,17384231450.0,18652511020.0,2791734710.0,10824383050.0,77227284935.31601,71344949835.31601,3.7783433779845588,1.5714806046257512,0.03586201999041312,0.0885421232576488,0.0726973735481405,3.7783433779845588,0.08455334443762602,6.103153573832392,15.806819727769119,5.346077891622097,0.0,2.911771376729417,0.0,0.35478544925169103,1.205208523037698,0.034246453743320256,139.38905259367604,0.3575860688550841,-0.32984627788833065,0.5700735484038001,1.347272097660451,0.3125384238959113,-0.2094659240868846,-0.33785128105095974,-0.38844508475887635,0.6518125919550626,0.9962087934525349,0.3040938096013881,Communication Equipment,Technology,NOK
2007Q4,2007,Q4,2007-12-31,2007-12-31,1844636220.0,15787423780.0,2502506630.0,0.4772412499511669,5723694750.0,0.36254773608161167,37658378220.0,14796273510.0,29340146860.0,19006143570.0,20292835690.0,2880654000.0,13891610980.0,101626122024.4424,100773585614.4424,3.8280675549847656,1.5437191007181263,0.03387607911703639,0.08621888471700737,0.10873038415751762,3.8280675549847656,0.12466897281625068,6.437156780017873,13.77319290960827,6.86835924976372,0.021789250131931164,3.493557029063539,0.00039550106999392345,0.41922739443982354,1.2177835516581863,0.048983421676410156,41.561083910933625,0.36254773608161167,0.19268866556663278,1.1570560329557096,1.1828271414083982,0.27324328989206154,0.29277022652642803,0.1798740793464258,0.34352192701969575,1.141757805970089,1.0614072176492408,0.2281409223745556,Communication Equipment,Technology,NOK
2007Q3,2007,Q3,2007-09-30,2007-09-30,1563417870.0,12901876470.0,1862646660.0,0.400139,4427464860.0,0.3431644125794362,33791129400.0,13139437500.0,25336339350.0,16680428310.0,18081267540.0,2890676250.0,12152052570.0,103064285152.83679,102247888102.83679,3.3994136665901724,1.5189261857749023,0.027996681874740772,0.072,0.10719722581556893,3.3994136665901724,0.11898666666666667,7.988317466260534,16.48060431099537,7.843888686470542,0.00026850786859689663,2.931636363636364,4.0730889403393436e-06,0.3818125259228536,1.1341007436037474,0.0462671090833679,56.455410306507865,0.3431644125794362,-0.44419812454249086,2.1543908497230224,1.1994036151151695,0.0,0.13054555669126813,-0.44716708654472404,-0.21037242132018888,1.796450832702676,1.196182136660161,0.11289207105129859,Communication Equipment,Technology,NOK
2007Q2,2007,Q2,2007-06-30,2007-06-30,2828011560.0,12586424490.0,2358892610.0,0.719931,3916219770.0,0.3111463285789752,31432447190.0,12425372630.0,23001603950.0,15350163060.0,16634884090.0,2661049540.0,10390061280.0,81131166199.56961,79508088509.56961,3.1804736370319406,1.4984599095196842,0.02298634451312666,0.0581485225043106,0.17616105673930943,3.1804736370319406,0.2275997383911053,6.4459264236661395,7.172103479623824,6.5294755027052735,0.5959641232866814,3.258189894503054,0.020773686721748872,0.40042776223940585,1.1018866108383867,0.08997109079371049,63.85577793063928,0.3111463285789752,1.8803692027014052,2.9917506231504016,1.2084549232304012,0.0,0.20102643908259782,1.8905399514734702,0.8547619355393472,3.7004223488259154,1.244272566724037,0.06817185927450783,Communication Equipment,Technology,NOK
2007Q1,2007,Q1,2007-03-31,2007-03-31,978367920.0,9852546720.0,1271803440.0,0.249944,3260727360.0,0.3309527427442638,22822845840.0,12250184400.0,18831523920.0,10110051360.0,10506788160.0,1576467360.0,12109455120.0,67762221665.21281,66610187825.21281,3.1016744992263656,1.8626536354212941,0.007576503001082357,0.014115490375802016,0.07634676111458347,3.1016744992263656,0.07986556675832569,6.8776351527123545,17.31511742157613,5.531526665444546,0.03749043611323642,4.181386514719848,0.0005412963019603913,0.4316966774902424,1.47001332741004,0.04286791957755256,45.788282185128985,0.3309527427442638,-0.2093527701722913,0.35992490997126175,0.6860872331833919,0.0,-0.14246773948863478,-0.2334018156859045,-0.16489914746466844,0.4225472358053427,0.7643410420582571,0.04652497141625813,Communication Equipment,Technology,NOK
