Quarters,Year,Quarter,FillingDate,Date,NetIncome,Revenue,OperatingIncome,EPSDiluted,GrossProfit,GrossProfitRatio,TotalAssets,CommonStockEquity,CurrentAssets,CurrentLiability,TotalLiability,Inventory,RetainedEarnings,MarketCap,EnterpriseValue,bookValuePerShare,currentRatio,debtToAssets,debtToEquity,roic,shareholdersEquityPerShare,roe,priceToSalesRatio,peRatio,pbRatio,payoutRatio,inventoryTurnover,dividendYield,assetTurnover,quickRatio,returnOnAssets,priceToFreeCashFlowsRatio,grossProfitMargin,epsdilutedGrowth,fiveYNetIncomeGrowthPerShare,fiveYRevenueGrowthPerShare,fiveYShareholdersEquityGrowthPerShare,grossProfitGrowth,netIncomeGrowth,operatingIncomeGrowth,threeYNetIncomeGrowthPerShare,threeYRevenueGrowthPerShare,threeYShareholdersEquityGrowthPerShare,Industry,Sector,Symbol
2023Q1,2023,Q1,2023-05-11,2023-04-01,103131000.0,1029373000.0,167892000.0,2.01,377654000.0,0.3668777013,7699439000.0,3108597000.0,1448355000.0,981392000.0,4542621000.0,262584000.0,1536032000.0,10312396540.0,13272785540.0,60.837172436737966,1.4758170027878768,0.4106761544574871,1.0171714120550204,0.019912116375769617,60.837172436737966,0.033176059810905045,10.01813389315632,24.998294741639274,3.317379686077031,0.0,2.48194482527496,0.0,0.13369454579742757,1.0086652428387433,0.013394612256815075,4111.800853269538,0.3668777012802939,-0.4493150684931507,0.8324992044998801,0.9488050055340895,1.5504807618790268,-0.05322349354699612,-0.44970385785176886,-0.39974258133714696,0.9555242711655089,0.4014890500641256,0.8114701322716827,Diagnostics & Research,Healthcare,CRL
2022Q4,2022,Q4,2023-02-22,2022-12-31,187410000.0,1099843000.0,279700000.0,3.65,398884000.0,0.3626735816,7602770000.0,2976293000.0,1439032000.0,1091585000.0,4579265000.0,255809000.0,1432901000.0,11092417400.0,13955781400.0,58.466447962912035,1.318295872515654,0.4073878336448426,1.0406488877271156,0.03341307885088386,58.466447962912035,0.06296759089242894,10.085455287709246,14.796992423029721,3.726923861326825,0.0,2.740165514114046,0.0,0.14466345818695028,0.9035503419339768,0.024650226167567874,76.11465762730472,0.36267358159300916,0.9414893617021277,7.000232656594148,1.137476685465733,1.6482434332494804,0.07741550362889393,0.9426160687446229,0.8526123357354811,1.239419662154772,0.5278605606150726,0.7481803591539656,Diagnostics & Research,Healthcare,CRL
2022Q3,2022,Q3,2022-11-02,2022-09-24,96473000.0,989157000.0,150976000.0,1.88,370223000.0,0.3742813325,7382769000.0,2626853000.0,1415352000.0,1014194000.0,4710825000.0,261522000.0,1279567000.0,9538633700.0,12697531700.0,51.63854924316886,1.3955436533838694,0.4541113232717968,1.2762796395534886,0.018639523850953084,51.63854924316886,0.03672569420519534,9.643194861887446,24.718402299088865,3.6312019363093406,0.0,2.3666613133885486,0.0,0.13398184339778205,0.959530425145485,0.013067319321517442,157.9610124863379,0.3742813324881692,-0.11737089201877934,0.714925446823173,0.9875304313079387,1.3986976182756417,0.03783576190129119,-0.11752545256629558,0.021377929317529902,0.2715487001925323,0.42114656528979694,0.6451538928097702,Diagnostics & Research,Healthcare,CRL
2022Q2,2022,Q2,2022-08-03,2022-06-25,109321000.0,973131000.0,147816000.0,2.13,356726000.0,0.3665755176,7529361000.0,2647706000.0,1393086000.0,1048135000.0,4836257000.0,256765000.0,1183094000.0,11502261360.0,14667300360.0,52.09660980264841,1.329109322749455,0.44696488852108435,1.2710474652397208,0.017794380534556502,52.09660980264841,0.04128894975499545,11.81984887954448,26.303869704814264,4.344236618416093,0.0,2.400658189394972,0.0,0.12924483233039297,0.9053585654519695,0.014519293204297151,172.64959562907148,0.3665755175819083,0.14516129032258052,0.8974073577940317,0.9424218757460372,1.5732641932274138,0.059106104780623364,0.14801629806985486,-0.006466009759507454,1.3991325846453937,0.4201718667135849,0.7462134729935057,Diagnostics & Research,Healthcare,CRL
2022Q1,2022,Q1,2022-05-04,2022-03-26,95226000.0,913929000.0,148778000.0,1.86,336818000.0,0.3685384751,7075049000.0,2610184000.0,1333086000.0,993839000.0,4404324000.0,221175000.0,1073773000.0,14133624000.000002,16872676000.000002,51.54391785150079,1.3413500577055237,0.4213286720699744,1.1420348144038888,0.021593007016010413,51.54391785150079,0.03648248552592461,15.464684893465469,37.105475395375215,5.414799876177312,0.0,2.609295806488075,0.0,0.1291763491673344,0.9556175597858405,0.013459412083223734,637.6262744744204,0.3685384750894216,-0.3136531365313653,0.9113234205571987,0.9249911164618718,1.7962350922861654,-0.02965613404319067,-0.31897273058851294,-0.13905108010670864,0.652782500189331,0.4465663966917204,0.7864889209664055,Diagnostics & Research,Healthcare,CRL
2021Q4,2021,Q4,2022-02-16,2021-12-25,139827000.0,905050000.0,172807000.0,2.71,347112000.0,0.3835279819,7024292000.0,2534820000.0,1274095000.0,1033185000.0,4432300000.0,199146000.0,980751000.0,18633893200.0,21312010200.0,50.22329654653167,1.233172181167942,0.41560501755906504,1.151691638854041,0.02587261698817581,50.22329654653167,0.05516249674533103,20.58879973482128,33.315978316061994,7.351170181709155,0.0,2.8016530585600514,0.0,0.1288457256617464,0.8567274979795487,0.01990620549373517,142.8070568579815,0.3835279818794542,0.3482587064676618,1.9263263238449575,0.8129959670611493,1.8326110190841618,0.02931259952494907,0.35195212035658346,0.10914494037303757,1.2354380292907714,0.4351804867695624,0.835452388342251,Diagnostics & Research,Healthcare,CRL
2021Q3,2021,Q3,2021-11-03,2021-09-25,103426000.0,895937000.0,155802000.0,2.01,337227000.0,0.376395885,7058437000.0,2426566000.0,1379040000.0,983751000.0,4593816000.0,181694000.0,878818000.0,23109777500.0,26067932500.0,48.12228061477442,1.4018181430056995,0.44920624778545165,1.3066588751346553,0.022523568633958456,48.12228061477442,0.042622372521497455,25.793976027332278,55.86065761994083,9.523655033491774,0.0,3.075005228571114,0.0,0.1269313588829935,0.8884575466759373,0.014652819030615417,193.89674542312017,0.37639588497851967,0.16860465116279058,1.5633816074694102,0.9682547505276836,1.614663373683578,-0.01401668318612015,0.16934243849493488,0.13269356597600873,0.6413986481985025,0.46653958087138614,0.8552200504185218,Diagnostics & Research,Healthcare,CRL
2021Q2,2021,Q2,2021-08-04,2021-06-26,88448000.0,914607000.0,137550000.0,1.72,342021000.0,0.373954059,6720352000.0,2318440000.0,1267913000.0,929610000.0,4366273000.0,194341000.0,775392000.0,18504266300.0,21251042300.0,46.09499572539118,1.363919277976786,0.4419031919756584,1.2809238108383223,0.017549267116575496,46.09499572539118,0.038149790376287504,20.231931638397693,52.30267021300651,7.9813436189851785,0.0,2.9462954291683174,0.0,0.1360951033517292,0.9337603941437808,0.013161215364909457,132.0233898643683,0.3739540589564698,0.43333333333333335,1.3505963962536416,0.971554681609665,1.6093484242851783,0.10945639974308903,0.43747765317731185,0.43249914081294716,0.5780758946052483,0.4974150375919899,0.8796535636155388,Diagnostics & Research,Healthcare,CRL
2021Q1,2021,Q1,2021-05-04,2021-03-27,61530000.0,824566000.0,96021000.0,1.2,308278000.0,0.3738669797,5808963000.0,2183927000.0,1423209000.0,803376000.0,3592744000.0,193584000.0,686944000.0,14396239200.000002,16334977200.000002,43.69601840736294,1.7715353707354962,0.41386887814572065,1.1008376195724492,0.019226912596465112,43.69601840736294,0.02817401863706983,17.459171491427007,58.49276450511945,6.591904949203889,0.0,2.6669972725018596,0.0,0.14194719436154096,1.3405951883053515,0.010592252007802425,101.24008748303436,0.3738669797202407,-0.5729537366548043,0.5459336468615393,1.1684004920655777,1.613499572411496,0.027702954981864734,-0.5702942224022459,-0.5329127224259878,0.11773958505140211,0.5959533320383238,0.831871039611167,Diagnostics & Research,Healthcare,CRL
2020Q4,2020,Q4,2021-02-17,2020-12-26,143191000.0,790990000.0,205574000.0,2.81,299968000.0,0.3792310902,5490831000.0,2114602000.0,1201131000.0,839751000.0,3347163000.0,185695000.0,625414000.0,12523579340.0,14430535340.0,42.50114563653174,1.4303418513345028,0.3888992394775946,1.0098259625215524,0.03902071831578888,42.50114563653174,0.06771534312367056,15.832790983451119,21.86516495450133,5.922428589398856,0.0,2.6442392094563667,0.0,0.14405651894949964,1.0088561966582952,0.026078202006217275,247.86896269173675,0.37923109015284645,0.3842364532019706,3.1764283303586422,1.0788057267189077,1.6825453982469365,0.03696841057267504,0.3914332079798657,0.548545042296596,5.690639139304395,0.5728331558053157,0.9250935153256238,Diagnostics & Research,Healthcare,CRL
2020Q3,2020,Q3,2020-10-29,2020-09-26,102909000.0,743300000.0,132753000.0,2.03,289274000.0,0.3891752993,5213338000.0,1896940000.0,1140274000.0,787014000.0,3287840000.0,181367000.0,501442000.0,10774119310.0,12718795310.0,38.16550308834477,1.4488611384295578,0.4196073609652779,1.1532019990089302,0.02349224991607166,38.16550308834477,0.05425000263582401,14.494980909457823,26.173899537455423,5.6797364755869975,0.0,2.5033550756201515,0.0,0.1425765987165996,1.03670328609148,0.019739560335431925,71.2974841015121,0.3891752993407776,0.5149253731343281,1.564072243531457,0.9809112769715904,1.5082112075794865,0.24559288316296213,0.5260473048120412,0.28507124603113143,0.8722849810505804,0.5285928566124801,0.7728519236123746,Diagnostics & Research,Healthcare,CRL
2020Q2,2020,Q2,2020-08-05,2020-06-27,67435000.0,682584000.0,103304000.0,1.34,232238000.0,0.340233583,5240884000.0,1752641000.0,1234725000.0,727936000.0,3460275000.0,168366000.0,398533000.0,8423018939.999999,10453666940.0,35.36901903012936,1.6961999406541235,0.46417131155736324,1.388001307740718,0.018988944471496506,35.36901903012936,0.03847621960230304,12.339900935269505,31.22643634611107,4.805900889001227,0.0,2.674803701459915,0.0,0.13024214998843706,1.2851129769650078,0.012867104099232115,62.15974894100629,0.34023358297293815,0.3137254901960785,0.309415309314175,0.8933780012821476,1.3526320440860133,-0.07864366165332995,0.32827118911146563,0.46476476760343705,0.20041853178387503,0.39739344512552743,0.7470202104242116,Diagnostics & Research,Healthcare,CRL
2020Q1,2020,Q1,2020-05-07,2020-03-28,50769000.0,707059000.0,70526000.0,1.02,252061000.0,0.3564921739,5201790000.0,1651984000.0,1208281000.0,690896000.0,3522124000.0,162938000.0,331098000.0,6209127470.0,8367040470.0,33.5844192807335,1.7488608994696742,0.48643755322687,1.5317012755571482,0.014803665604566744,33.5844192807335,0.030732137841528732,8.781625677630862,30.57538788433887,3.7585881400788383,0.0,2.7924609360615693,0.0,0.13592609467125738,1.3254628771913572,0.009759909569590467,144.83956868599688,0.3564921739204225,-0.36645962732919257,0.5305273623716131,1.0982736097016563,1.3667013582654959,-0.03908674336863454,-0.36813610793050233,-0.3517175449723777,0.04906633871957691,0.5331958307069293,0.8219401175012693,Diagnostics & Research,Healthcare,CRL
2019Q4,2019,Q4,2020-02-11,2019-12-28,80348000.0,691138000.0,108789000.0,1.61,262314000.0,0.3795392527,4692790000.0,1634584000.0,1021325000.0,710181000.0,3026315000.0,160660000.0,280329000.0,7425578750.0,9192027750.0,33.44417391304348,1.4381192963483957,0.4271367352896678,1.2262832622856947,0.022094344744372784,33.44417391304348,0.04915501436451109,10.743988537744995,23.104429326181116,4.542794221649056,0.0,2.669139798331881,0.0,0.1472765668184598,1.0602761831138823,0.017121584387965367,63.55448355843133,0.3795392526528711,0.10273972602739735,1.8114945624079144,0.9935813629286299,1.3115041129586307,0.06581449397844918,0.10352973492652108,0.1722699941811599,0.7364485672483153,0.4296975615948189,0.8862627916605009,Diagnostics & Research,Healthcare,CRL
2019Q3,2019,Q3,2019-11-06,2019-09-28,72810000.0,667951000.0,92802000.0,1.46,246116000.0,0.3684641538,4582562000.0,1532313000.0,972407000.0,681646000.0,3017830000.0,155526000.0,213767000.0,6474243160.0,8362588160.0,31.388278913515506,1.4265571865748496,0.4480253622318694,1.3398724673092246,0.024840878461942658,31.388278913515506,0.04751640167511468,9.692691769306432,22.229924323581926,4.225144053466884,0.0,2.712311767807312,0.0,0.14575929360039208,1.0117979126995538,0.015888492070592827,53.64624274966027,0.3684641538076895,0.6590909090909091,1.1423066079215924,0.9220883323258064,1.1548137576299566,0.03364916171084904,0.66506586169045,0.16339885668438472,0.863976746310337,0.5157038866914968,0.7054425141466933,Diagnostics & Research,Healthcare,CRL
2019Q2,2019,Q2,2019-07-31,2019-06-29,43728000.0,657568000.0,79768000.0,0.88,238104000.0,0.3620979123,4625484000.0,1455066000.0,1010058000.0,635598000.0,3146641000.0,134925000.0,140957000.0,6920746800.0,8922216800.0,29.83404412367752,1.5891459696223085,0.476071044673379,1.5133739637927077,0.01569872504727023,29.83404412367752,0.03005224505280173,10.5247621538761,39.56702113062569,4.75631126010779,0.0,3.1088678895682786,0.0,0.14216198780495187,1.1746795930761267,0.009453713384372316,66.05530867025541,0.36209791230716826,-0.20720720720720728,0.19349077220380076,0.8550234433700465,1.0846061776734222,0.12431472728388825,-0.20686340304354925,0.14293901879871618,0.1984534783304574,0.4617950713388536,0.6888474507719845,Diagnostics & Research,Healthcare,CRL
2019Q1,2019,Q1,2019-05-07,2019-03-30,55133000.0,604569000.0,69792000.0,1.11,211777000.0,0.3502941765,3926637000.0,1398114000.0,866182000.0,529759000.0,2505089000.0,129765000.0,97229000.0,7038524500.0,8611662500.0,28.852078088241363,1.6350491449885702,0.4328014023195931,1.2155332111687602,0.018015178631168867,28.852078088241363,0.03943383729795997,11.642218671483322,31.91611421471714,5.034299420505052,0.0,3.0269487149847802,0.0,0.1539661038186112,1.1754854565944137,0.01404076821972594,-3759.8955662393164,0.3502941765125238,-0.08264462809917344,0.6622517459293457,0.9625147335577147,0.9536268110311907,-0.06465945578291382,-0.07595742897846308,-0.3189828457680373,0.42871737215841,0.6397993675663645,0.7256696718641048,Diagnostics & Research,Healthcare,CRL
2018Q4,2018,Q4,2019-02-13,2018-12-29,59665000.0,601530000.0,102482000.0,1.21,226417000.0,0.376401842,3855879000.0,1317332000.0,897836000.0,558222000.0,2517576000.0,127892000.0,42096000.0,5378535960.0,6851107960.0,27.362898032943523,1.6083851944208576,0.43258981933821056,1.2662062410994344,0.02753568337237415,27.362898032943523,0.04529230292743211,8.94142596379233,22.536394703762674,4.082900863259983,0.0,2.9330450692772025,0.0,0.1560033393164049,1.1976865834739583,0.015473773943632568,75.43846108531916,0.3764018419696441,-0.008196721311475417,2.0595947061159703,1.036910007082319,1.0128107221508396,0.04725716928769658,-0.011645242512589452,0.21478864891775917,0.7984725278710549,0.6337855683704484,0.72706441442087,Diagnostics & Research,Healthcare,CRL
2018Q3,2018,Q3,2018-11-07,2018-09-29,60368000.0,585295000.0,84362000.0,1.22,216200000.0,0.3693863778,3796657000.0,1253106000.0,838166000.0,539599000.0,2522617000.0,125500000.0,460120000.0,6499627400.0,8045145400.0,25.93885323949493,1.5533127377923235,0.4436492419515379,1.3441672133083713,0.023859889453963525,25.93885323949493,0.0481746955165804,11.104874294159355,26.916691790352505,5.186813725255485,0.0,2.940996015936255,0.0,0.15416062077769996,1.170207876589838,0.01590030387259107,68.55785454353673,0.3693863778094807,0.10909090909090897,0.9395785934911337,0.9869876071176533,0.8929659547483876,0.0010139780814053087,0.12398294513023889,0.09975231390952939,0.5474949934224803,0.6048013131868842,0.7046839984386091,Diagnostics & Research,Healthcare,CRL
2018Q2,2018,Q2,2018-08-08,2018-06-30,53709000.0,585301000.0,76710000.0,1.1,215981000.0,0.3690084247,3865883000.0,1181966000.0,889530000.0,518140000.0,2664016000.0,124131000.0,399752000.0,5410707480.0,7046204480.0,24.523133739989213,1.7167753888910333,0.47280194460101355,1.5464040420790446,0.019163882063456088,24.523133739989213,0.045440393378489735,9.244316138192143,25.18529240909345,4.577718377685991,0.0,2.9752438955619467,0.0,0.15140163321031702,1.2968271123634538,0.013893074363605934,52.38111699501428,0.369008424725056,0.018518518518518535,0.9718805662535785,1.00148596065924,0.8272770549768373,0.19018124307733,0.02048222530447835,0.130932197142815,0.07221049484755272,0.6691732798571134,0.6311990504729159,Diagnostics & Research,Healthcare,CRL
2018Q1,2018,Q1,2018-05-10,2018-03-31,52631000.0,493970000.0,67829000.0,1.08,181469000.0,0.3673684637,3001003000.0,1139826000.0,843348000.0,407098000.0,1841063000.0,119046000.0,346044000.0,5100570900.0,6045514900.0,23.85321753688396,2.071609293094046,0.37744647372894996,0.9937639604641411,0.02522047723867539,23.85321753688396,0.046174591560466244,10.325669372633966,24.22797828276111,4.474868006169363,0.0,2.625044100599768,0.0,0.164601634853414,1.5485828965015795,0.017537803194465316,160.95714285714286,0.3673684636718829,2.7704918032786887,1.0522408518341493,0.6916317339240001,0.809419661208261,0.08178886312288002,2.8121126566588623,0.0812503985206912,0.633279511091222,0.5089798515934475,0.680941447033788,Diagnostics & Research,Healthcare,CRL
2017Q4,2017,Q4,2018-02-13,2017-12-30,-29044000.0,478477000.0,62732000.0,-0.61,167749000.0,0.3505894745,2929922000.0,1045080000.0,826625000.0,463504000.0,1865906000.0,114956000.0,288658000.0,5181034650.0,6162343650.0,22.07744470498764,1.7834258172529256,0.3908305408812931,1.095708462510047,-0.012047102542513656,22.07744470498764,-0.027791173881425345,10.828179097427881,-44.59642826401322,4.957548369502813,0.0,2.7030168064302864,0.0,0.16330707779934073,1.3425968276433429,-0.009912891879032958,54.30113978179074,0.3505894745201964,-1.5648148148148147,-2.5846235500772905,0.7161329356535884,0.7477567274068476,-0.05335658337283583,-1.5534931585165987,-0.15208693771626297,-2.049312012289755,0.42500470742314794,0.5258892138248561,Diagnostics & Research,Healthcare,CRL
2017Q3,2017,Q3,2017-11-09,2017-09-30,52474000.0,464232000.0,73984000.0,1.08,177204000.0,0.3817143153,2865918000.0,1021513000.0,782378000.0,415755000.0,1825424000.0,107372000.0,318507000.0,5125657020.0,6185127020.0,21.527744410022972,1.8818246322954624,0.4128129276552923,1.1581722405882255,0.02438230191274961,21.527744410022972,0.0513689008363085,11.04115403505144,24.41998427792812,5.017711003188407,0.0,2.6732108929702343,0.0,0.16198369946383673,1.3861625236016404,0.018309665524275293,138.5986972040452,0.381714315256165,-0.03571428571428574,1.3970194048423317,0.6719253805452832,0.715331904926509,-0.04555590266182633,-0.027394721233689204,-0.09009961874308203,0.588434755436603,0.3743534129793643,0.4778854219204904,Diagnostics & Research,Healthcare,CRL
2017Q2,2017,Q2,2017-08-09,2017-07-01,53952000.0,469129000.0,81310000.0,1.12,185662000.0,0.395758949,2773664000.0,963496000.0,738067000.0,424071000.0,1791953000.0,104690000.0,266033000.0,4813829650.0,5840866650.0,20.245340505557774,1.740432616236432,0.41227163780472326,1.186826930262295,0.027430634020850282,20.245340505557774,0.055996080938582,10.261206725655416,22.306076002743183,4.9962113490870745,0.0,2.7076798166013947,0.0,0.16913692502047833,1.2698085933723362,0.01945152693332718,57.4422114960085,0.3957589490310767,0.1546391752577321,0.7871007746697897,0.6628580255008245,0.7276409498944105,0.08132254701541651,0.1533626918636966,0.17039958544449563,0.5090816367428436,0.3562718476677328,0.4146108288917233,Diagnostics & Research,Healthcare,CRL
2017Q1,2017,Q1,2017-05-10,2017-04-01,46778000.0,445763000.0,69472000.0,0.97,171699000.0,0.3851800172,2697075000.0,876431000.0,700121000.0,383374000.0,1803330000.0,98482000.0,212081000.0,4276762700.0,5342609700.0,18.433327724729736,1.8262088717544747,0.4439516884031775,1.3661896943398852,0.020157753519989833,18.433327724729736,0.05337328323621597,9.594252326909142,22.856699196203344,4.879748320175804,0.0,2.7828841818809527,0.0,0.165276456902385,1.3541450385263476,0.01734397449088364,242.50185416194148,0.3851800171840193,0.043010752688171956,0.7956616546684918,0.5819571694740094,0.6096650694091867,-0.04548562660870242,0.046956132497761864,0.005514466428333647,0.43740225596161314,0.4747641390651712,0.24815422824719102,Diagnostics & Research,Healthcare,CRL
2016Q4,2016,Q4,2017-02-14,2016-12-31,44680000.0,466789000.0,69091000.0,0.93,179881000.0,0.3853582668,2711800000.0,836768000.0,656832000.0,429593000.0,1858016000.0,95833000.0,165303000.0,3595710860.0,4713093860.0,17.730389456286815,1.5289634607640255,0.4554203849841434,1.4759276167348656,0.023693383611516617,17.730389456286815,0.053395923362270066,7.70307539380748,20.11924160698299,4.297141931813837,0.0,2.9938330220279026,0.0,0.17213253189763256,1.130016084992074,0.016476141308356073,40.88311514365954,0.38535826679720386,0.17721518987341772,0.6848398945814982,0.6403609487420546,0.6278666865055517,0.15109106034427594,0.18404664104942361,0.17511693171188025,1.3372425366702658,0.6124324315011541,0.3042448194835897,Diagnostics & Research,Healthcare,CRL
2016Q3,2016,Q3,2016-11-02,2016-09-24,37735000.0,425720000.0,58795000.0,0.79,156270000.0,0.3670722541,2690190000.0,867969000.0,654578000.0,412047000.0,1802288000.0,99374000.0,120623000.0,3902961600.0000005,5056398600.0,18.404770992366412,1.5886003295740534,0.4680557878811534,1.450695819781582,0.019562118550179274,18.404770992366412,0.04347505498468263,9.167907544865171,25.857702398303964,4.496660134175299,0.0,2.7114738261517095,0.0,0.15824904560644415,1.1483884120015435,0.014026890293994105,65.72191425588524,0.36707225406370386,0.08219178082191789,1.1318924427088368,0.6288085022344279,0.7027206848508557,-0.07939462847649738,0.07180390263299911,0.012641876646974734,0.2419616619524688,0.48049736537291604,0.34314360668971106,Diagnostics & Research,Healthcare,CRL
2016Q2,2016,Q2,2016-08-03,2016-06-25,35207000.0,434055000.0,58061000.0,0.73,169747000.0,0.3910725599,2762987000.0,831348000.0,701547000.0,413393000.0,1901002000.0,98116000.0,82888000.0,3781351349.9999995,4991758350.0,17.66532797858099,1.697046152208673,0.4940276591963697,1.6419020674855775,0.017276047927788026,17.66532797858099,0.04234929295553727,8.711687113384247,26.850848907887634,4.548457866020006,0.0,2.693831790941335,0.0,0.15709628745991205,1.2703891938179892,0.012742369037566951,57.38536664946732,0.3910725599290413,-0.06410256410256415,0.18038354724442449,0.6315277504847103,0.5251345643029791,0.20586354853375768,-0.05212287645047519,0.12801134597451042,0.3238245381490591,0.5201481363801012,0.3162856275282703,Diagnostics & Research,Healthcare,CRL
2016Q1,2016,Q1,2016-05-04,2016-03-26,37143000.0,354868000.0,51472000.0,0.78,140768000.0,0.3966770743,2103718000.0,779824000.0,637391000.0,309989000.0,1290546000.0,97101000.0,47681000.0,3466899860.0,4171387860.0,16.719351657304575,2.0561729609760344,0.40968561375621637,1.1052019430025237,0.022853409626692366,16.719351657304575,0.0476299780463284,9.76954771915191,23.33481315456479,4.445746553068385,0.0,2.2049206496328564,0.0,0.16868610716835622,1.4948885283026172,0.01765588353572104,116.33892147651007,0.39667707429241295,0.16417910447761191,0.37076982266500197,0.4356763069803453,0.6020228883876657,0.0013800560558851565,0.16494166353029732,-0.015248043773556028,0.48380937487939113,0.24504920203464323,0.26827014278484634,Diagnostics & Research,Healthcare,CRL
2015Q4,2015,Q4,2016-02-12,2015-12-26,31884000.0,353850000.0,52269000.0,0.67,140574000.0,0.3972700297,2068497000.0,733067000.0,559234000.0,311761000.0,1302933000.0,93735000.0,10538000.0,3705221520.0,4450304520.0,15.843588579826665,1.793790756380689,0.41722564741452367,1.1772866600187977,0.02178942722548079,15.843588579826665,0.04349397804020642,10.471164391691394,29.05235792246895,5.054410469984326,0.0,2.275308049287886,0.0,0.17106623794958367,1.3103980292595931,0.015414090520798434,50.42215339393609,0.3972700296735905,-0.15189873417721517,1.1153345613251289,0.6243938460287438,0.3114198829427256,0.018098859315589355,-0.14700767810802856,-0.0571969696969697,0.7797257984833489,0.2984333967685158,0.25425468828838627,Diagnostics & Research,Healthcare,CRL
2015Q3,2015,Q3,2015-11-04,2015-09-26,37379000.0,349465000.0,55440000.0,0.79,138075000.0,0.3951039446,2032843000.0,704359000.0,578661000.0,314104000.0,1296799000.0,98097000.0,-21346000.0,2994963000.0,3773330000.0,15.216223806437675,1.8422592517128085,0.4193137394279834,1.210176912625522,0.025392209432162364,15.216223806437675,0.0530681087343244,8.570137209734881,20.031053532732283,4.252040507752439,0.0,2.15490789728534,0.0,0.17190948833726952,1.2124742123627843,0.018387548866292184,38.64518251848411,0.395103944601033,-0.22549019607843135,3.0590599991254037,0.759521544438992,-0.05944879945040014,0.03985449944646528,-0.22944195922406152,-0.0052929039203373105,0.7503030354526903,0.2901603535710878,0.2124295825220168,Diagnostics & Research,Healthcare,CRL
2015Q2,2015,Q2,2015-07-30,2015-06-27,48509000.0,339573000.0,55735000.0,1.02,132783000.0,0.3910293221,1885917000.0,701703000.0,629647000.0,276532000.0,1150112000.0,90037000.0,-58725000.0,3346130750.0,3968093750.0,15.033808248527048,2.2769408242084097,0.409758223718223,1.1012778910735739,0.0308600143845676,15.033808248527048,0.06913038707259339,9.85393641426144,17.244896565585766,4.768585498423122,0.0,2.2967224585448203,0.0,0.1800572347563546,1.6138421593161008,0.025721704613723723,46.580785828635065,0.3910293221192498,0.5454545454545454,3.694551047232641,0.6261306726071443,-0.2958826308446943,0.10966906234330603,0.5379664563583907,0.2960120916172538,0.6383410769823288,0.2272599044858982,0.28291360453461134,Diagnostics & Research,Healthcare,CRL
2015Q1,2015,Q1,2015-04-30,2015-03-28,31541000.0,320414000.0,43005000.0,0.66,119660000.0,0.3734543434,1847229000.0,663713000.0,614142000.0,270489000.0,1150214000.0,86055000.0,-107234000.0,3723518920.0,4358012920.0,14.190391687334303,2.2704878941472666,0.42572577628436975,1.1848690623808784,0.029348828156600965,14.190391687334303,0.047522046426693464,11.620962005405506,29.51332329349101,5.610134079037174,0.0,2.3328568938469583,0.0,0.17345656656537983,1.5980354099427334,0.017074764417405748,12928.885138888889,0.3734543434431704,0.15789473684210542,1.5265846135358485,0.5004066413882476,-0.3321171621690655,-0.002376089040810371,0.16104689685636459,0.05489734343954669,0.23079681157953164,0.1559265318784378,0.2391564974832246,Diagnostics & Research,Healthcare,CRL
2014Q4,2014,Q4,2015-02-17,2014-12-27,27166000.0,329548000.0,40767000.0,0.57,119945000.0,0.3639682231,1885192000.0,672203000.0,606898000.0,296170000.0,1180846000.0,89043000.0,-138775000.0,2986882026.4800005,3604721026.4800005,14.468576424134632,2.0491542019785935,0.4126168581237349,1.1571831723452588,0.01996363401890203,14.468576424134632,0.0404133870274307,9.063572003107288,27.4873189508945,4.44342263643572,0.0,2.3539525847062657,0.0,0.17480871974843942,1.4659857514265455,0.014410203310856401,41.300912976769915,0.36396822314200056,-0.16176470588235306,1.1832720204309866,0.5753074230338708,-0.3098393422666163,0.014179659755808842,-0.15201648145835936,-0.117062288833059,0.04059878333293754,0.1763854198088418,0.32839234130060413,Diagnostics & Research,Healthcare,CRL
2014Q3,2014,Q3,2014-10-30,2014-09-27,32036000.0,327567000.0,46172000.0,0.68,118268000.0,0.3610498005,1842358000.0,670296000.0,606019000.0,283083000.0,1143977000.0,92695000.0,-165941000.0,2744394240.0,3400363240.0,14.566585535465926,2.1407820321248536,0.42701581343039735,1.173684461790015,0.023325537898134806,14.566585535465926,0.047793810495661615,8.378115744259953,21.416486452740667,4.0943019800207665,0.0,2.257931927288419,0.0,0.177797691870961,1.4848931232182787,0.017388585714611385,47.67718703311212,0.36104980049882923,-0.081081081081081,0.21251149426288843,0.5550444886456624,-0.29837280826646323,-0.05863062546762819,-0.09153811252268602,-0.09511024007839294,0.854915596185032,0.28443180055389977,0.34763026984548534,Diagnostics & Research,Healthcare,CRL
2014Q2,2014,Q2,2014-08-07,2014-06-28,35264000.0,341179000.0,51025000.0,0.74,125634000.0,0.3682348562,1863462000.0,671815000.0,592702000.0,271648000.0,1164841000.0,92621000.0,-197977000.0,2474782240.0,3171319240.0,14.311597290273102,2.1818750736246906,0.4365793345933537,1.210971770502296,0.024781235403248773,14.311597290273102,0.052490641024686854,7.253618305933249,17.54467899274047,3.6837257876052187,0.0,2.3271720236231523,0.0,0.18308878850226085,1.4849032571563199,0.018923916881589214,51.95302277736958,0.3682348561898593,0.10447761194029843,0.4307019135324344,0.5341456574008222,-0.2744003017174074,0.15458630862121253,0.09406800694961528,0.2850702664584698,0.18529175164628836,0.2856760559738956,0.23559051517444174,Diagnostics & Research,Healthcare,CRL
2014Q1,2014,Q1,2014-04-30,2014-03-29,32232000.0,299368000.0,39706000.0,0.67,108813000.0,0.3634757222,1651763000.0,695462000.0,590658000.0,239319000.0,931503000.0,91674000.0,-233241000.0,2796734490.0,3267696490.0,14.768469558939076,2.468078171812518,0.3879563835731882,0.9214191429582061,0.022554024047341803,14.768469558939076,0.046346169884192094,9.342129051869271,21.692219610945646,4.02140518101636,0.0,2.078615528939503,0.0,0.18124149772092002,1.7603867641098283,0.01951369536670818,168.38668733819014,0.3634757221880762,0.675,0.7752052031097618,0.38918829855026166,-0.20117487407912418,0.23377742502409435,0.6876276244829572,0.6136058845044093,0.17818655547691947,0.19959410238341005,0.4150923280293734,Diagnostics & Research,Healthcare,CRL
2013Q4,2013,Q4,2014-02-25,2013-12-28,19099000.0,289228000.0,24607000.0,0.4,88195000.0,0.3049324408,1644621000.0,640984000.0,552550000.0,247034000.0,979963000.0,89396000.0,-265473000.0,2514546191.04,3022408191.04,13.594372154230284,2.236736643538946,0.40361213921018885,1.0355781111541005,0.015937207387736463,13.594372154230284,0.029796375572557193,8.693992943421799,32.91463153882402,3.9229468926525466,0.0,2.2487918922546872,0.0,0.17586301038354735,1.5694803144506424,0.011613009927515214,52.07501379336053,0.3049324408425187,-0.375,1.0410161614545876,0.32157151270491385,-0.2392298980014161,-0.11739687368652803,-0.3812485826286973,-0.39752221922973335,1.0677952670145068,0.302910395532401,0.12524570108318042,Diagnostics & Research,Healthcare,CRL
2013Q3,2013,Q3,2013-10-30,2013-09-28,30867000.0,292129000.0,40843000.0,0.64,99926000.0,0.3420612127,1643767000.0,656508000.0,547781000.0,235171000.0,969736000.0,87146000.0,-284572000.0,2215867516.25,2725893516.25,13.702757397421188,2.329288049972148,0.3896415976230208,0.9755859791502921,0.02309579940280204,13.702757397421188,0.047016944195653367,7.585236372458742,17.946897303349857,3.375233075986888,0.0,2.2055286530649716,0.0,0.17771922663005157,1.555497914283649,0.018778208833733736,38.254739248843315,0.3420612126834378,0.14285714285714277,-0.03190908783517429,0.1967120009643546,-0.5273520904943185,-0.02577751779272692,0.13132238674681132,-0.054297490043530613,2.6428233692081244,0.4210871144749488,-0.1529997793847054,Diagnostics & Research,Healthcare,CRL
2013Q2,2013,Q2,2013-07-31,2013-06-29,27284000.0,292933000.0,43188000.0,0.56,102570000.0,0.3501483274,1621598000.0,647951000.0,519757000.0,225854000.0,959208000.0,88405000.0,-315439000.0,1980943622.13,2503356622.13,13.42058866946155,2.301296412726806,0.39216501253701597,0.9814538445036739,0.02613520084844299,13.42058866946155,0.04210812237345108,6.762446095625963,18.15114739526829,3.0572429429540198,0.0,2.1533058084949945,0.0,0.18064464805704003,1.525233115198314,0.016825378423012363,51.8178247437809,0.3501483274332356,0.05660377358490571,-0.24186821208051187,0.16008080527768065,-0.5356396522737522,-0.01574689812016006,0.06669794354523419,0.00993849823445502,1.552663172193922,0.35613934927522534,-0.3714387312753831,Diagnostics & Research,Healthcare,CRL
2013Q1,2013,Q1,2013-05-08,2013-03-30,25578000.0,291238000.0,42763000.0,0.53,104211000.0,0.3578207514,1603808000.0,628279000.0,492619000.0,330812000.0,963942000.0,84959000.0,-342723000.0,2109863708.65,2658327708.65,13.182800014981432,1.4891207090432028,0.40459082383926254,1.032799122682757,0.024351263731558832,13.182800014981432,0.04071121269372365,7.244465724424698,20.621859690456645,3.3581636639932264,0.0,2.2013794889299545,0.0,0.18159156208224425,0.9697592590353433,0.015948293062511224,89.60984109789764,0.35782075141293374,0.3947368421052632,-0.19765631625826874,0.221592489685294,-0.5340885876811523,0.1448613018401538,0.3889009556907037,0.21939604779149677,1.0107868326655478,0.33840205622057656,-0.37954032005881566,Diagnostics & Research,Healthcare,CRL
2012Q4,2012,Q4,2013-02-27,2012-12-29,18416000.0,280140000.0,35069000.0,0.38,91025000.0,0.3249268223,1586344000.0,600805000.0,485252000.0,342247000.0,983144000.0,88470000.0,-368301000.0,1754109204.3200002,2310944204.32,12.631875110985279,1.417841500436819,0.42016107477318915,1.1093782508467807,0.023988450373567442,12.631875110985279,0.030652208287214655,6.261544957235668,23.81229914639444,2.9195982129309845,0.0,2.137617271391432,0.0,0.17659473607237774,0.9334398840603424,0.011609083527910718,34.547390481742625,0.32492682230313413,-0.1739130434782609,-0.260437872644805,0.30566922620646564,-0.5213313671650923,-0.02395479256693724,-0.1618423448024759,-0.06934345310758452,0.4457273192883049,0.3080691168058934,-0.3974512087822776,Diagnostics & Research,Healthcare,CRL
2012Q3,2012,Q3,2012-11-01,2012-09-29,21972000.0,278686000.0,37682000.0,0.46,93259000.0,0.3346382667,1567618000.0,597713000.0,457915000.0,325237000.0,967666000.0,93718000.0,-386717000.0,1885981917.6000001,2471503917.6000004,12.550191801478384,1.4079425157654264,0.42660010283117444,1.1188413168192761,0.023455172686059497,12.550191801478384,0.036760117313827875,6.767408185556505,21.458924057891863,3.1553302631865128,0.0,1.9785633496233381,0.0,0.1777767287693813,0.9188530210277428,0.014016169755641999,37.28047436399218,0.3346382667231221,-0.2698412698412698,-0.27914606330904407,0.2457282308271047,-0.5345181122809742,-0.0996862480088816,-0.2788499409216227,-0.2352559158988513,-0.19650404374585068,0.27827517015615527,-0.3954962329401595,Diagnostics & Research,Healthcare,CRL
2012Q2,2012,Q2,2012-08-07,2012-06-30,30468000.0,284723000.0,49274000.0,0.63,103585000.0,0.3638097379,1546073000.0,562836000.0,451559000.0,328126000.0,981223000.0,92283000.0,-408689000.0,1573454413.4399998,2183605413.4399996,11.718488443327951,1.376175615464791,0.4438516163208335,1.2192308238989689,0.030126040039613698,11.718488443327951,0.05413299788926081,5.526263819361273,12.91071298936589,2.795582396008784,0.0,1.9628533966169284,0.0,0.18415883337979513,0.8658929801356796,0.019706702076810086,32.89130844600526,0.36380973788559406,0.1666666666666666,0.11290686522163337,0.28399861469930704,-0.5489089447771234,-0.006016581583694776,0.15238851696357653,0.12652034750800184,0.2081277205889973,0.2512905692762103,-0.4058712311178684,Diagnostics & Research,Healthcare,CRL
2012Q1,2012,Q1,2012-05-04,2012-03-31,26439000.0,285981000.0,43740000.0,0.54,104212000.0,0.3644018309,1555358000.0,552599000.0,437270000.0,223836000.0,1000853000.0,89347000.0,-439157000.0,1741521145.5000002,2384808145.5,11.451654182627896,1.9535284762057936,0.45283336698046367,1.2745553285474638,0.017053994892814624,11.451654182627896,0.04784482056608861,6.089639330934573,16.46735074605696,3.151509766575763,0.0,2.0344163765991023,0.0,0.18386827984296863,1.1924980789506603,0.01699865882967137,155.98039816390508,0.36440183089086337,-0.03571428571428574,-0.0038139307956976294,0.36035947168617405,-0.5338929516823269,0.03623418980192507,-0.0249308500829799,0.05025572070017048,0.42102715013750597,0.29505723962936026,-0.3805811050405679,Diagnostics & Research,Healthcare,CRL
2011Q4,2011,Q4,2012-02-27,2011-12-31,27115000.0,290962000.0,41647000.0,0.56,100568000.0,0.3456396368,1558320000.0,525583000.0,425843000.0,216797000.0,1030957000.0,92969000.0,-465596000.0,1318807783.5,1967847783.5,10.89179452056214,1.9642476602536012,0.46071731095025414,1.3659973781495978,0.027772076306129004,10.89179452056214,0.051590329215366555,4.532577393267849,12.159393172598193,2.5092283873336845,0.0,2.0479299551463392,0.0,0.1867151804507418,1.1950073109867756,0.017400148878279172,29.5895845523895,0.34563963679105864,0.5135135135135137,0.07786553728949448,0.49785087941036626,-0.5391229560616467,0.08468872686483454,0.4424406851792744,0.12274222246185366,1.0568984136420922,0.2990706522656508,-0.3904719148226938,Diagnostics & Research,Healthcare,CRL
2011Q3,2011,Q3,2011-11-02,2011-09-24,18798000.0,277579000.0,37094000.0,0.37,92716000.0,0.3340166223,1585373000.0,541369000.0,456329000.0,223842000.0,1042346000.0,94391000.0,-492711000.0,1484014105.5,2143115105.5,10.809037064102219,2.0386209915922837,0.4669696027370215,1.3674979542604029,0.01427658404581261,10.809037064102219,0.03472308166888019,5.346276575317297,19.736329735876158,2.7412247570511057,0.0,1.9584812111324172,0.0,0.17508750306710155,1.2669606240115796,0.011857146551631698,37.03461619375609,0.33401662229491424,-0.41269841269841273,-0.23462806467637784,0.390967382655269,-0.5378375858559288,-0.1279533483822423,-0.41834271922767496,-0.304235285290918,-0.4360260517338318,0.08774540537293908,-0.6271649111237411,Diagnostics & Research,Healthcare,CRL
2011Q2,2011,Q2,2011-08-03,2011-06-25,32318000.0,288263000.0,53314000.0,0.63,106320000.0,0.3688298533,1705425000.0,590627000.0,548252000.0,277103000.0,1113261000.0,100533000.0,-511509000.0,2003465110.99,2647046110.99,11.582799571954126,1.9785134047628499,0.4628828591113652,1.3365660560726143,0.020147980865441072,11.582799571954126,0.05471812158942954,6.950129260397623,15.498059216148896,3.3920987543576575,0.0,1.809783852068475,0.0,0.16902707536244632,1.2928513946077813,0.018950115073955172,35.18987425552843,0.3688298532936936,0.10526315789473695,0.7605250981227175,0.5095266001319176,-0.49514638152333723,0.035873653032989734,0.031370671772778046,0.2618399564507349,-0.14973953479647045,0.08088549132509502,-0.599228247780591,Diagnostics & Research,Healthcare,CRL
2011Q1,2011,Q1,2011-05-04,2011-03-26,31335000.0,285843000.0,42251000.0,0.57,102638000.0,0.3590712384,1744620000.0,562918000.0,560584000.0,307808000.0,1180289000.0,97594000.0,-543827000.0,2088477346.56,2786552346.56,10.436399990596602,1.8212132238278407,0.4911212756932742,1.5221044628169644,0.020982313953582386,10.436399990596602,0.05566530116286919,7.306379189135295,16.66249678123504,3.710091605811148,0.0,1.8772158124474865,0.0,0.16384255597207414,1.2152023339224451,0.01796093132028751,143.38029291226144,0.3590712384070976,1.0954773869346734,1.4166034001455086,0.33538811115389583,-0.5703879440047634,0.09627873194907288,1.0921709818040628,0.1958619908861906,-0.13149161870468548,0.05939113649732357,-0.6311528769595676,Diagnostics & Research,Healthcare,CRL
2010Q4,2010,Q4,2011-02-23,2010-12-25,-339966000.0,267886000.0,35331000.0,-5.97,93624000.0,0.3494919481,1733373000.0,687423000.0,552894000.0,259780000.0,1044646000.0,100297000.0,-575162000.0,2031330000.0000002,2553022000.0,12.081247803163444,2.1283162676110554,0.4043284394068674,1.0195352788603234,0.02343086659620839,12.081247803163444,-0.49455138975565266,7.582815078055591,-1.4937743774377439,2.954992777372884,0.0,1.7374597445586608,0.0,0.15454607865704612,1.4703441373469859,-0.1961297424155101,39.37907102977668,0.34949194806746153,-14.307692307692307,-9.698285636124183,0.18688750660624145,-0.5146375046306749,0.030477133894667326,-12.472537053182215,5.910033248582046,-12.412171533950202,0.043665938887940015,-0.5421966795847372,Diagnostics & Research,Healthcare,CRL
2010Q3,2010,Q3,2010-11-04,2010-09-25,-25234000.0,276081000.0,5113000.0,-0.39,90855000.0,0.3290882024,2080273000.0,1040972000.0,527297000.0,237379000.0,1042105000.0,100759000.0,-231598000.0,2082203229.2,2663661229.2,16.177985629645953,2.221329603713892,0.3455753163166565,0.6905959045968576,0.008207942709064827,16.177985629645953,-0.024240805708510893,7.542001185159428,-20.62894536339859,2.0002490261025274,0.0,1.838307247987773,0.0,0.13271383130964062,1.4920148791594876,-0.0121301386885279,245.02273819722288,0.3290882023753898,-2.7727272727272725,-1.8714831212649512,0.11634056038498047,-0.35426301429454704,-0.09474512773504444,-2.745814307458143,-0.8187136576372146,-1.612761567921343,-0.08657601845402735,-0.3999646053623032,Diagnostics & Research,Healthcare,CRL
2010Q2,2010,Q2,2010-08-03,2010-06-26,14454000.0,292104000.0,28204000.0,0.22,100364000.0,0.3435899543,2156637000.0,1394017000.0,608048000.0,246060000.0,762620000.0,96571000.0,-206657000.0,2313864026.48,2531002026.48,21.351281628746573,2.471137121027392,0.20226630629076658,0.3129194263771532,0.010531147235250322,21.351281628746573,0.010368596652695053,7.92137056144387,40.02117106821641,1.659853521499379,0.0,1.985482184092533,0.0,0.1354442124474355,1.7791270421848329,0.006702101466310742,49.330860813985716,0.34358995426286526,-0.15384615384615388,-0.5187329812689265,0.09335591413721302,-0.14602826197288724,0.004473713181941011,-0.16845012081463584,-0.04399701715137957,-0.6116090731992242,-0.03095117521555203,-0.17810456469274097,Diagnostics & Research,Healthcare,CRL
2010Q1,2010,Q1,2010-04-29,2010-03-27,17382000.0,297345000.0,29502000.0,0.26,99917000.0,0.3360305369,2186871000.0,1383688000.0,613741000.0,247218000.0,803183000.0,97578000.0,-221111000.0,2552878479.2000003,2804933479.2000003,21.246827861934683,2.4825902644629436,0.21686418631917476,0.34274634166083684,0.011496129283637175,21.246827861934683,0.012562080469007465,8.585577289680339,36.717271878955245,1.8449812957834426,0.0,2.0232839369530016,0.0,0.13596823955322468,1.787390076774345,0.0079483426320071,133.19829276844413,0.33603053691839446,-0.03703703703703707,-0.3640546104827827,0.09884069208163122,-0.07783210226653901,-0.002037534583154383,-0.01064374750981843,-0.07586768575366495,-0.5147193443877096,0.048032955092263394,-0.13520823604127635,Diagnostics & Research,Healthcare,CRL
2009Q4,2009,Q4,2010-02-19,2009-12-26,17569000.0,295381000.0,31924000.0,0.27,100121000.0,0.3389554508,2204093000.0,1375243000.0,595601000.0,249773000.0,830269000.0,102723000.0,-238493000.0,2162176000.0,2472434000.0,20.96407012195122,2.3845691888234515,0.223598550514883,0.3583599407522889,0.011229429902052236,20.96407012195122,0.012775196819762035,7.319956259881306,30.76691900506574,1.5722137833095677,0.0,1.9008401234387624,0.0,0.1340147625349747,1.7454128348540474,0.007971079260267149,47.338281335522716,0.33895545075681915,-0.5263157894736842,-0.10624355378135648,0.26725865557515954,-0.04612025210730582,-0.06046131901955632,-0.5291453380859218,-0.28175129930029025,-0.48626393953487407,0.11854353621510261,-0.11292315986304796,Diagnostics & Research,Healthcare,CRL
2009Q3,2009,Q3,2009-11-04,2009-09-26,37313000.0,297485000.0,44447000.0,0.57,106564000.0,0.3582163807,2191532000.0,1349174000.0,566363000.0,254099000.0,842358000.0,100290000.0,-256062000.0,2358974448.6,2665118448.6,20.761147382950927,2.2289068433956842,0.2273943524438612,0.36936822085216586,0.019952905986405433,20.761147382950927,0.02765618074466303,7.929725695749365,15.805312147240908,1.7484582778796507,0.0,1.9036893010270217,0.0,0.1357429414674301,1.594142440544827,0.01702598912541546,63.5482462379785,0.3582163806578483,0.09615384615384602,0.025310803261229763,0.19910351217131375,0.7378949912113855,-0.06900919947930773,0.09249282660888915,-0.12267577276854447,0.17087577844132062,0.14890779836894666,-0.11231482156987002,Diagnostics & Research,Healthcare,CRL
2009Q2,2009,Q2,2009-08-05,2009-06-27,34154000.0,308159000.0,50662000.0,0.52,114463000.0,0.3714413663,2153618000.0,1282956000.0,569705000.0,269645000.0,870662000.0,96403000.0,-293375000.0,2159527963.6000004,2526612963.6000004,19.723819241031848,2.112796454597712,0.24233220561863802,0.40678791790209484,0.0199787420747979,19.723819241031848,0.026621333857123706,7.007836745316542,15.807284385430698,1.6832439799961962,0.0,2.009232077839901,0.0,0.1430889786396659,1.352496801349923,0.015858894195720875,43.41108759699273,0.37144136630765284,0.368421052631579,-0.07881688008665722,0.2131013496294565,0.7532856245337995,0.05768804287562373,0.3443810273568195,0.26994710851527837,0.4585399359807473,0.26504429112250183,-0.14030788047775866,Diagnostics & Research,Healthcare,CRL
2009Q1,2009,Q1,2009-05-06,2009-03-28,25405000.0,301526000.0,39893000.0,0.38,108220000.0,0.3589076896,2087588000.0,1218154000.0,581720000.0,279873000.0,869550000.0,97560000.0,-327531000.0,1859411143.6999998,2198706143.7,18.487737903729762,2.078514183218817,0.2440749803122072,0.4182788054712294,0.016394125992724013,18.487737903729762,0.020855326994780626,6.166669354218209,18.29768887718953,1.5264171391301922,0.0,1.9814063140631406,0.0,0.14443750395192922,1.3625037070385497,0.012169546864611216,148.8719890872698,0.3589076895524764,1.0384615384615385,0.004902620085800614,0.21551480508773835,0.7161114651353285,-0.03439660941333928,1.038337968698833,-0.2798317507311261,1.2764956547882882,0.15313647847803014,-0.2389564314630713,Diagnostics & Research,Healthcare,CRL
2008Q4,2008,Q4,2009-02-23,2008-12-27,-662659000.0,311447000.0,55394000.0,-9.88,112075000.0,0.3598525592,2159918000.0,1199025000.0,618139000.0,300998000.0,960471000.0,96882000.0,-344314000.0,1678842000.0,2011348000.0,17.869225037257824,2.0536315855919307,0.26672216260061726,0.48047205020746026,0.03150424214005364,17.869225037257824,-0.5526648735430871,5.390458087571882,-0.6333732734332439,1.4001726402702195,0.0,2.057884849610867,0.0,0.14419389995360934,1.5076711473165936,-0.3067982210435767,44.26042023674567,0.35985255918342446,-16.4375,-25.63541725695067,0.5319088288340602,0.9806705423941084,-0.139671451600522,-15.824586129753914,-0.18790224450601808,-15.377322898009306,0.17012818134957172,-0.28210630261813996,Diagnostics & Research,Healthcare,CRL
2008Q3,2008,Q3,2008-11-06,2008-09-27,44700000.0,342227000.0,68211000.0,0.64,130270000.0,0.3806537766,2896882000.0,1947294000.0,618825000.0,512510000.0,948808000.0,93537000.0,317570000.0,3898420679.08,4228280679.08,28.99146938310212,1.2074398548321008,0.18734315032507365,0.2787000832950751,0.018690025542459392,28.99146938310212,0.02295493130467202,11.391329962510264,21.803247645861298,2.0019682077179923,0.0,2.26602307108417,0.0,0.11813632726496971,0.8782638387543658,0.015430383426042207,167.45074004896696,0.3806537765868853,-0.08571428571428563,0.5476678753770571,0.5353470642933162,2.0579821876357727,-0.05592555820475842,-0.10933110167971785,-0.016040852242401513,0.4788826333293187,0.3256465920375544,0.15718139941418585,Diagnostics & Research,Healthcare,CRL
2008Q2,2008,Q2,2008-08-06,2008-06-28,50187000.0,352134000.0,69323000.0,0.7,137987000.0,0.391859349,2891098000.0,1945875000.0,676940000.0,500775000.0,942015000.0,93602000.0,272870000.0,4311039500.96,4570903500.96,28.901237444531606,1.3517847336628226,0.18065869783729227,0.2684149804072718,0.02066857164492783,28.901237444531606,0.025791481981113897,12.242610770218155,21.474881448183794,2.2154760716695576,0.0,2.287846413538172,0.0,0.12179939939773747,1.0033388248215267,0.017359148669467448,140.87903993202838,0.3918593489978247,0.11111111111111104,0.6564572065996934,0.548086252849965,2.2074734472228834,0.05836919088489534,0.11146299331177748,0.09170078740157481,0.6204472814386712,0.2781376703921457,0.1559418493366487,Diagnostics & Research,Healthcare,CRL
2008Q1,2008,Q1,2008-05-07,2008-03-29,45154000.0,337685000.0,63500000.0,0.63,130377000.0,0.3860905874,2844727000.0,1910026000.0,646089000.0,302837000.0,931228000.0,90881000.0,222683000.0,3938232832.32,4208466832.32,28.29464929689198,2.133454630708929,0.17931773417976488,0.2670696629260544,0.01907482106166517,28.29464929689198,0.023640515888265396,11.662445273909118,21.80445161181734,2.061873939056327,0.0,2.281092857693027,0.0,0.11870559108132345,1.6101235978430641,0.015872876377944177,-440.2719767825601,0.3860905873817315,0.2115384615384615,0.561431621261598,0.4856231446770313,2.3609179029265137,0.10711343970517055,0.22335410457870497,0.21801511489622896,0.5937691558461924,0.20391264202989265,0.2280617807407847,Diagnostics & Research,Healthcare,CRL
2007Q4,2007,Q4,2008-02-20,2007-12-29,36910000.0,318028000.0,52134000.0,0.52,117763000.0,0.3702912951,2805537000.0,1860467000.0,607864000.0,302528000.0,941570000.0,88023000.0,177529000.0,4661460000.0,4946060000.0,26.389602836879433,2.0092817854876244,0.18180084596995155,0.27415105992205185,0.01675302986367623,26.389602836879433,0.019839104912906275,14.657388657602475,31.573150907613115,2.5055322131486344,0.0,2.275143996455472,0.0,0.1133572645807202,1.5017287656018616,0.013156126616758218,176.0835568314887,0.37029129510609127,-0.16129032258064513,0.6987956835027884,0.7924978605915404,3.194264419364344,-0.049524209234941365,-0.13715314304415924,-0.18068237179990884,0.7471528939822815,0.26958794546996273,0.20074525388431408,Diagnostics & Research,Healthcare,CRL
2007Q3,2007,Q3,2007-11-08,2007-09-29,42777000.0,313964000.0,63631000.0,0.62,123899000.0,0.3946280465,2735774000.0,1802096000.0,555345000.0,290366000.0,930211000.0,80234000.0,140619000.0,3753013331.2999997,4087346331.2999997,26.961718882290718,1.912568964685948,0.1892809859293933,0.2873487316990882,0.01980071245848841,26.961718882290718,0.023737359163995702,11.953642237008063,21.933593585922342,2.0825823548246043,0.0,2.3688835157165293,0.0,0.11476240361959723,1.4534036354118596,0.015636160004444812,139.80827489569361,0.3946280465276274,0.12727272727272718,0.5609756222755775,0.50184696487498,2.661230422566959,0.024331161744766693,0.12701549162187797,0.1217452622300573,0.1428571620290464,0.23043229504234092,1.2569386621888337,Diagnostics & Research,Healthcare,CRL
2007Q2,2007,Q2,2007-08-08,2007-06-30,37956000.0,307435000.0,56725000.0,0.55,120956000.0,0.3934360109,2664079000.0,1729868000.0,527547000.0,269681000.0,930791000.0,77169000.0,97842000.0,3437348647.8799996,3811212647.8799996,25.97809978195653,1.9561889788305442,0.20116295350100355,0.3098005165712066,0.01791047712880036,25.97809978195653,0.021941558546663676,11.180732993575877,22.640350984561067,1.9870583465790452,0.0,2.4165014448807165,0.0,0.11540010637822677,1.4609928026075252,0.014247325248237758,644.9059376885552,0.3934360108640851,0.018518518518518535,0.5405405426697456,0.4925990513578049,2.703629074779026,0.0465766225675547,0.03245110573130593,0.03700115171569075,-2.080736173697472e-09,0.1821993115803016,1.3092398254013928,Diagnostics & Research,Healthcare,CRL
2007Q1,2007,Q1,2007-05-09,2007-03-31,36763000.0,291199000.0,54701000.0,0.54,115573000.0,0.3968866651,2568394000.0,1642218000.0,482239000.0,246290000.0,923756000.0,75681000.0,59886000.0,3092102500.68,3508879500.68,24.56872133549689,1.9580129116082667,0.21543190024583456,0.3369309068588945,0.017689142280754817,24.56872133549689,0.022386187461104434,10.6185203269242,21.02727267007589,1.8828818711523074,0.0,2.320608871447259,0.0,0.11337785402083948,1.4358276828129442,0.014313613876998622,-2154.7752617979095,0.3968866651327786,0.03846153846153849,0.6002756289420378,0.44072772866529386,2.7699846153917553,0.1360758871522658,0.044729887180653044,0.2114319883066838,0.4334610275436191,0.15716564699943877,1.2805745401147846,Diagnostics & Research,Healthcare,CRL
