Quarters,Year,Quarter,FillingDate,Date,NetIncome,Revenue,OperatingIncome,EPSDiluted,GrossProfit,GrossProfitRatio,TotalAssets,CommonStockEquity,CurrentAssets,CurrentLiability,TotalLiability,Inventory,RetainedEarnings,MarketCap,EnterpriseValue,bookValuePerShare,currentRatio,debtToAssets,debtToEquity,roic,shareholdersEquityPerShare,roe,priceToSalesRatio,peRatio,pbRatio,payoutRatio,inventoryTurnover,dividendYield,assetTurnover,quickRatio,returnOnAssets,priceToFreeCashFlowsRatio,grossProfitMargin,epsdilutedGrowth,fiveYNetIncomeGrowthPerShare,fiveYRevenueGrowthPerShare,fiveYShareholdersEquityGrowthPerShare,grossProfitGrowth,netIncomeGrowth,operatingIncomeGrowth,threeYNetIncomeGrowthPerShare,threeYRevenueGrowthPerShare,threeYShareholdersEquityGrowthPerShare,Industry,Sector,Symbol
2022Q4,2022,Q4,2023-04-28,2022-12-31,-13669000.0,205353000.0,-16694000.0,-0.3,24455000.0,0.1190876199,688927000.0,-52531000.0,262596000.0,723922000.0,789647000.0,9033000.0,-226648000.0,937022295.5999999,1547913295.6,-0.0023041331141619424,0.3627407372617492,0.887446710609397,-11.638575317431611,-0.0114924386739024,-0.0023041331141619424,0.26020825798100167,4.56298323180085,-17.137725795595873,-17.837511100112312,0.0,20.026347835713494,0.0,0.2980765741508171,0.3390682974132572,-0.019840999118919712,84.4468543258832,0.11908761985459185,-1.9999999999999998,0.0,0.0,0.0,-0.12698129373125802,-3.1724664224664223,-2.8359177389200485,0.0,0.0,0.0,Telecom Services,Communication Services,QTEKW
2022Q3,2022,Q3,2022-11-15,2022-10-01,-3276000.0,216120000.0,9093000.0,-0.0728,28012000.0,0.1296131779,729072000.0,-30970000.0,311690000.0,192321000.0,798250000.0,11568000.0,-209832000.0,5986264500.0,6572594500.0,-0.001396847733674314,1.6206758492312332,0.8052222551407817,-18.95592508879561,0.007319074199055267,-0.001396847733674314,0.10577978689053923,27.69879927817879,-456.8272664835165,-193.2923635776558,0.0,16.26106500691563,0.0,0.29643162815195206,1.495588105303113,-0.004493383369543749,-245.57018911268818,0.12961317786414955,0.6666666666666666,0.0,0.0,0.0,0.39766490370222535,0.7459086325913287,1.79840196681008,0.0,0.0,0.0,Telecom Services,Communication Services,QTEKW
2022Q2,2022,Q2,2022-08-08,2022-07-02,-12893000.0,184222000.0,-11389000.0,-0.29,20042000.0,0.1087926523,695109000.0,-28250000.0,266610000.0,166223000.0,757789000.0,11010000.0,-206690000.0,3547416000.0,4105308000.0,-0.0012741668865450231,1.6039296607569349,0.8030308915580147,-19.7590796460177,-0.01016037883068744,-0.0012741668865450231,0.45638938053097344,19.256201756576306,-68.78569766539982,-125.57224778761064,0.0,14.911898274296094,0.0,0.2650260606609899,1.4645205537139867,-0.018548170143099858,-169.71658214524925,0.10879265234336832,-0.4999999999999998,0.0,0.0,0.0,0.24825610363726955,-0.043714077552011656,0.45379118507505634,0.0,0.0,0.0,Telecom Services,Communication Services,QTEKW
2022Q1,2022,Q1,2022-05-17,2022-04-02,-12353000.0,148161000.0,-20851000.0,-0.0002,16056000.0,0.108368599,672584000.0,-17646000.0,235901000.0,149814000.0,710729000.0,6585000.0,-194972000.0,0.0,527480000.0,0.0,1.5746258694114035,0.7845265424095726,-29.902527484982432,-0.011990102908835376,0.0,0.7000453360534965,0.0,0.0,0.0,0.0,20.061503416856493,,0.22028623933962152,1.425140507562711,-0.01836647913123119,0.0,0.10836859902403466,0.0,0.0,0.0,0.0,-0.04796916691372665,0.9102252906976744,-0.947599476928825,0.0,0.0,0.0,Telecom Services,Communication Services,QTEKW
2021Q4,2021,Q4,2022-04-15,2021-12-31,-137600000.0,147057000.0,-10706000.0,-43.74,16865000.0,0.1146834221,671759000.0,-66978000.0,226523000.0,267207000.0,738737000.0,0.0,0.0,0.0,585890000.0,0.0,0.8477435097134431,0.8426221308534757,-8.451118277643406,-0.03499041321142562,0.0,2.054405924333363,0.0,0.0,0.0,0.0,0.0,,0.21891333052478643,-0.0742907184317776,-0.20483536506395894,0.0,0.11468342207443372,0.0,0.0,0.0,0.0,-0.7107452191064231,-10.502106208134798,-1.3158484776964834,0.0,0.0,0.0,Telecom Services,Communication Services,QTEKW
2021Q3,2021,Q3,2021-11-18,2021-09-30,14481000.0,215462000.0,33896000.0,-0.05,58305000.0,0.2706045614,769565000.0,10857000.0,277857000.0,277658000.0,758708000.0,5633000.0,-238209000.0,0.0,559644000.0,0.0,1.0007167090449403,0.734244670690585,52.04467164041632,0.038408033260205685,0.0,1.3337938657087594,0.0,0.0,0.0,0.0,27.899343156399787,,0.2799789491465958,0.917203898320956,0.018817123959639536,0.0,0.2706045613611681,0.0,0.0,0.0,0.0,2.104467280762473,1.5779684693673917,7.012061014544164,0.0,0.0,0.0,Telecom Services,Communication Services,QTEKW
2021Q2,2021,Q2,2021-08-25,2021-06-30,-25055000.0,130609000.0,-5638000.0,-0.16,18781000.0,0.1437956037,,,,,,,,0.0,,0.0,0.0,0.0,0.0,0.0,0.0,0.0,0.0,0.0,0.0,0.0,0.0,,0.0,0.0,0.0,0.0,0.14379560367202873,0.0,0.0,0.0,0.0,0.20367877972184836,0.0,0.441505695889054,0.0,0.0,0.0,Telecom Services,Communication Services,QTEKW
2021Q1,2021,Q1,2021-06-02,2021-03-31,0.0,119113000.0,-10095000.0,-0.01,15603000.0,0.1309932585,,,,,,,,0.0,,0.0,0.0,0.0,0.0,0.0,0.0,0.0,0.0,0.0,0.0,0.0,0.0,,0.0,0.0,0.0,0.0,0.13099325850243046,0.0,0.0,0.0,0.0,7.558638083228248,1.0,0.7880270451873005,0.0,0.0,0.0,Telecom Services,Communication Services,QTEKW
2020Q4,2020,Q4,2020-12-31,2020-12-31,-80453000.0,132444000.0,-47624000.0,0.0,-2379000.0,-0.0179623086,640868000.0,29634000.0,192223000.0,176448000.0,611234000.0,5765000.0,-204086000.0,0.0,440596000.0,0.0,1.0894031102647805,0.6876174188756499,14.870486603226023,-0.1379228736644459,0.0,-2.7148883039751635,0.0,0.0,0.0,0.0,23.386470078057243,,0.20666346267874194,0.9910738574537541,-0.12553755219483576,0.0,-0.017962308598351,0.0,0.0,0.0,0.0,0.0,0.0,0.0,0.0,0.0,0.0,Telecom Services,Communication Services,QTEKW
