Quarters,Year,Quarter,FillingDate,Date,NetIncome,Revenue,OperatingIncome,EPSDiluted,GrossProfit,GrossProfitRatio,TotalAssets,CommonStockEquity,CurrentAssets,CurrentLiability,TotalLiability,Inventory,RetainedEarnings,MarketCap,EnterpriseValue,bookValuePerShare,currentRatio,debtToAssets,debtToEquity,roic,shareholdersEquityPerShare,roe,priceToSalesRatio,peRatio,pbRatio,payoutRatio,inventoryTurnover,dividendYield,assetTurnover,quickRatio,returnOnAssets,priceToFreeCashFlowsRatio,grossProfitMargin,epsdilutedGrowth,fiveYNetIncomeGrowthPerShare,fiveYRevenueGrowthPerShare,fiveYShareholdersEquityGrowthPerShare,grossProfitGrowth,netIncomeGrowth,operatingIncomeGrowth,threeYNetIncomeGrowthPerShare,threeYRevenueGrowthPerShare,threeYShareholdersEquityGrowthPerShare,Industry,Sector,Symbol
2023Q1,2023,Q1,2023-05-03,2023-03-31,16485000.0,229834000.0,-64155000.0,0.1,76263000.0,0.3318177467,2619906000.0,853050000.0,210623000.0,177101000.0,1766856000.0,89632000.0,-2516500000.0,1505713320.0,3064106320.0,5.535116405824184,1.1892818222370285,0.5959923752989611,1.8304249457827795,-0.019231716968700296,5.535116405824184,0.019324775804466326,6.551307987504025,22.834596906278435,1.7650938631967645,1.4468911131331514,1.7133501428061406,0.015840996877147902,0.08772604818646165,0.6439545795901773,0.00629221048388759,434.6747459584296,0.33181774672154685,0.4285714285714285,2.614575544403285,-0.5082715624397147,-0.5053009170251014,0.08625920492258607,0.5763052208835341,-16.722375690607734,1.263186023585127,-0.10084620369329868,-0.1662480040493071,Oil & Gas Equipment & Services,Energy,AROC
2022Q4,2022,Q4,2023-02-22,2022-12-31,10458000.0,218871000.0,-3620000.0,0.07,70207000.0,0.3207688547,2598750000.0,860693000.0,231960000.0,148571000.0,1738057000.0,84622000.0,-2509133000.0,1378914920.0,2940543920.0,5.605148677338265,1.5612737344434648,0.6015180375180376,1.8162050812542916,-0.0012699211682127153,5.605148677338265,0.012150673933679024,6.300126193054356,32.96316026008797,1.6020984485757408,2.1599732262382867,1.7568008319349577,0.01638172136102494,0.08422164502164502,0.9363200086154094,0.004024242424242424,-43.475578396443545,0.320768854713507,-0.3,-0.8998796795012804,-0.5230284621070472,-0.4956694173407569,0.0607209766120747,-0.319627870665539,0.1976950354609929,-0.777496234309078,-0.12835862042374674,-0.22358303649637615,Oil & Gas Equipment & Services,Energy,AROC
2022Q3,2022,Q3,2022-11-03,2022-09-30,15371000.0,213668000.0,-4512000.0,0.1,66188000.0,0.3097702978,2605601000.0,869816000.0,220284000.0,194330000.0,1735785000.0,84091000.0,-2497002000.0,985791000.0,2496930000.0,5.6647085639856725,1.1335563217207842,0.5807416407961158,1.7396564330846984,-0.0014732510787205063,5.6647085639856725,0.017671553523963688,4.613657637081828,16.033293214494826,1.1333327968213966,1.4676338559625268,1.753814320200735,0.022884161044278147,0.0820033458691488,0.6657541295734061,0.005899214806871812,83.24531329167371,0.3097702978452553,-0.09090909090909087,1.5520355487861524,-0.5101865220636204,-0.4634878221446207,0.027652273821168506,-0.0821091603965126,-1.1245754990474612,-0.2988683542913753,-0.18802917371489233,-0.2340126092847651,Oil & Gas Equipment & Services,Energy,AROC
2022Q2,2022,Q2,2022-08-03,2022-06-30,16746000.0,215828000.0,36219000.0,0.11,64407000.0,0.2984181849,2601326000.0,873918000.0,217035000.0,151529000.0,1727408000.0,77636000.0,-2489814000.0,1265582910.0,2811057910.0,5.71065064397875,1.4323000877719776,0.5948600828961845,1.770675280747164,0.009551473218265322,5.71065064397875,0.01916198087234729,5.8638495005281985,18.893809118595485,1.44817123574523,1.3432461483339304,1.9503967231696635,0.017773628122080127,0.08296845531855676,0.8663226181127045,0.006437486112851676,-26.226436298076923,0.29841818485089977,8.734513274336283,2.8867275541863635,-0.5042858203322415,-0.45792165363755216,0.055454500762007766,8.730389308541545,4.415275813295615,0.22932650060545107,-0.2408001975712818,-0.12012825722423726,Oil & Gas Equipment & Services,Energy,AROC
2022Q1,2022,Q1,2022-05-10,2022-03-31,1721000.0,197201000.0,-10605000.0,0.0113,61023000.0,0.3094456925,2600020000.0,872323000.0,196384000.0,168310000.0,1517015000.0,73596000.0,-2484066000.0,1409328700.0,2925081700.0,5.7130329425633635,1.1667993583268967,0.5834628195167729,1.7390519337447252,-0.0028489241570467927,5.7130329425633635,0.001972893068278608,7.146661020988738,204.72526147588613,1.615604197069205,13.174317257408484,1.8503451274525788,0.016087801234729696,0.07584595503111514,0.6917236052522132,0.0006619179852462673,44.438692690925144,0.30944569246606257,-0.712468193384224,1.0558243473448774,-0.5279452630770709,-0.4502741807702567,0.008178033306899287,-0.7127837116154874,-1.2910742712850634,-0.9257262707070527,-0.298847431256243,-0.1303939245141753,Oil & Gas Equipment & Services,Energy,AROC
2021Q4,2021,Q4,2022-02-23,2021-12-31,5992000.0,195249000.0,36434000.0,0.0393,60528000.0,0.3100041485,2589966000.0,891438000.0,186570000.0,125254000.0,1698528000.0,72869000.0,-2463114000.0,1139353600.0,2684549600.0,5.852402836134454,1.489533268398614,0.5972144035867653,1.7351346924856244,0.0196546015566755,5.852402836134454,0.006721723776639542,5.835387633227315,47.536448598130846,1.278107507196238,3.7301401869158877,1.8488108797979936,0.019617263683548283,0.07538670391812094,0.8502722467945135,0.0023135438843598717,681.8393776181927,0.31000414854877617,-0.345,1.0595234547479129,-0.5426329502057041,-0.43718223546592133,0.04441453566621804,-0.35597592433361996,0.2660365557022726,-0.6116046966288058,-0.29609864534231894,-0.10962286200938846,Oil & Gas Equipment & Services,Energy,AROC
2021Q3,2021,Q3,2021-11-02,2021-09-30,9304000.0,195166000.0,28778000.0,0.06,57954000.0,0.2969472142,2618224000.0,904047000.0,186706000.0,153423000.0,1714177000.0,66630000.0,-2446755000.0,1255303500.0,2784404500.0,5.941501597024146,1.2169361829712624,0.585354423456511,1.6952536759703865,0.008250681291347798,5.941501597024146,0.010291500331288086,6.4319784183720525,33.730210124677555,1.3885378746901433,2.4189595872742906,2.0593126219420683,0.017928731975972344,0.07454136850017416,0.7327714879776827,0.003553553859410043,25.118126700816394,0.2969472141664019,0.04347826086956513,1.4207067180649862,-0.5476863027422472,-0.4495671102252125,-0.07340314973219282,0.06307129798903108,-0.21264021887824897,-0.21624720441604636,-0.2943341018015802,-0.082416909479413,Oil & Gas Equipment & Services,Energy,AROC
2021Q2,2021,Q2,2021-07-30,2021-06-30,8752000.0,195615000.0,36550000.0,0.0575,62545000.0,0.3197351941,2695658000.0,913821000.0,187855000.0,125550000.0,1781837000.0,65885000.0,-2433553000.0,1354614030.0,2980238030.0,6.010675313912111,1.4962564715252886,0.6042814036498695,1.7825547891764362,0.012483194518949367,6.010675313912111,0.00957736799657701,6.924898550724638,38.69441356261426,1.4823625524035888,2.551531078610603,2.0197313500796845,0.016485138574860326,0.07256669800100754,0.8737953006770212,0.0032467026603523147,61.99039126853377,0.3197351941313294,0.9166666666666669,2.6850271006349917,-0.5649824397511128,-0.43889762941537086,-0.0004155279602371706,1.0993043895418566,-0.07176960585127996,0.5442071706987249,-0.3688003148393263,-0.19472253785890356,Oil & Gas Equipment & Services,Energy,AROC
2021Q1,2021,Q1,2021-04-30,2021-03-31,4169000.0,195431000.0,39376000.0,0.03,62571000.0,0.3201692669,2722531000.0,923124000.0,188310000.0,134733000.0,1799407000.0,66024000.0,-2419974000.0,1437023250.0,3071269250.0,6.096245666171372,1.397653136202712,0.6009771789559054,1.7724368557203583,0.005692853324124124,6.096245666171372,0.004516186341163267,7.353097768521883,86.1731380426961,1.5566957960144032,5.314224034540657,2.0122985581000847,0.01541728708982266,0.07178283736714108,0.812480980902971,0.0015312956950719752,21.767802502423656,0.320169266902385,0.0,1.2817566324398344,-0.5835029831600924,-0.4209790137867729,-0.0635326867816092,-0.12982675850553121,-0.010901783471489575,-0.06964135859966691,-0.574446026410049,-0.4551501866390069,Oil & Gas Equipment & Services,Energy,AROC
2020Q4,2020,Q4,2021-02-23,2020-12-31,4791000.0,199326000.0,39810000.0,0.03,66816000.0,0.3352096565,2779722000.0,935557000.0,182011000.0,111692000.0,1844165000.0,63670000.0,-2401988000.0,1309054260.0,3013749260.0,6.18914270215201,1.629579558070408,0.6136556101653331,1.8232902965826774,0.013069117435586855,6.18914270215201,0.005121013471119344,6.567403449625237,68.30798685034439,1.3992244833826266,4.6288874973909415,2.081199937176064,0.016941238172969237,0.07170717071707171,0.9447588009884325,0.0017235536503290617,22.382735060271866,0.33520965654254836,-0.75,1.0130442820366743,-0.6260601391214348,-0.422913948234846,-0.07455781936037895,-0.7386537202705651,-0.26061439025296235,-0.9534069498048102,-0.5587450691178363,-0.44312379121051576,Oil & Gas Equipment & Services,Energy,AROC
2020Q3,2020,Q3,2020-11-03,2020-09-30,18332000.0,205631000.0,53842000.0,0.12,72199000.0,0.3511095117,2865668000.0,949685000.0,211700000.0,136324000.0,1915983000.0,65311000.0,-2384602000.0,812240120.0,2559998120.0,6.290387748883914,1.5529180481793374,0.6104105569800828,1.8419096858432007,0.015050573290220052,6.290387748883914,0.019303242654143217,3.9499886690236394,11.076807222343444,0.8552731905842463,1.2168885009818895,2.0430249115769166,0.02746478467475849,0.0717567422325266,0.970724157155013,0.00639711229633021,9.820812516625153,0.3511095116981389,1.5999999999999999,1.3618101546604893,-0.8562269749110525,-0.762613419518906,-0.09058961343225302,1.603403442941312,0.05398950747787957,1.669610770425323,-0.5205674756174951,-0.4042289038195538,Oil & Gas Equipment & Services,Energy,AROC
2020Q2,2020,Q2,2020-07-31,2020-06-30,-30381000.0,220316000.0,51084000.0,-0.2,79391000.0,0.3603505873,2928393000.0,950873000.0,208889000.0,120079000.0,1977520000.0,70991000.0,-2380626000.0,978322070.0,2802047070.0,6.307908161573009,1.7395964323487039,0.6235262821622645,1.920266954682697,0.01443417890420395,6.307908161573009,-0.03195063904433084,4.440540269431181,-8.050443286922748,1.0288672304293003,-0.7299298903920213,1.9851107886915242,0.022667381918512787,0.07523443745426246,1.0559048626321006,-0.010374632093438278,36.776260055634914,0.360350587338187,0.5121951219512194,-2.8325717072630208,-0.8535670581458608,-0.7633877845174366,-0.07934317488664433,0.5034729599424714,-0.09041700794131263,-2.474946381710831,-0.48629057758179417,-0.40122752407607987,Oil & Gas Equipment & Services,Energy,AROC
2020Q1,2020,Q1,2020-05-05,2020-03-31,-61187000.0,249697000.0,56162000.0,-0.41,86233000.0,0.3453505649,3016839000.0,999472000.0,223744000.0,157145000.0,2017367000.0,72931000.0,-2328069000.0,566068000.0,2391486000.0,6.638804383925606,1.423806039008559,0.6061440467986525,1.829605031456609,0.015656503888807627,6.638804383925606,-0.06121932380296797,2.2670196277888803,-2.3128605749587328,0.5663670417980693,-0.36234821122133787,2.2413514143505506,0.039166672555240714,0.08276775790819464,0.9026313277546215,-0.020281824784153215,20.82433874112497,0.34535056488464017,-2.3666666666666667,-2.239906600287889,-0.8447357139882365,-0.749624708209683,0.01929055212113332,-2.3288810702806013,0.2580247743207222,-1.0129444009421151,-0.3937853787588945,-0.36119356997405616,Oil & Gas Equipment & Services,Energy,AROC
2019Q4,2019,Q4,2020-02-21,2019-12-31,46044000.0,245987000.0,44643000.0,0.3,84601000.0,0.3439246789,3109975000.0,1085963000.0,232203000.0,138743000.0,2024012000.0,74467000.0,-2244877000.0,1510277039.9999998,3365235040.0,7.219250661454802,1.673619569996324,0.5976392093184029,1.7115159540426332,0.1041361596931806,7.219250661454802,0.042399234596390487,6.139662014659311,8.200183737294761,1.3907260560442665,0.4784771088524021,2.1672150079901162,0.014587389873847254,0.07909613421329753,1.07068464715337,0.01480526370790762,-99.30153461766058,0.3439246789464484,1.1428571428571426,1.1058115051293544,-0.8611924694797924,-0.7294036254857037,0.0196085520765541,1.2562846082226686,-0.2712298801789154,1.4631518403698045,-0.4165250238639359,-0.3057343056079037,Oil & Gas Equipment & Services,Energy,AROC
2019Q3,2019,Q3,2019-10-30,2019-09-30,20407000.0,244949000.0,61258000.0,0.14,82974000.0,0.338739901,3100804000.0,1057018000.0,253142000.0,167568000.0,2043786000.0,78306000.0,-2268890000.0,1425022070.0,3263925070.0,7.395302628541044,1.5106822304974696,0.5941455828875349,1.742949505117226,0.019614340605760158,7.395302628541044,0.019306199137573817,5.817627628608404,17.457515435879845,1.3481530778094604,1.0810996226784926,2.0684877276326206,0.01548186548437106,0.0789953186334899,0.959419459562685,0.0065811963606858094,220.35287923302923,0.33873990095897516,0.5555555555555558,-0.6073342535645357,-0.8427144638497233,-0.726117309823602,0.03494985780571771,0.7864834106626981,0.1441539036234591,1.9823296864586561,-0.39566241035599464,-0.3148840019456136,Oil & Gas Equipment & Services,Energy,AROC
2019Q2,2019,Q2,2019-07-30,2019-06-30,11423000.0,238390000.0,53540000.0,0.09,80172000.0,0.3363060531,2661306000.0,832890000.0,231511000.0,152580000.0,1828416000.0,74159000.0,-2267235000.0,1339744320.0,2983190320.0,6.490321675706003,1.517308952680561,0.6182907940687767,1.9756042214458092,0.01943280600366199,6.490321675706003,0.013714896324844817,5.619968622844918,29.321201085529196,1.608548932031841,1.5062593014094372,2.1334969457516957,0.012842748980641321,0.08957632079888596,0.9755275920828418,0.004292253502603609,-38.26528961498914,0.33630605310625444,-0.4,0.8956491006582316,-0.8344294723833982,-0.7584228864977122,0.09202353710362864,-0.41288034539473684,0.21101083440772658,3.605530716613106,-0.3719284700860435,-0.3941221763108047,Oil & Gas Equipment & Services,Energy,AROC
2019Q1,2019,Q1,2019-04-30,2019-03-31,19456000.0,236159000.0,44211000.0,0.15,73416000.0,0.3108753001,2634262000.0,842292000.0,228672000.0,164790000.0,1791970000.0,72463000.0,-2261452000.0,1282090000.0,2879800000.0,6.56967919568829,1.3876570180229384,0.6071598041500808,1.898887796631097,0.020478331405244313,6.56967919568829,0.023098877823842564,5.42892712113449,16.47422388980263,1.5221443394927174,0.8856393914473685,2.245877206298387,0.013439774118821612,0.08964901744777096,0.8920565568299047,0.007385749784949257,-24.99346940366883,0.3108753001156001,0.4999999999999999,-0.38621404867568176,-0.8126813800646481,-0.7477128245599377,0.04814116840842899,0.500308451573103,-0.13488180964308077,2.553012244792919,-0.40556823156185695,-0.3760123303264169,Oil & Gas Equipment & Services,Energy,AROC
2018Q4,2018,Q4,2019-02-20,2018-12-31,12968000.0,233159000.0,51104000.0,0.1,70044000.0,0.3004130229,2552515000.0,841574000.0,256196000.0,150742000.0,1710941000.0,76333000.0,-2263677000.0,958989640.0,2482880640.0,6.572948233309382,1.6995661461304745,0.5992133248972092,1.817429008025438,0.016245307184317086,6.572948233309382,0.015409221292482895,4.1130286199546235,18.487616440468848,1.1395190916069176,1.322948797038865,2.136887060642186,0.01788966145661386,0.09134481090218863,1.120172214777567,0.0050804794487005955,-42.28908762181946,0.3004130228728035,0.25000000000000006,-0.4603130741707411,-0.837002733725502,-0.739591677818175,0.007914352318185743,0.30018046921997193,0.17588587206626782,1.0416845070319305,-0.483586421459396,-0.38712727643226785,Oil & Gas Equipment & Services,Energy,AROC
2018Q3,2018,Q3,2018-11-01,2018-09-30,9974000.0,232372000.0,43460000.0,0.08,69494000.0,0.2990635705,2531390000.0,827798000.0,232698000.0,159035000.0,1703592000.0,77497000.0,-2259489000.0,1586519220.0,3098774220.0,6.47516465637271,1.4631873486968276,0.5987536491808848,1.8309768808332467,0.014119752841839006,6.47516465637271,0.012048833169444719,6.827497374898869,39.76637306998196,1.9165535794964472,1.7158612392219772,2.101732970308528,0.010787136887002224,0.09179620682707919,0.9130380105008331,0.003940127755896958,-36.454107672158266,0.29906357048181365,1.1505376344086025,-0.8150617731825787,-0.8459219730005136,-0.7389307363706089,0.07017570876387884,1.4039527597011328,0.05979321108076473,1.2324710474570715,-0.8081325849537458,-0.7556403107104038,Oil & Gas Equipment & Services,Energy,AROC
2018Q2,2018,Q2,2018-08-02,2018-06-30,4149000.0,226870000.0,41008000.0,0.0372,64937000.0,0.2862299996,2484239000.0,830725000.0,226706000.0,168126000.0,1653514000.0,82470000.0,-2252349000.0,1335552000.0,2790883000.0,7.46410472972973,1.3484291543247326,0.5872474427782512,1.7561322940804718,0.028780507349035443,7.46410472972973,0.004994432573956484,5.886860316480804,80.47433116413593,1.6076944837340876,3.7324656543745482,1.9635382563356372,0.011595205577918344,0.09132374139525223,0.7977826154193879,0.0016701291622907457,-68.70123456790124,0.28622999955921896,0.2567567567567566,-0.9060614038963885,-0.8400203570125441,-0.6893493860473731,0.0706312960612006,1.0053165780570323,0.2130749889069664,-0.6610310285754843,-0.7957662937518304,-0.7200183782867856,Oil & Gas Equipment & Services,Energy,AROC
2018Q1,2018,Q1,2018-05-03,2018-03-31,2069000.0,212040000.0,33805000.0,0.0296,60653000.0,0.2860450858,2437198000.0,782280000.0,211068000.0,142815000.0,1699325000.0,84208000.0,-2238800000.0,611765000.0,2035260000.0,11.18885519766577,1.4779119840352903,0.5855297764071692,1.824221506366007,0.01306553007221813,11.18885519766577,0.002644833052104106,2.8851395963025843,73.920372160464,0.7820281740553254,4.1237312711454805,1.797774558236747,0.013946531756475117,0.08700154849954743,0.8371739663200645,0.0008489256925370857,-81.38419582280164,0.2860450858328617,-0.9564705882352942,-0.9243516708407744,-0.755953912491323,-0.5320854797689059,0.12214390113041387,-0.9564970563498738,0.38097961518035867,-0.909719389251112,-0.7160903020151015,-0.5780244871052123,Oil & Gas Equipment & Services,Energy,AROC
2017Q4,2017,Q4,2018-02-22,2017-12-31,47560000.0,208935000.0,24479000.0,0.68,54051000.0,0.2586976811,2408007000.0,777049000.0,221163000.0,130856000.0,1672389000.0,90691000.0,-2241243000.0,734118000.0,2140635000.0,11.114036844213055,1.6901250229259643,0.5884754487839944,1.8236340308011465,-0.09309966800559838,11.114036844213055,0.06120592137690158,3.513619068131237,3.8589045416316234,0.9447512319042943,0.17945752733389403,1.707821062729488,0.011626196333559454,0.08676677434907788,0.9472397138839641,0.019750773149745826,-39.502690486439946,0.25869768109699187,4.777777777777779,12.896992180089791,-0.7732402183714002,-0.521512824904884,0.3528646159237104,4.765935545173806,0.8837245094267026,3.6798790434609296,-0.7463362532433526,-0.5834168645342039,Oil & Gas Equipment & Services,Energy,AROC
2017Q3,2017,Q3,2017-11-02,2017-09-30,-12629000.0,197853000.0,12995000.0,-0.18,39953000.0,0.2019327481,2413826000.0,735329000.0,222182000.0,136396000.0,1712376000.0,94294000.0,-2280268000.0,874032200.0,2264333200.0,10.558396990408362,1.6289480629930497,0.5770701782149997,1.8943180535515396,0.004425572268220816,10.558396990408362,-0.017174625235778816,4.4175837616816525,-17.30208646765381,1.1886274035159774,-0.6759046638688733,1.674549812289223,0.009766230580520946,0.08196655434153083,0.8968884718026922,-0.005231942981805648,-283.59253731343284,0.2019327480503202,-2.103448275862069,-2.394914443037981,-0.7436703997790666,-0.5362230733861421,-0.18266437543472036,-2.1290882061446976,-0.42909234689394604,-1.4987185727750159,-0.7392655112540116,-0.6089731121315969,Oil & Gas Equipment & Services,Energy,AROC
2017Q2,2017,Q2,2017-08-01,2017-06-30,-4036000.0,197982000.0,22762000.0,-0.058,48882000.0,0.2469012334,2418519000.0,733091000.0,212470000.0,118590000.0,1738665000.0,94087000.0,-2261497000.0,793303200.0,2233360200.0,10.534732999942518,1.791635045113416,0.5965022395937348,1.96790302977393,0.007518425185631284,10.534732999942518,-0.005505455666486152,4.006946086007819,-49.13919722497522,1.082134687235282,-2.114469772051536,1.5847035190834016,0.010757551463299278,0.0818608412834466,0.9430727717345476,-0.0016687898668565349,-36.08712186689715,0.24690123344546475,0.7100000000000001,0.9703111184734777,-0.713669470542031,-0.5050933670139466,0.10382982567067112,0.711981731249554,0.3610380291796221,-2.2351394721073063,-0.7464242157874299,-0.6078853226690684,Oil & Gas Equipment & Services,Energy,AROC
2017Q1,2017,Q1,2017-05-04,2017-03-31,-14013000.0,189885000.0,16724000.0,-0.2,44284000.0,0.2332148406,2416745000.0,721282000.0,212211000.0,125486000.0,1741447000.0,95060000.0,-2246276000.0,860609600.0,2286159600.0,10.392513399804045,1.6911129528393605,0.5943353560263909,1.991394489256629,0.007933942510208512,10.392513399804045,-0.0194279075313123,4.532267425020407,-15.353771497894812,1.1931666116719952,-0.6035823877827732,1.5316747317483694,0.009827917327438596,0.07857055667850767,0.892992046921569,-0.005798294813892239,36.051005361930294,0.2332148405613924,0.696969696969697,-2.6463457387349836,-0.7182680642367666,-0.5530194886094659,-0.058828530136869846,0.6933362512309881,0.4334447587211794,-1.8166359977455213,-0.7217718174012291,-0.6009093026824925,Oil & Gas Equipment & Services,Energy,AROC
2016Q4,2016,Q4,2017-02-23,2016-12-31,-45695000.0,193780000.0,11667000.0,-0.66,47052000.0,0.2428114356,2414779000.0,718966000.0,215685000.0,106528000.0,1729851000.0,93801000.0,-2227214000.0,912674400.0,2351264400.0,10.398397500795465,2.024678957644938,0.5970417996843603,2.00527424106286,0.004284606704767215,10.398397500795465,-0.06355655204835833,4.709848281556404,-4.993294671189408,1.2694263706489597,-0.18511872196082724,1.564247715909212,0.009268365585799273,0.08024750919235259,1.078401922499249,-0.01892305672693029,27.15727080667718,0.24281143564867375,-3.4000000000000004,0.3370876471219109,-0.7495315753515523,-0.5454902817648097,-0.0820017559262511,-3.552201633791592,-0.5810922408531112,-4.521500359323007,-0.749142408514736,-0.5880342959587744,Oil & Gas Equipment & Services,Energy,AROC
2016Q3,2016,Q3,2017-02-09,2016-09-30,-10038000.0,195849000.0,27851000.0,-0.15,51255000.0,0.261706723,2525419000.0,745493000.0,237831000.0,113403000.0,1771884000.0,116191000.0,-2180144000.0,903357120.0,2369376120.0,10.794234333371945,2.0972196502738023,0.5826288627748504,1.973703307744003,0.008454626063837388,10.794234333371945,-0.013464915163522662,4.612518419803012,-22.498433950986254,1.2117580178485916,-0.6673640167364017,1.2444509471473695,0.007415671888433226,0.07755109152184252,1.0224949957232172,-0.003974785966209963,15.528804084369037,0.2617067230366252,-3.385964912280701,0.9572057363297631,-0.7474986896775163,-0.5456907216177745,-0.13171268846349313,-3.2569974554707377,-0.10536121550865697,-1.3445294454653889,-0.7596190211032368,-0.5647921005247256,Oil & Gas Equipment & Services,Energy,AROC
2016Q2,2016,Q2,2017-02-09,2016-06-30,-2358000.0,204145000.0,31131000.0,-0.0342,59030000.0,0.2891572167,2611942000.0,739371000.0,269446000.0,99684000.0,1855850000.0,116447000.0,-2163797000.0,650177820.0,2184886820.0,10.712261485634807,2.7030014846916255,0.598229976010187,2.113339581887848,0.00464997358530461,10.712261485634807,-0.0031891973041950523,3.1848824120110706,-68.93318702290077,0.8793661368920339,-2.846055979643766,1.246189253480124,0.010321791660010795,0.07815832051400835,1.4736266602463786,-0.0009027765547627015,14.74426423566229,0.28915721668421956,0.6499488229273286,0.9278032928730384,-0.7181182540789275,-0.6080670205911352,-0.029542801716343072,0.6494201605709188,0.1053080063909107,-1.086088024135578,-0.7678735078463824,-0.5541634626214538,Oil & Gas Equipment & Services,Energy,AROC
2016Q1,2016,Q1,2017-02-09,2016-03-31,-6726000.0,213295000.0,28165000.0,-0.0977,60827000.0,0.2851778054,2670840000.0,724711000.0,265702000.0,123158000.0,1919920000.0,123494000.0,-2152609000.0,550664000.0,2146083000.0,10.528540089782517,2.157407557771318,0.5991410941875964,2.208066387842878,0.008099541547688048,10.528540089782517,-0.009280940954394235,2.581701399470217,-20.467737139458816,0.7598394394455169,-1.9405292893250075,1.2346186859280612,0.02370229395783999,0.07986064309355859,1.11800289059582,-0.0025183088466549848,26.701449837560006,0.28517780538690546,0.9597942386831275,0.7846798057757114,-0.6872704876621655,-0.6087945332801274,1.3093585185863301,0.9595482101616628,3.7145965852025444,-1.2497903106355843,-0.750646996066438,-0.5596996566840735,Oil & Gas Equipment & Services,Energy,AROC
2015Q4,2015,Q4,2016-02-29,2015-12-31,-166272000.0,241310000.0,5974000.0,-2.43,-196623000.0,0.1847427481,2706763000.0,733910000.0,285303000.0,135104000.0,1919504000.0,129411000.0,-2013799000.0,514601120.0,2101503120.0,10.7248176995806,2.1117287423022266,0.5868504187474116,2.1643866414137976,0.003349065841745522,10.7248176995806,-0.22655638974806175,2.1325312668351915,-0.7737338818321785,0.7011774195746072,-0.06265035604311009,-6.704870528780397,0.02024286305478698,0.08915076790986133,1.1054372927522502,-0.061428355567147916,4.603737016792063,-0.8148149682980399,-6.147058823529412,-0.20810404135783106,-0.6425570771434028,-0.5840675367129464,-2.35753738659744,-6.22638967360598,-0.8414080543683135,-50.63885727007531,-0.7324198828809111,-0.5382696857663893,Oil & Gas Equipment & Services,Energy,AROC
2015Q3,2015,Q3,2015-11-05,2015-09-30,-23009000.0,649501000.0,37669000.0,-0.34,144838000.0,0.2229988868,4698918000.0,1816737000.0,1170586000.0,465180000.0,2797871000.0,379598000.0,-1873115000.0,1234080000.0,3277468000.0,26.498497666277714,2.516415151124296,0.44178340630757973,1.142655210963392,0.00836618242301532,26.498497666277714,-0.012665014253576605,1.9000432639826574,-13.408666174105786,0.6792837928660009,-0.45304011473771133,1.329466962418137,0.008446778166731492,0.13822352294719764,1.3867879100563223,-0.004896659188349318,38.07008884501481,0.22299888683774158,-4.090909090909091,-0.22392641460931254,-0.05948694073369591,-0.039528176604124214,-0.0503422591728081,-4.053616456536164,-0.4818498191171818,-3.581601767801553,-0.14523084402063077,0.1639448505975768,Oil & Gas Equipment & Services,Energy,AROC
2015Q2,2015,Q2,2015-08-04,2015-06-30,7535000.0,683832000.0,72699000.0,0.11,152516000.0,0.2230313878,4781576000.0,1826533000.0,1195169000.0,495962000.0,2850054000.0,400845000.0,-1856387000.0,2236982237.028,4303419237.028,26.659266719210674,2.409799541093874,0.4370446062135162,1.1441140127224638,0.015077479231491619,26.659266719210674,0.004125301869717109,3.271245330765451,74.21971589343066,1.2247149309801684,1.3806237558062375,1.325489902580798,0.004650461603048387,0.14301393515443445,1.3189175783628584,0.0015758402668910837,-36.24462867233753,0.22303138782624973,-0.6666666666666667,1.3059292246777239,-0.03815725666891046,-0.006804130275026222,-0.11944296898455001,-0.6631950652601466,-0.13125724460165147,1.0562964445149665,0.004491810695630556,0.2524140792133693,Oil & Gas Equipment & Services,Energy,AROC
2015Q1,2015,Q1,2015-05-05,2015-03-31,22372000.0,729082000.0,83683000.0,0.33,173204000.0,0.2375644989,4826538000.0,1809730000.0,1255980000.0,571787000.0,2874957000.0,417815000.0,-1844595000.0,2291219640.0,4286783640.0,26.515413467737208,2.1965871906846433,0.4242326487432607,1.1314256822840976,0.01248882985520557,26.515413467737208,0.012362065059428754,3.142608979511221,25.603652333273736,1.266056063611699,0.46218487394957986,1.3304405059655589,0.004512880310331139,0.15105692734626766,1.1898941389013742,0.004635206435751671,-444.98342202369395,0.2375644989178172,1.357142857142857,2.2132101666133313,0.14616656223994845,-0.00913559772445555,-0.06382288716407584,1.2847222222222223,-0.039947226524407735,1.6727839306864167,0.0999955180761414,0.14042413183360455,Oil & Gas Equipment & Services,Energy,AROC
2014Q4,2014,Q4,2015-02-26,2014-12-31,9792000.0,793628000.0,87165000.0,0.14,185012000.0,0.2331218153,4857147000.0,1797260000.0,1265676000.0,610718000.0,2904102000.0,403571000.0,-1866397000.0,2194784414.732,4181947414.732,26.679036902888697,2.072439325515213,0.4173029970062673,1.1277733883800898,0.006039542629094776,26.679036902888697,0.005448293513459377,2.7655077879459897,56.03514130749592,1.2211835876456385,1.0490196078431373,1.5080766457451105,0.004680186323108317,0.16339386063464828,1.1768426671557086,0.002015998280472055,-38.702576570420916,0.23312181525853423,-0.5882352941176471,1.3526023150492512,0.11266728322411201,0.005931673001246604,0.09976282329443793,-0.5946180914924446,0.18252363961959545,1.1458008352084221,0.052839550901131925,0.16612983342775356,Oil & Gas Equipment & Services,Energy,AROC
2014Q3,2014,Q3,2014-11-04,2014-09-30,24155000.0,723832000.0,73711000.0,0.34,168229000.0,0.2324144277,4818758000.0,1793778000.0,1251134000.0,633217000.0,2857032000.0,428910000.0,-1875268000.0,2943601986.432,4867545986.432,27.001716040462426,1.9758376670241007,0.40627335923489,1.0914020575567323,0.013418317410272685,27.001716040462426,0.013465991889743324,4.066692252390058,30.465762641606293,1.641006850586862,0.4163527220037259,1.2953836469189342,0.003416562445043834,0.15021132001233514,1.042062989464907,0.005012702443243674,294.6548534966967,0.23241442765724643,6.2340425531914905,0.23078416186586273,-0.012875389016231458,0.0350430342144735,0.16811093057812218,6.807045895281189,0.29576697254157436,1.107058168416842,-0.029815220158282685,0.13645208641604445,Oil & Gas Equipment & Services,Energy,AROC
2014Q2,2014,Q2,2014-08-05,2014-06-30,3094000.0,739270000.0,56886000.0,0.047,144018000.0,0.1948110974,4663117000.0,1770231000.0,1264415000.0,589911000.0,2715046000.0,420126000.0,-1899261000.0,2964391231.7799997,4763056231.78,26.866459250265596,2.1433995975664124,0.39728104613287635,1.0465120088847162,0.0034791377725651826,26.866459250265596,0.0017477944968763964,4.009889799099111,239.5274104541047,1.674578759370952,3.2323852617970266,1.4168416141824118,0.003373711233788394,0.1585355889633479,1.139327796904957,0.0006635046901032077,-42.176726638400794,0.1948110974339551,-0.8041666666666667,1.0154176849796401,0.014079198675830611,0.04842523988351259,-0.026668649130869672,-0.8086225026288117,-0.09001327723833442,1.0992328896694543,0.06928389952000799,-0.017028156543412047,Oil & Gas Equipment & Services,Energy,AROC
2014Q1,2014,Q1,2014-05-06,2014-03-31,16167000.0,643008000.0,62513000.0,0.24,147964000.0,0.2301122226,4278936000.0,1702787000.0,1242962000.0,591025000.0,2437888000.0,421313000.0,-1901637000.0,2869313265.39,4393246265.389999,26.040480195748586,2.1030616302186877,0.3705180446727878,0.9310753488251907,0.012017319575677747,26.040480195748586,0.00949443471203386,4.462329030727456,44.36990884811653,1.6850688109493437,0.6178635492051711,1.175002907577027,0.003481320816548166,0.15027287157368094,1.0597335138107524,0.003778275720880144,-63.30950234742509,0.23011222255399622,0.26315789473684204,1.261369448514176,-0.18430662930323927,-0.1952801870942982,-0.035958379755412655,0.3082213950477424,-0.14330546800054816,1.5448070250875112,-0.007592746914672379,-0.032422527556918275,Oil & Gas Equipment & Services,Energy,AROC
2013Q4,2013,Q4,2014-02-26,2013-12-31,12358000.0,735680000.0,72970000.0,0.19,153483000.0,0.2086273923,4227157000.0,1662090000.0,1221131000.0,640706000.0,2413729000.0,413927000.0,-1924244000.0,2252035865.849,3718525865.849,25.240930006530093,1.9059147253186328,0.35535822303264347,0.9037747655060797,0.00668101284717971,25.240930006530093,0.007435217106173553,3.061162279590311,45.558259140819715,1.3549421907652413,0.0,1.4065209565937955,0.0,0.1740365924426275,0.9827159414770581,0.002923477883598835,51.64746045887992,0.20862739234449762,-0.5476190476190476,1.0109188338937356,-0.17648328918625128,-0.24406367165167947,-0.061128239007560745,-0.5546666666666666,-0.0760718174681557,1.093311916589242,0.13246303533416137,-0.02110017276258979,Oil & Gas Equipment & Services,Energy,AROC
2013Q3,2013,Q3,2013-11-06,2013-09-30,27750000.0,776003000.0,78978000.0,0.42,163476000.0,0.210664134,4321731000.0,1631507000.0,1303249000.0,733116000.0,2528807000.0,461104000.0,-1946891000.0,1813554600.0,3340798600.0,24.802477956825783,1.7776845683357068,0.36196329665127236,0.9588116998578615,0.015885298485706384,24.802477956825783,0.017008814549983542,2.337045861936101,16.33832972972973,1.1115824817178228,0.0,1.3283922932787398,0.0,0.17955837603034525,0.9175137358889999,0.006421038236762075,33.15820016820858,0.21066413403040968,0.07692307692307684,-0.26023716761472393,-0.03752494875683739,-0.5027616322867804,-0.07067330650112559,0.06407454273553434,-0.18370679675872334,2.5384999656966634,0.17118458103874803,-0.10100257275171025,Oil & Gas Equipment & Services,Energy,AROC
2013Q2,2013,Q2,2013-08-06,2013-06-30,26079000.0,837344000.0,96752000.0,0.39,175908000.0,0.210078534,4369640000.0,1578980000.0,1359271000.0,750928000.0,2617462000.0,455695000.0,-1987868000.0,1866334400.0,3472240400.0,24.027329721833343,1.8101216095284767,0.3759685008375976,1.0404482640692092,0.015685721480579833,24.027329721833343,0.01651635866192099,2.22887415446937,17.891161470915296,1.1819873589279155,0.0,1.4514883858721295,0.0,0.19162768557592846,0.9426189994247118,0.0059682262154319345,-37.27375926184818,0.2100785340314136,0.0,0.19487418496345124,0.02311568349221301,-0.5163203940365348,0.23328238708863244,0.021064171332367567,0.3413744818311636,2.1039180796712045,0.22791065556896076,-0.10485742569023147,Oil & Gas Equipment & Services,Energy,AROC
2013Q1,2013,Q1,2013-05-02,2013-03-31,25541000.0,811377000.0,72129000.0,0.39,142634000.0,0.1757925108,4363052000.0,1561250000.0,1322087000.0,782423000.0,2633097000.0,430862000.0,-1997203000.0,1684507734.7089999,3280963734.7089996,23.91217778866919,1.6897343252946295,0.3735123945348348,1.043813610888711,0.014188125913309644,23.91217778866919,0.016359327461969577,2.076109792006675,16.488271159204807,1.0789481087007204,0.0,1.5521048502768868,0.0,0.1859654663753721,0.8843771208157224,0.005853929772095313,-19.99463173854572,0.17579251075640548,6.975460122699387,-0.4844627067543872,0.09252870684610563,-0.5117141073306755,2.280135701528437,7.196726572528883,0.4371189479976091,2.834725492691337,0.33338668055624326,-0.10641688538986074,Oil & Gas Equipment & Services,Energy,AROC
2012Q4,2012,Q4,2013-02-26,2012-12-31,3116000.0,838922000.0,50190000.0,0.0489,-111421000.0,-0.1328144929,4254847000.0,1478613000.0,1237968000.0,774539000.0,2552588000.0,387710000.0,-2047408000.0,1395383360.0,2925705360.0,23.22744980992177,1.5983288123645163,0.3677977139953564,1.0583722718520667,-0.0020819651210850602,23.22744980992177,0.0021073803625424638,1.6633052417268828,111.95309370988448,0.9437110048403471,0.0,2.4511696886848418,0.0,0.1971685468361142,0.8330710267655986,0.000732341256924162,9.587891380826736,-0.1328144928849166,-0.6238461538461538,-0.9455521704150318,0.042168896800004144,-0.5220841986798809,-1.5288636795139547,-0.6303677342823251,0.42678454672086874,1.1187405276977092,0.24467994248840216,-0.12421023547828292,Oil & Gas Equipment & Services,Energy,AROC
2012Q3,2012,Q3,2012-11-01,2012-09-30,8430000.0,718704000.0,35177000.0,0.13,210680000.0,0.2931387609,4327282000.0,1476314000.0,1262749000.0,716072000.0,2621743000.0,405590000.0,-2041669000.0,1316394035.1529999,2999961035.153,22.766110999737844,1.7634385927672078,0.3941591973899552,1.1553355180537475,0.00961070736727651,22.766110999737844,0.005710167349222455,1.831621968366671,39.03896901402728,0.891676184844823,0.0,1.252555536379102,0.0,0.1660867029234517,0.9638723480320415,0.0019481050691866164,-128.86872590827213,0.29313876088069635,1.0666666666666667,1.0868929934862908,-0.2826652629336958,-0.6476675619730362,0.08410734041732061,1.067980033385212,48.33660589060309,-0.5599623162098665,0.004087825017474097,-0.12731825743514458,Oil & Gas Equipment & Services,Energy,AROC
2012Q2,2012,Q2,2012-08-02,2012-06-30,-124007000.0,630735000.0,713000.0,-1.95,194335000.0,0.3081087937,4303685000.0,1351212000.0,1231215000.0,706378000.0,2714130000.0,414037000.0,-2155035000.0,809344500.0,2591871500.0,21.286303916317465,1.7429973753429466,0.4191538181813957,1.3350281080985071,0.00017568510085638143,21.286303916317465,-0.09177464380126879,1.2831767699588574,-1.6316508342271,0.5989766964769407,0.0,1.0540120810458968,0.0,0.14655696223120418,0.8986194360526517,-0.02881414415785542,-8.430847517656618,0.3081087937089269,-17.25,-3.3289287329378525,-0.10899669475212488,-0.35232819369594304,0.018276420378627905,-16.673281092012132,-0.9840855318958975,0.35858172124613036,-0.10192626491955875,-0.1693323604048096,Oil & Gas Equipment & Services,Energy,AROC
2012Q1,2012,Q1,2012-05-09,2012-03-31,7912000.0,626514000.0,44802000.0,0.12,190847000.0,0.3046172951,4379296000.0,1500005000.0,1137574000.0,654300000.0,2611331000.0,397378000.0,-2002427000.0,850952850.0,2536844850.0,23.25048438347671,1.738612257374293,0.39034835736154855,1.1396302012326625,0.01777096948829965,23.25048438347671,0.0052746490845030514,1.3582343730547122,26.888045058139536,0.56730000899997,0.0,1.0963541011329263,0.0,0.1430627205833997,0.6566941769830353,0.0018066830833083673,-10.891638828092002,0.3046172950644359,1.12,-0.7446893661884545,0.20981982886584272,-0.2591494371834176,0.019786902064720214,1.1263312522952627,3.350976012430805,1.1296469479925741,-0.19445098237797068,-0.2814984477093872,Oil & Gas Equipment & Services,Energy,AROC
2011Q4,2011,Q4,2012-02-24,2011-12-31,-62629000.0,702941000.0,10297000.0,-1.0,187144000.0,0.266230025,4360662000.0,1437236000.0,1123927000.0,669881000.0,2680620000.0,361685000.0,-2007922000.0,571671100.0,2322671100.0,22.8782731889018,1.6778009825625746,0.4065985852606783,1.2336449963680287,0.008006510767806984,22.8782731889018,-0.043576002827649736,0.8132561623237228,-2.2819744048284343,0.3977572924697127,0.0,1.4260945297703802,0.0,0.16120052414060068,0.9064654767040713,-0.0143622688481703,-9.844516962286896,0.2662300249949854,0.7058823529411765,-2.4860715345988007,0.31891436064508344,-0.25555677302898017,-0.0117338909835979,0.7060292426482668,0.39544653747120206,0.9419973435202377,-0.1752037450925694,-0.31482247964342136,Oil & Gas Equipment & Services,Energy,AROC
2011Q3,2011,Q3,2011-11-04,2011-09-30,-213045000.0,704478000.0,7379000.0,-3.4,189366000.0,0.2688032841,4437109000.0,1490396000.0,1175255000.0,724266000.0,2695330000.0,383889000.0,-1941344000.0,609716160.0,2289109160.0,23.759660757556436,1.6226842071835486,0.3851661070305012,1.1466912149522677,0.0019930456940843292,23.759660757556436,-0.14294523066352835,0.8654864452828903,-0.7154781384214602,0.40909675012547003,0.0,1.3418253713964192,0.0,0.15876959524771647,0.676524923163589,-0.0480143715198342,77.1304440227704,0.2688032841337842,-6.234042553191489,-5.087162253253975,0.36610844139501897,-0.23067999963917607,0.07343037888579008,-6.184117349519474,1.8726348155156103,-6.955706596135801,-0.0837247747900398,-0.5236679595856324,Oil & Gas Equipment & Services,Energy,AROC
2011Q2,2011,Q2,2011-08-04,2011-06-30,-29655000.0,657572000.0,-8456000.0,-0.47,176412000.0,0.2682778464,4666988000.0,1712861000.0,1160232000.0,673707000.0,2688900000.0,396670000.0,-1725370000.0,1242726270.0,2911829270.0,27.331870621838547,1.7221611175184464,0.3651605703721544,0.99494354766674,-0.001740890196968411,27.331870621838547,-0.017313138660988835,1.8898710255302842,-10.476532372281234,0.7255266305905733,0.0,1.2129982100990748,0.0,0.14089858384036985,0.9107460661682304,-0.006354205324719069,-14.283553284906441,0.2682778463803203,-0.04444444444444436,-1.6483514451510575,0.43400424640568336,-0.09657224667107224,-0.04732280275415148,-0.04691802584198263,-3.4754098360655736,-2.4247790760487242,-0.15747557934135753,-0.4497986848450103,Oil & Gas Equipment & Services,Energy,AROC
2011Q1,2011,Q1,2011-05-05,2011-03-31,-28326000.0,618479000.0,3416000.0,-0.45,185175000.0,0.2994038601,4675031000.0,1679860000.0,1131181000.0,717911000.0,2765274000.0,395630000.0,-1697344000.0,1481179140.0,3182977140.0,26.913069947771476,1.5756563139442075,0.3721008481013281,1.035552367459193,0.0008487546148290003,26.913069947771476,-0.016862119462336147,2.394873779061213,-13.072611205253125,0.8817277273106092,0.0,1.09522533680459,0.0,0.13229409601775902,0.8330489433927046,-0.0060589972558470736,-58.54925843940232,0.2994038601148948,0.7761194029850746,-1.6441187059697773,0.2816447981190196,-0.07415799604480659,-0.02253952334450632,0.774361343667604,1.224058769513315,-1.5980684769859996,-0.12887877802389297,-0.45043598704980475,Oil & Gas Equipment & Services,Energy,AROC
2010Q4,2010,Q4,2011-02-24,2010-12-31,-125537000.0,615780000.0,-15246000.0,-2.01,189445000.0,0.3076504596,4741536000.0,1609448000.0,1160604000.0,758203000.0,2939112000.0,396287000.0,-1667314000.0,1494911162.418,3347442162.418,25.784997917267454,1.5307298968745837,0.4001123264697347,1.178756318936679,-0.003011452501745881,25.784997917267454,-0.07800003479453825,2.427670860401442,-2.9770329911062077,0.9288347075630901,0.0,1.07582383474603,0.0,0.12986930817355388,0.6247179185521555,-0.02647601958521458,30.702632212322857,0.30765045957972004,-6.444444444444443,-3.9979955265917733,0.16283554295617084,-0.1609739555744405,-0.028352643699384016,-6.3710880159708765,-2.3634412448578073,-3.2371649699937484,-0.21983718901186838,-0.46946143280849556,Oil & Gas Equipment & Services,Energy,AROC
2010Q3,2010,Q3,2010-11-04,2010-09-30,-17031000.0,625623000.0,11182000.0,-0.27,194973000.0,0.3116461511,5004932000.0,1713583000.0,1266238000.0,737599000.0,3083890000.0,412564000.0,-1549286000.0,1410540747.889,3300482747.889,27.589042198644364,1.7167024358764045,0.3938732833932609,1.150401818878922,0.0021432143901604743,27.589042198644364,-0.009938824089641413,2.2546177936057337,-20.705489223900535,0.8231528603452531,0.0,1.0438380469454436,0.0,0.12500129871894364,0.6987116305743365,-0.0034028434352354835,-524.5595938597992,0.311646151116567,0.24999999999999992,-1.4948024510663311,0.7740934968137939,-0.031322054995127135,-0.0691191215087133,0.23641499282639886,0.3390013172075201,0.8167184702314128,-0.3480626327132859,-0.573027009277558,Oil & Gas Equipment & Services,Energy,AROC
2010Q2,2010,Q2,2010-08-05,2010-06-30,-22304000.0,643822000.0,8351000.0,-0.36,209450000.0,0.3253228377,4973255000.0,1665379000.0,1242919000.0,710091000.0,3139078000.0,427947000.0,-1531301000.0,1601355577.956,3608839577.9560003,26.841902520791695,1.7503657981864296,0.4185051842304487,1.2497653687238761,0.0022474280976986782,26.841902520791695,-0.013392747236514931,2.4872644581204124,-17.949197206285866,0.9615562451285864,0.0,1.0150135413964814,0.0,0.12945686476965287,0.6966078995509026,-0.004484789137094317,69.0388263830998,0.32532283767873726,-4.6,-1.6303308746525544,0.5888763617364657,-0.02563108839101137,-0.005427530829609721,-4.535827520608751,-0.7598009606811057,-1.428564506484345,-0.06948871878513808,-0.18328970785050497,Oil & Gas Equipment & Services,Energy,AROC
2010Q1,2010,Q1,2010-05-06,2010-03-31,6308000.0,576308000.0,34767000.0,0.1,210593000.0,0.3654174504,5111503000.0,1654724000.0,1292407000.0,781146000.0,3283787000.0,488324000.0,-1548827000.0,1494576120.0,3571118120.0,26.759880975483537,1.6545012072007026,0.4194353402511942,1.295651117648623,0.025003656083878393,26.759880975483537,0.0038121160991198533,2.5933634792506783,59.2333592263792,0.9032177692473187,0.0,0.7489187506655417,0.0,0.11274726826923509,0.8248009975087883,0.0012340792913552042,25.2509101353292,0.3654174503911103,1.2439024390243902,1.722488726916273,0.5305738075169595,-0.012426752847514554,-0.030115321555551463,1.2474598878035386,2.009348221241236,-0.7876297770761475,0.16108463924414412,-0.14732645760788082,Oil & Gas Equipment & Services,Energy,AROC
2009Q4,2009,Q4,2010-02-25,2009-12-31,-25491000.0,654715000.0,11553000.0,-0.41,217132000.0,0.3316435396,5292948000.0,1639997000.0,1419161000.0,837033000.0,3476089000.0,489982000.0,-1565489000.0,1326382261.836,3503573261.836,26.52171873989262,1.6954660091059732,0.42716006278542695,1.3786220340646964,-0.003056566049923116,26.52171873989262,-0.015543321115831309,2.02589258201813,-13.008338843474167,0.8087711513106426,0.0,0.8930593368735994,0.0,0.12369571739605226,0.8499425948558779,-0.004816030688380086,15.130641119709795,0.33164353955537906,-2.3666666666666667,-1.9165784756366684,0.7258216277588359,-0.027317496741846494,-0.05555362238151576,-2.401220316622691,-0.8401632540121748,-1.6144896436476945,0.24799679479650175,-0.13700156823369167,Oil & Gas Equipment & Services,Energy,AROC
2009Q3,2009,Q3,2009-11-05,2009-09-30,18192000.0,679706000.0,72280000.0,0.3,229904000.0,0.3382403569,5388305000.0,1606444000.0,1446184000.0,891165000.0,3604445000.0,574768000.0,-1588074000.0,1461885460.0,3761439460.0,26.087529839718087,1.6228016136181291,0.4427640974295256,1.485111214583266,0.011275368017253762,26.087529839718087,0.011324391015186336,2.1507614468608485,20.089674857080034,0.910013333798128,0.0,0.7825801018845865,0.0,0.12614467815017896,0.5860284010256238,0.0033762008646503862,13.55153565204494,0.3382403568601719,1.0983606557377048,-0.24057014152345513,0.8025746824014207,-0.018166096899119,0.006972914257682469,1.0974768122853362,0.08973585815945001,-0.6444834777590263,0.34266495101754835,-0.1553053441925915,Oil & Gas Equipment & Services,Energy,AROC
2009Q2,2009,Q2,2009-08-06,2009-06-30,-186629000.0,677968000.0,66328000.0,-3.05,228312000.0,0.3367592571,5485205000.0,1570256000.0,1548164000.0,883296000.0,3733615000.0,580395000.0,-1606266000.0,982883141.2770001,3391494141.277,25.625536498196713,1.7527125674745498,0.4575539109294912,1.5983234580858152,0.014460870984295129,25.625536498196713,-0.11885259473614493,1.4497485740875677,-1.3166270264495337,0.6259381535730479,0.0,0.7747413399495171,0.0,0.12359939145392014,0.739347851682788,-0.034024070203392584,-27.171734201669757,0.33675925707408016,-2.2105263157894735,-9.075590215263546,0.8700709713580554,-0.015686674875169105,-0.12515087767700106,-2.223298791018998,5.542702554619547,-5.172986249794804,0.5120689335972525,-0.15297342114899135,Oil & Gas Equipment & Services,Energy,AROC
2009Q1,2009,Q1,2009-05-07,2009-03-31,-57900000.0,737893000.0,-14601000.0,-0.95,260973000.0,0.353673229,6145924000.0,1980704000.0,1837953000.0,1008523000.0,3982145000.0,663964000.0,-1075496000.0,980568180.0,3420896180.0,32.359685667140454,1.8224205099933268,0.4155450018581421,1.2893940740262049,-0.004568410057153372,32.359685667140454,-0.02923203063153303,1.3288758397220193,-4.233886787564766,0.49506043305814496,0.0,0.7182919555879536,0.0,0.12006217454039457,0.8450823630199807,-0.009420877967251141,-19.32230196263892,0.3536732290454036,0.9447353112274579,-3.5212139162508014,0.9752925259874922,0.26517914972042633,-0.15017698336975033,0.94496480218696,-1.09015355927808,-2.34262209297036,0.559303580518172,0.11321214129665977,Oil & Gas Equipment & Services,Energy,AROC
2008Q4,2008,Q4,2009-02-26,2008-12-31,-1052054000.0,830391000.0,161957000.0,-17.19,307091000.0,0.3698149426,6092627000.0,2043786000.0,1695130000.0,917221000.0,3864550000.0,527099000.0,-1016082000.0,1303751638.791,3689789638.791,33.3902857422928,1.8481151216555225,0.41237203590503735,1.2293014043544677,0.034554031780591014,33.3902857422928,-0.5147574158938363,1.5700454831410744,-0.3098110075126847,0.637910054570782,0.0,0.9927926252942996,0.0,0.13629440962002104,0.8195920067246607,-0.172676581054445,233.8987511286329,0.36981494259932973,-31.69642857142857,-46.179573654555696,1.4587844516173283,0.32058194739427043,0.07241735753647582,-29.408554532444036,0.7264916264244673,-26.620749544761047,0.5990789880503389,0.08649686373773362,Oil & Gas Equipment & Services,Energy,AROC
2008Q3,2008,Q3,2008-11-07,2008-09-30,37033000.0,795962000.0,93807000.0,0.56,286354000.0,0.3597583804,7241549000.0,3239237000.0,1628316000.0,890460000.0,3813738000.0,503459000.0,39331000.0,2075482335.06,4424961335.059999,49.88045888512473,1.828623408126137,0.3407797143953593,0.7618377414187354,0.010900147499678875,49.88045888512473,0.011432630585536039,2.607514347493976,14.011032964248104,0.640731856008066,0.0,1.0122135069588587,0.0,0.10991598620681846,1.0384520360263234,0.005113961115225486,-37.5258974300282,0.3597583804251962,0.696969696969697,0.8878261732168551,1.1486278291332914,1.0136806362915456,0.16491670565262495,0.7097414589104339,0.6597721080009908,0.029050826381213306,1.158799800686461,0.7513511364710179,Oil & Gas Equipment & Services,Energy,AROC
2008Q2,2008,Q2,2008-08-06,2008-06-30,21660000.0,812211000.0,56518000.0,0.33,245815000.0,0.3026491884,6969530000.0,3239728000.0,1482403000.0,826687000.0,3540548000.0,433489000.0,2298000.0,4662363199.566,6822057199.566,49.676127390097676,1.7931853289092485,0.3261463828981294,0.7016289639130199,0.006080652571565317,49.676127390097676,0.0066857464577273155,5.740334961686064,53.81305632001385,1.4391218026840524,0.0,1.306598321987409,0.0,0.11653741357021205,1.006285329272143,0.003107813582838441,316.3283261799308,0.3026491884497994,-0.547945205479452,6.190987468931416,1.5177605396992784,1.0369783687604592,-0.12752976084842377,-0.561280913896822,-0.4183655617416719,-0.417651115522926,0.9069184906817999,0.8032579523953696,Oil & Gas Equipment & Services,Energy,AROC
2008Q1,2008,Q1,2008-05-08,2008-03-31,49371000.0,740089000.0,97171000.0,0.73,281746000.0,0.3806920519,7030427000.0,3186342000.0,1601946000.0,914545000.0,3655858000.0,482012000.0,-19362000.0,4199295165.065,6400071165.065001,48.97167447936679,1.751631685701633,0.3308624070771235,0.730023330828894,0.011151255541662127,48.97167447936679,0.015494570262702498,5.674040777615936,21.263976651602157,1.3179047211708599,0.0,0.9508954133921977,0.0,0.10526942389132267,0.9821014821577944,0.007022475306265181,426.67091699502134,0.38069205190186584,-0.1411764705882353,2.372118079088365,1.2644294700464846,1.0244492681217607,0.04841572552886673,-0.15596471432967485,0.2837514697528173,6.374094125850165,0.8680028412643295,0.8072993534011362,Oil & Gas Equipment & Services,Energy,AROC
2007Q4,2007,Q4,2008-02-29,2007-12-31,58494000.0,822769000.0,75693000.0,0.85,268735000.0,0.3266226608,6863523000.0,3162260000.0,1476604000.0,806122000.0,3509959000.0,411436000.0,-68733000.0,5322317195.195001,7507017195.195001,48.60155229385999,1.8317376278032358,0.3400475236988351,0.7380556943451835,0.0104308647776429,48.60155229385999,0.01849753024735474,6.468786737462156,22.74727833279909,1.683073876023793,0.0,1.346586103306468,0.0,0.11987560907131804,0.8253043583973642,0.008522445397210733,422.74163583756956,0.3266226607954359,1.5666666666666667,2.212256589698582,1.3562877613844342,1.0619740913460036,0.1811592928911119,1.801672034537107,-0.6896415992521188,0.9988861393201762,1.0611779635526155,0.7824591238243102,Oil & Gas Equipment & Services,Energy,AROC
2007Q3,2007,Q3,2007-11-06,2007-09-30,-72965000.0,753529000.0,243889000.0,-1.5,227518000.0,0.3019366209,6809981000.0,3151359000.0,1387724000.0,755303000.0,3466594000.0,427865000.0,-127212000.0,4027509277.542,6178048277.542,64.61542720059052,1.8373076765218728,0.32981927556038704,0.7127283816283705,0.029528029756342593,64.61542720059052,-0.0231535029807775,5.34486300798244,-13.79945616919756,1.2780229981864966,0.0,1.2293854369953139,0.0,0.11065067582420568,1.0404857388359374,-0.010714420495446316,-43.043661054441685,0.30193662088652196,-2.8518518518518516,-6.989177329055,2.064542889022302,1.7979793233145536,0.7563125757470492,-3.899233122740096,3.67605498782522,-4.845853877479908,1.5231502097419147,1.4318752092924178,Oil & Gas Equipment & Services,Energy,AROC
2007Q2,2007,Q2,2007-06-30,2007-06-30,25167000.0,334587000.0,52157000.0,0.81,129543000.0,0.3871728429,2480184000.0,986075000.0,506021000.0,280731000.0,1372800000.0,208744000.0,316486000.0,2355235500.0,3182487500.0,32.8658800786588,1.8025120132796164,0.3519888040564732,0.8853251527520726,0.018614102486818114,32.8658800786588,0.025522399411809445,7.03923194864116,23.39606925736083,2.3884952970108766,0.0,0.9822749396389836,0.0,0.1349041038890663,0.9014038349879422,0.010147231011892665,-162.55335081786183,0.38717284293771126,0.7608695652173914,1.481278207798967,1.254373973023656,0.4310137938353092,0.21843696799255072,0.7569812901424183,0.5187525479005299,1.2241260982090165,0.88491065321673,0.26242522593254175,Oil & Gas Equipment & Services,Energy,AROC
2007Q1,2007,Q1,2007-03-31,2007-03-31,14324000.0,239363000.0,34342000.0,0.46,106319000.0,0.4441747471,2434499000.0,935856000.0,489911000.0,305544000.0,1376874000.0,218960000.0,291319000.0,2340870000.0,3154557000.0,31.383501006036216,1.6034057287984709,0.3518514486964258,0.9152925236361149,0.012822452599127539,31.383501006036216,0.015305773537809236,9.779581639601776,40.85573163920692,2.501314304764836,0.0,0.6076178297405919,0.0,0.09832125624204405,0.7685570654308381,0.005883756781169349,-137.59301710456708,0.44417474714137106,-0.2923076923076923,0.1939117346065733,0.307732297160441,0.3720848858615522,-0.018001625595743895,-0.28397900524868785,-0.21882534916518812,0.2802744821024407,0.3152329924341231,0.22701288036262138,Oil & Gas Equipment & Services,Energy,AROC
