Quarters,Year,Quarter,FillingDate,Date,NetIncome,Revenue,OperatingIncome,EPSDiluted,GrossProfit,GrossProfitRatio,TotalAssets,CommonStockEquity,CurrentAssets,CurrentLiability,TotalLiability,Inventory,RetainedEarnings,MarketCap,EnterpriseValue,bookValuePerShare,currentRatio,debtToAssets,debtToEquity,roic,shareholdersEquityPerShare,roe,priceToSalesRatio,peRatio,pbRatio,payoutRatio,inventoryTurnover,dividendYield,assetTurnover,quickRatio,returnOnAssets,priceToFreeCashFlowsRatio,grossProfitMargin,epsdilutedGrowth,fiveYNetIncomeGrowthPerShare,fiveYRevenueGrowthPerShare,fiveYShareholdersEquityGrowthPerShare,grossProfitGrowth,netIncomeGrowth,operatingIncomeGrowth,threeYNetIncomeGrowthPerShare,threeYRevenueGrowthPerShare,threeYShareholdersEquityGrowthPerShare,Industry,Sector,Symbol
2023Q1,2023,Q1,2023-05-01,2023-03-31,128720000.0,636142000.0,171339000.0,1.06,224849000.0,0.353457247,29363141000.0,6744586000.0,701537000.0,834684000.0,22618555000.0,0.0,3482912000.0,4367847642.24,23125439642.239998,60.79295171656303,0.840482146536893,0.662326962909043,2.8834979641448713,0.0053203016212673565,60.79295171656303,0.01908493716293335,6.86615196330379,8.483234233685518,0.6476079691533327,0.253286202610317,0.0,0.007464317135219472,0.021664644119646463,0.8271489569705421,0.004383727204116208,-4.615823529727553,0.3534572469668722,-0.12396694214876026,0.08784750527567826,0.5605161111085996,0.49224151083591894,0.04850615769863882,-0.11417580224484038,2.902097048146627,-0.04008343679970084,0.2723037849742624,0.20255417208507606,Rental & Leasing Services,Industrials,AL
2022Q4,2022,Q4,2023-02-16,2022-12-31,145311000.0,601610000.0,-90079000.0,1.21,214447000.0,0.3564551786,28396705000.0,6646363000.0,780017000.0,844553000.0,21750342000.0,0.0,3386820000.0,4260474366.7400002,22135056366.74,59.935407299584206,0.9235856127442564,0.6564494014358356,2.8046918292004213,-0.0028729069752015616,59.935407299584206,0.021863235577111874,7.081787813932615,7.329924036618012,0.6410234238996576,0.2129226280185258,0.0,0.007262102136216924,0.02118590871722617,0.9074836037525176,0.00511717820782376,-9.294167723029737,0.35645517860407905,0.3444444444444444,-0.7123867486427098,0.40780879786113455,0.5015106818330097,0.0914277571087575,0.3164493889346898,-1.5965457182402765,-0.10196831105415165,0.1178925762889177,0.20470289746388434,Rental & Leasing Services,Industrials,AL
2022Q3,2022,Q3,2022-11-03,2022-09-30,110381000.0,561334000.0,151001000.0,0.9,196483000.0,0.3500286817,28223971000.0,6528434000.0,1116968000.0,754250000.0,21695537000.0,0.0,3274113000.0,3438763927.9700003,21105976927.97,58.87195009036577,1.48089890619821,0.6650041200793467,2.8749707816606556,0.004779963538911955,58.87195009036577,0.016907730092699108,6.1260567290953345,7.788396390615233,0.5267364161098972,0.2803018635453565,0.0,0.008997419028489334,0.0198885550158764,1.4608471992045078,0.00391089545833221,-7.374479264624518,0.35002868167615003,-0.052631578947368356,0.035870746191779795,0.38682344180350225,0.6623510667565498,-0.034078116166457735,-0.05070650257574585,-0.04637974044017809,-0.28352983774122764,0.06915823515914908,0.20858880015100859,Rental & Leasing Services,Industrials,AL
2022Q2,2022,Q2,2022-08-04,2022-06-30,116277000.0,557696000.0,158345000.0,0.95,203415000.0,0.3647417231,27646457000.0,6439634000.0,1033848000.0,775653000.0,21206823000.0,0.0,3194672000.0,3706318577.2,21029539577.2,58.08377238381774,1.3328743652122792,0.6632314585554309,2.8473667913424894,0.005127540632297974,58.08377238381774,0.018056460972781994,6.645768621614643,7.96872678431676,0.5755480167351126,0.27142083129079697,0.0,0.008515188142256927,0.020172422093724343,1.3057114457109043,0.004205855383205161,-3.8361968580253043,0.3647417230892816,1.2305825242718447,0.0722287567161734,0.36242925968128764,0.6843127322051453,-0.1665915534505646,1.2479290735682622,-0.25950607238223505,-0.08962763230400465,0.18845129395678933,0.22057269561717735,Rental & Leasing Services,Industrials,AL
2022Q1,2022,Q1,2022-05-05,2022-03-31,-468993000.0,596661000.0,213837000.0,-4.12,244076000.0,0.4090698068,26874849000.0,6369585000.0,1512056000.0,679922000.0,20505264000.0,0.0,3109331000.0,5085405811.55,21419640811.55,55.925127863751754,2.223866855315757,0.6632595405466278,2.7984554723737887,0.0068887693164946685,55.925127863751754,-0.07363007166086959,8.52310744551764,-2.7108111483273736,0.7983888764417147,-0.06719290053369667,0.0,0.006196752268703417,0.022201464276134165,2.1925529693111856,-0.017451000375853273,-13.870864811592227,0.4090698068082211,-4.097744360902255,-5.990930982115503,0.49731004676386864,0.6643458167716927,-0.024492014516154816,-4.089932204953189,0.059170542520468966,-4.3104107988700155,0.2479136820829048,0.20002532913101986,Rental & Leasing Services,Industrials,AL
2021Q4,2021,Q4,2022-02-17,2021-12-31,151781000.0,597176000.0,201891000.0,1.33,250204000.0,0.4189786596,26968722000.0,7008568000.0,1108292000.0,750573000.0,19960154000.0,0.0,3609885000.0,5041651821.42,20977631821.42,61.48559512241177,1.476594548431665,0.6311934247384804,2.4288099937105554,0.006769036649966889,61.48559512241177,0.02165649245323724,8.442489017341622,8.30415503491873,0.719355483376918,0.18267767375363186,0.0,0.0054995864415307025,0.022143281390938734,1.4475607302687414,0.005628038288206612,-7.967199516783317,0.41897865955765135,0.41489361702127675,0.4119583745888395,0.45429281820342665,0.8696235208713077,0.35325869435880797,0.4140603892413613,0.37232523994670874,0.02963746033391745,0.24597132066184596,0.36887591108870926,Rental & Leasing Services,Industrials,AL
2021Q3,2021,Q3,2021-11-04,2021-09-30,107337000.0,524509000.0,147116000.0,0.94,184890000.0,0.35250110102972493,27014561000.0,6583783000.0,1893668000.0,681247000.0,20430778000.0,0.0,3488655000.0,4489579622.08,20232615622.08,57.6904844155551,2.7797083877066613,0.6521253482520037,2.6757990049186007,0.004849696200731992,57.6904844155551,0.016303240857118165,8.559585482956441,10.456738175279726,0.6819148842056308,0.2384359540512591,0.0,0.005700533714589271,0.01941578839648736,2.7506088100204478,0.003973301657576446,-10.63176002197594,0.35250110102972493,0.14634146341463414,0.037009981262482686,0.33108088467678204,0.8043007345117765,0.1522354202241029,0.14894778531823338,0.15771001377139485,-0.3322201222746377,0.061226604559791314,0.3404271384784055,Rental & Leasing Services,Industrials,AL
2021Q2,2021,Q2,2021-08-05,2021-06-30,93422000.0,491877000.0,127075000.0,0.82,160462000.0,0.32622383238085945,25755520000.0,6501715000.0,1232760000.0,668554000.0,19253805000.0,0.0,3406912000.0,4763917054.900001,20094121054.9,56.96605985632481,1.84391986286822,0.6422024482518699,2.543983856567075,0.004497270691924717,56.96605985632481,0.014368824225608166,9.685179536550805,12.748381149247502,0.7327169915783759,0.27931322386589885,0.0,0.0054774253412243215,0.01909792541560023,1.8099570116998775,0.003627261262828318,-9.815304755478454,0.32622383238085945,0.10810810810810806,-0.08307923107202458,0.26577219540820246,0.8332626408364284,0.08511185046931212,0.11094991200114161,0.0997023036848573,-0.26108693880362066,0.12671631153327137,0.3658164153177575,Rental & Leasing Services,Industrials,AL
2021Q1,2021,Q1,2021-05-06,2021-03-31,84092000.0,474827000.0,115554000.0,0.74,147876000.0,0.31143132130228485,25189381000.0,6428212000.0,1352193000.0,583778000.0,18761169000.0,0.0,3339588000.0,5583961747.0,20422866747.0,56.40840719749293,2.316279476102217,0.6418142629229356,2.5149923493500213,0.004153967274478672,56.40840719749293,0.01308170919067386,11.75999205394807,16.600751994838987,0.8686648397719304,0.26233173191266707,0.0,0.003950600129352928,0.01885028457031159,2.274835639575318,0.0033383908878110184,-17.704717740350166,0.31143132130228485,-0.23711340206185566,-0.18403342191185104,0.24612955612602563,0.865731358488809,-0.1422505800464037,-0.2430486169245587,-0.22543670317590123,-0.3081174418921309,0.1339797646099682,0.3846172032028692,Rental & Leasing Services,Industrials,AL
2020Q4,2020,Q4,2021-02-22,2020-12-31,111093000.0,489102000.0,149186000.0,0.97,172400000.0,0.3524827132172839,25215175000.0,6072341000.0,1757767000.0,635388000.0,19142834000.0,0.0,3277599000.0,5054798952.88,19838981952.88,53.3618428219223,2.766446643625627,0.6550951163337158,2.720258628426829,0.005323166902283199,53.3618428219223,0.018294921184432825,10.334856436653295,11.375151793722377,0.8324300221084422,0.18822968143807442,0.0,0.004136860871209494,0.01939712891145907,2.729285098239186,0.004405799285549277,-6.284749585824125,0.3524827132172839,-0.08490566037735855,0.23576038508629968,0.3472401580403871,0.8094750177760275,-0.09751450049207445,-0.07726234478176004,-0.09118266993189322,-0.7857245783025737,0.11532986313597042,0.3368287729975316,Rental & Leasing Services,Industrials,AL
2020Q3,2020,Q3,2020-11-09,2020-09-30,120395000.0,493601000.0,164154000.0,1.06,191028000.0,0.38700894041948863,23604765000.0,5977323000.0,1262137000.0,541671000.0,17627442000.0,0.0,3188566000.0,3347364440.86,17288940440.86,52.53471672024458,2.330080436279587,0.6430966374797631,2.5396226705500102,0.006095110391447671,52.53471672024458,0.02014195987066451,6.78151875879506,6.950796214253084,0.5600106336666096,0.17368661489264503,0.0,0.006247004283354212,0.020911074522453412,2.286570630511879,0.005100453234760016,-15.575584501770502,0.38700894041948863,-0.1846153846153846,0.40892316784828797,0.42122653930705645,0.8333583080282954,-0.14961092612047935,-0.18445385266723116,-0.15455570834814047,0.10118417485324975,0.1885463507521171,0.48340835062542326,Rental & Leasing Services,Industrials,AL
2020Q2,2020,Q2,2020-08-06,2020-06-30,147625000.0,521349000.0,194163000.0,1.3,224636000.0,0.43087451975548047,22993720000.0,5869801000.0,941990000.0,629660000.0,17123919000.0,0.0,3089082000.0,3330004674.31,17042614674.31,51.629498485801484,1.4960296032779596,0.6366540516280097,2.493959335248333,0.007598582610518095,51.629498485801484,0.025149915644499702,6.3872850514914195,5.639296654208298,0.5673113405905924,0.1415004233700254,0.0,0.006272964167633893,0.022673538687954797,1.4713257948734237,0.006420231263144893,-50.87394088104986,0.43087451975548047,0.07438016528925627,0.7497427413891099,0.5436715446189866,0.8504463588155524,0.04505678038250578,0.07636838229396796,0.06565861690450055,0.32749972998321264,0.2420122396140077,0.4971517532017086,Rental & Leasing Services,Industrials,AL
2020Q1,2020,Q1,2020-05-07,2020-03-31,137151000.0,511387000.0,182200000.0,1.21,214951000.0,0.42032941783815386,22682345000.0,5736369000.0,753381000.0,626030000.0,16945976000.0,0.0,2962368000.0,2512268862.3,16709170862.3,50.55319180437068,1.2034263533696468,0.6582044757717952,2.602625633044178,0.007043551096353919,50.55319180437068,0.023909026772859276,4.912656876885803,4.579384879257169,0.4379545427255464,0.15200034997922,0.0,0.008298076815279406,0.022545596586243617,1.1704215452933566,0.00604659703394865,-4.990859405332815,0.42032941783815386,-0.16551724137931034,5.405706265546777,0.6590439767156987,0.8596363071324801,-0.15391942689575092,-0.1684542395489132,-0.1595126834241324,0.4649737224965664,0.28809953458888465,0.504475653753417,Rental & Leasing Services,Industrials,AL
2019Q4,2019,Q4,2020-02-14,2019-12-31,164935000.0,548556000.0,216779000.0,1.45,254055000.0,0.463134119397108,21709155000.0,5623544000.0,338061000.0,660189000.0,16085611000.0,0.0,2846106000.0,5371344696.96,18652722696.96,49.75119378044079,0.5120669989957422,0.6264115761299783,2.418202115961038,0.00901103406198072,49.75119378044079,0.02932936952213764,9.791789164570254,8.141608356261559,0.9551529599412756,0.11208051656713251,0.0,0.003441596293468645,0.02526841786333922,0.48090471062074647,0.007597485945445597,-12.438879940345377,0.463134119397108,0.05072463768115947,1.1252209072311883,0.7335695418591428,0.8331940732603504,0.04774885865463528,0.05872120266774506,0.06858748428758041,0.5472718617400044,0.3471619337799823,0.5128096572563494,Rental & Leasing Services,Industrials,AL
2019Q3,2019,Q3,2019-11-07,2019-09-30,155787000.0,530902000.0,202865000.0,1.38,242477000.0,0.4567264768262316,21609701000.0,5462173000.0,336423000.0,555079000.0,16147528000.0,0.0,2702018000.0,4689425311.92,18759525311.92,48.71131528193042,0.6060812965361687,0.6646029947383354,2.6293330511501556,0.008226619773640814,48.71131528193042,0.028521066615795582,8.832939623357984,7.525379704211519,0.8585274234118911,0.11785964169025656,0.0,0.003915405146410664,0.024567762413741864,0.5256404944161102,0.0072091233469634775,-4.324087484446592,0.4567264768262316,0.2105263157894737,1.2782984755217723,0.8505797499144064,0.8504859323508518,0.19516270541497027,0.21419274385253886,0.19862568538476083,0.5317942167986034,0.37120248365996994,0.5234724206705398,Rental & Leasing Services,Industrials,AL
2019Q2,2019,Q2,2019-08-08,2019-06-30,128305000.0,471395000.0,169248000.0,1.14,202882000.0,0.4303864063046914,20484348000.0,5299884000.0,288102000.0,577678000.0,15184464000.0,0.0,2564719000.0,4604109798.6,18000295798.6,47.587310933944764,0.49872420275655294,0.666862523522838,2.57746094065455,0.007134333776472987,47.587310933944764,0.02420902042384324,9.766989040189227,8.971025678266631,0.868718975471916,0.14587116636140446,0.0,0.004065063784032928,0.023012448333722898,0.4571023996067013,0.006263562794383302,-4.384678560061712,0.4303864063046914,-0.07317073170731714,0.8929543131766817,0.6832217911235493,0.8431800098638008,-0.0666083916083916,-0.07088649760308195,-0.07758714656318808,0.29051416900843113,0.24314147028661146,0.5314388871741804,Rental & Leasing Services,Industrials,AL
2019Q1,2019,Q1,2019-05-09,2019-03-31,138094000.0,466051000.0,183484000.0,1.23,217360000.0,0.4663867259162624,19178935000.0,5173817000.0,298242000.0,483483000.0,14005118000.0,0.0,2455201000.0,3932267442.1800003,16343223442.18,46.603289535770955,0.6168613994700951,0.6620112639205462,2.4540239826804853,0.00810471120689022,46.603289535770955,0.026690932439241668,8.437418742111916,7.11882384857416,0.760032185556621,0.10442886729329297,0.0,0.0036673497446565273,0.0243001501386808,0.5909514915726096,0.007200295532572586,-4.465963475378111,0.4663867259162624,0.0,1.0635965777181964,0.7361714998231775,0.8373774977371777,0.030186121682915384,-0.002203773148649918,0.01651496097017778,0.3754485889498889,0.25548953973930977,0.5414230433984972,Rental & Leasing Services,Industrials,AL
2018Q4,2018,Q4,2019-02-21,2018-12-31,138399000.0,449981000.0,180503000.0,1.23,210991000.0,0.468888686411204,18481808000.0,4806900000.0,322998000.0,501658000.0,13674908000.0,0.0,2331552000.0,3233006016.03,15073784016.03,44.91685084406985,0.6438609570663679,0.656911109562441,2.525724479394204,0.008568499542105517,44.91685084406985,0.028791736878237533,7.184761169982733,5.840009711107017,0.6725760918741809,0.07520285551196179,0.0,0.003219294968334331,0.02434723918785435,0.5982701362282671,0.007488390746186737,-4.223794060086723,0.468888686411204,-0.05384615384615389,1.2370151700466294,0.7228063219293215,0.8118967321812625,-0.03571657084357833,-0.055773875312129025,-0.037733032663222824,0.6370052468186828,0.31798146456034126,0.5231093077266515,Rental & Leasing Services,Industrials,AL
2018Q3,2018,Q3,2018-11-08,2018-09-30,146574000.0,450698000.0,187581000.0,1.3,218806000.0,0.485482518227283,17567303000.0,4478918000.0,248919000.0,419396000.0,13088385000.0,0.0,2207575000.0,4721510035.45,15587345035.45,43.03888123381538,0.5935178208661981,0.6315333093531773,2.4770127517404874,0.009842094484111642,43.03888123381538,0.032725314462108926,10.475995090836879,8.053116574989424,1.0541630892662022,0.07094027590159237,0.0,0.00220226154809157,0.025655503294956545,0.544835906875602,0.008343568731068167,-10.71327121195963,0.485482518227283,0.27450980392156865,1.9502290557329627,1.0608447035982251,0.7796482053556529,0.2038049757375029,0.27222227044292646,0.20693737573913099,0.8753571624251771,0.4187997417806988,0.5019723223871829,Rental & Leasing Services,Industrials,AL
2018Q2,2018,Q2,2018-08-09,2018-06-30,115211000.0,397814000.0,155419000.0,1.02,181762000.0,0.4569019692620169,17255447000.0,4337842000.0,281058000.0,441577000.0,12917605000.0,0.0,2071408000.0,4365046201.2,16023962201.2,41.7084311020465,0.6364869547100506,0.6907063027692067,2.7475518933146943,0.007472271989183117,41.7084311020465,0.026559519687439054,10.972580656286606,9.471852082700435,1.0062713674679715,0.09025179887337147,0.0,0.0023821053708759084,0.02305440131455302,0.5877344155153008,0.0066767902332521434,-4.036570293561438,0.4569019692620169,0.03030303030303033,1.6103063842866,0.8782263306244552,0.7524137010434939,0.0319646628664865,0.04121065331537899,0.04069880340964638,0.49273883658782025,0.28760309678530693,0.49486663105813755,Rental & Leasing Services,Industrials,AL
2018Q1,2018,Q1,2018-05-10,2018-03-31,110651000.0,381209000.0,149341000.0,0.99,176132000.0,0.4620352614969741,15944846000.0,4226623000.0,271624000.0,387966000.0,11718223000.0,0.0,1966596000.0,4421736350.4,14393744350.4,40.73935169013509,0.7001232066727496,0.6412416275453523,2.4190704967062358,0.008091560304331797,40.73935169013509,0.026179529141823154,11.599244378805325,9.990276523483745,1.0461629415256577,0.09361867493289713,0.0,0.0023427448357618385,0.023907976282743652,0.6508070294819649,0.0069396092003648074,-18.850150487907815,0.4620352614969741,-0.7648456057007126,1.7002249227240076,0.9572005667847223,0.736878658704543,-0.13552725220250803,-0.7651230519080794,-0.13540786198112661,4.652394764407758,0.3526345008476751,0.49862698729665894,Rental & Leasing Services,Industrials,AL
2017Q4,2017,Q4,2018-02-22,2017-12-31,471102000.0,398471000.0,172730000.0,4.21,203745000.0,0.5113170092679267,15614164000.0,4127442000.0,308282000.0,414002000.0,11486722000.0,0.0,1866342000.0,4972567891.83,15226148891.83,39.91673720656881,0.7446389147878513,0.6753986316526457,2.5550413549118316,0.0334756440581891,39.91673720656881,0.11413897518123817,12.479121170248273,2.638795787233975,1.2047577874698179,0.016433808389690555,0.0,0.0015569420404938496,0.025519842112584446,0.7058033536069874,0.030171452022663525,-8.138488907959816,0.5113170092679267,3.730337078651685,10.558305082670191,1.090038053523371,0.7282130164766147,0.09718467619468169,3.74958664354559,0.07233762524987894,5.635701629522559,0.3765679858438231,0.470821512221501,Rental & Leasing Services,Industrials,AL
2017Q3,2017,Q3,2017-11-09,2017-09-30,99188000.0,376765000.0,161078000.0,0.89,185698000.0,0.4928748689501413,14901647000.0,3655583000.0,245430000.0,334841000.0,11246064000.0,0.0,1405601000.0,4399308513.04,14846609513.04,35.41487190502554,0.7329747551823104,0.7162510291647628,2.919731271318419,0.007234795117499118,35.41487190502554,0.027133291734861443,11.676531824983742,11.088308346372544,1.2034492208329013,0.07804371496552003,0.0,0.0017595947129088322,0.025283446856579007,0.6750039571020275,0.006656176998421718,-31.91906167180596,0.4928748689501413,-0.01111111111111112,1.628699541857777,1.137955829410754,0.5687559153631637,-0.030059596872339424,-0.01721080009908348,-0.0075659556639927055,0.5758074879824725,0.4266867142559356,0.34536958973406007,Rental & Leasing Services,Industrials,AL
2017Q2,2017,Q2,2017-08-03,2017-06-30,100925000.0,380957000.0,162306000.0,0.9,191453000.0,0.5025580314838682,14861397000.0,3558204000.0,261949000.0,379681000.0,11303193000.0,0.0,1314154000.0,3854833529.84,14395435529.84,34.485147130469635,0.6899186422286077,0.7253902173530523,3.0297059977449297,0.007329416110404576,34.485147130469635,0.028364028594200896,10.118815325194182,9.54875781481298,1.0833649587938183,0.07665097844934357,0.0,0.0020068311485090494,0.02563399658861142,0.6313457876480519,0.006791084310579954,-7.943147950538118,0.5025580314838682,0.1842105263157895,2.498057204457544,1.3991092014710649,0.5504718517522036,0.13141860946133618,0.18823363198606025,0.13603975642192204,0.6072067543728175,0.4682796199965682,0.33569921436249195,Rental & Leasing Services,Industrials,AL
2017Q1,2017,Q1,2017-05-04,2017-03-31,84937000.0,360187000.0,142870000.0,0.76,169215000.0,0.46979763289624554,14477040000.0,3459232000.0,174088000.0,326006000.0,11017808000.0,0.0,1220970000.0,3989219926.25,13642150926.25,33.60186765285889,0.5340024416728526,0.6775341506274764,2.8355105988843765,0.006831654106177323,33.60186765285889,0.02455371596932498,11.07541339984508,11.741702456673769,1.1532097084699724,0.09082025501253871,0.0,0.0019337113878430407,0.024879878759746468,0.47777648264142375,0.005867014251532081,-6.33608786211311,0.46979763289624554,-0.1264367816091954,2.0860059407377696,1.6749032318474657,0.5303645348261645,-0.08718941837758526,-0.12425248484348579,-0.09412547950416891,0.36875312839808544,0.44698966907648113,0.3247844974530581,Rental & Leasing Services,Industrials,AL
2016Q4,2016,Q4,2017-02-23,2016-12-31,96988000.0,370487000.0,157715000.0,0.87,185378000.0,0.5003630356800643,13975616000.0,3382187000.0,290802000.0,356160000.0,10593429000.0,0.0,1143311000.0,3530629954.1099997,12735701954.11,32.886618314342456,0.8164925876010781,0.67831528857118,2.802882868392552,0.007960147605546114,32.886618314342456,0.028676119918857237,9.52969997357532,9.100687595656163,1.0438896353483709,0.053016868066152516,0.0,0.001456397319128335,0.02650952916851751,0.7715689577717879,0.006939801437017159,-7.188306028976124,0.5003630356800643,0.03571428571428575,2.4121467332561646,1.8404480293630205,0.3538721691401699,0.046564670016372156,0.03979587460868819,0.03315340574108769,0.6312907376508038,0.47602136331157485,0.3266102840358977,Rental & Leasing Services,Industrials,AL
2016Q3,2016,Q3,2016-11-03,2016-09-30,93276000.0,355101000.0,152654000.0,0.84,177130000.0,0.49881582986248985,13680907000.0,3288289000.0,243884000.0,336645000.0,10392618000.0,0.0,1054037000.0,2939252825.68,12285162825.68,31.973874039997824,0.7244545441043235,0.6997147192068479,2.911158964434087,0.0076580017623223305,31.973874039997824,0.0283661198878809,8.277230494084781,7.877837883485569,0.8938547754409664,0.05512672069985849,0.0,0.001749424192119435,0.025955954528453413,0.6737720744404343,0.006817969013311763,-9.993991287648502,0.49881582986248985,0.012048192771084348,3.9994789926888035,2.8435776126421004,0.5024727324489942,0.013254163019912706,0.016045227280154242,0.020012160979292926,0.8997923199357386,0.6430430731154515,0.3221126089318996,Rental & Leasing Services,Industrials,AL
2016Q2,2016,Q2,2016-08-04,2016-06-30,91803000.0,350139000.0,149659000.0,0.83,174813000.0,0.4992674337905803,13340170000.0,3195529000.0,197124000.0,322257000.0,10144641000.0,0.0,965902000.0,2753986723.54,12629718723.54,31.07359446889398,0.6116981167205057,0.7532487217179391,3.1445391357737638,0.007291624917551431,31.07359446889398,0.028728576708269584,7.865409804506211,7.499718755214971,0.8618249821985656,0.0560112414626973,0.0,0.0018671113974690573,0.02624696686773857,0.5360131820255262,0.0068816964101656875,-3.9131858566778113,0.4992674337905803,-0.011904761904761916,10.572094824620994,3.188543895010552,0.33041213858983537,0.005869051112530424,-0.011361433586766891,-0.009877474330475283,1.1035508698627499,0.6718871303563343,0.30558237864975146,Rental & Leasing Services,Industrials,AL
2016Q1,2016,Q1,2016-05-05,2016-03-31,92858000.0,343328000.0,151152000.0,0.84,173793000.0,0.5062010672010439,12783410000.0,3104403000.0,179304000.0,282670000.0,9679007000.0,0.0,879242000.0,3298062681.3199997,12751749681.32,30.233938525416747,0.6343227084586267,0.7522641454823087,3.0976973672554755,0.00766266607984837,30.233938525416747,0.02991170927228198,9.606157031526703,8.879317563699411,1.0623822620065757,0.05523487475500226,0.0,0.0015551554035192548,0.026857309591102843,0.5759861322390066,0.007263946005017441,-6.807961905284842,0.5062010672010439,0.1506849315068493,17.62034460786662,2.960053284513214,0.5956917907226746,0.09708106606739303,0.14782630193203872,0.13688295863951924,1.2896017768010632,0.7810554505398289,0.28899161166811693,Rental & Leasing Services,Industrials,AL
2015Q4,2015,Q4,2016-02-25,2015-12-31,80899000.0,326697000.0,132953000.0,0.73,158414000.0,0.48489579028886093,12355098000.0,3019912000.0,173203000.0,307468000.0,9335186000.0,0.0,791526000.0,3428479123.5599995,11704225123.56,29.490234624796187,0.5633204105793124,0.6825053917014661,2.7922737483741247,0.007499734386781211,29.490234624796187,0.026788528937267048,10.49436977860219,10.594936660403713,1.1352910692629454,0.05071756140372563,0.0,0.001196740552335522,0.026442283177357234,0.5095652230476017,0.006547823416698111,-12.145753914793216,0.48489579028886093,0.0428571428571429,0.0,0.0,0.0,0.04925915867979891,0.05006360167181537,0.046824559469631356,1.0041593221356604,0.7302645280228584,0.27679291706074405,Rental & Leasing Services,Industrials,AL
2015Q3,2015,Q3,2015-11-05,2015-09-30,77042000.0,313126000.0,127006000.0,0.7,150977000.0,0.48216053601425624,11911694000.0,2939448000.0,130422000.0,253188000.0,8972246000.0,0.0,715756000.0,3171803128.6000004,11044321128.6,28.654909675972505,0.5151191999620836,0.6709574641524538,2.7189594781060933,0.007484806677739662,28.654909675972505,0.02620968290645046,10.129478639908536,10.292448043275098,1.0790471981814274,0.05326964512863114,0.0,0.0012939012396432881,0.026287277023738186,0.4728581133387048,0.006467761848146871,-8.897088431103594,0.48216053601425624,0.01449275362318842,7.299986556381892,9.380160609958446,0.0,0.01906825422539014,0.012139047268714365,0.009225634709364695,1.054535266361288,0.78793424470831,0.2693130495835575,Rental & Leasing Services,Industrials,AL
2015Q2,2015,Q2,2015-08-06,2015-06-30,76118000.0,304702000.0,125845000.0,0.69,148152000.0,0.4862193224855761,11666206000.0,2861861000.0,171522000.0,444065000.0,8804345000.0,0.0,642817000.0,3477177240.0,11229648240.0,27.9011051792114,0.3862542645783838,0.6784947908514559,2.765843624131291,0.007521896120441438,27.9011051792114,0.02659737841914754,11.411730937112326,11.420351428045928,1.2150056344455582,0.053916287868835226,0.0,0.001180267704731669,0.02611834558724576,0.3670386092126153,0.006524657630767021,-3.7776188199915697,0.4862193224855761,3.058823529411764,0.0,0.0,0.0,0.12321455648218348,2.937409476515622,0.14763442036915445,1.653915849764658,0.9302830338387268,0.25444957649382555,Rental & Leasing Services,Industrials,AL
2015Q1,2015,Q1,2015-05-07,2015-03-31,19332000.0,278315000.0,109656000.0,0.17,131900000.0,0.4739234320823527,11145238000.0,2785184000.0,227135000.0,327133000.0,8360054000.0,0.0,570804000.0,3866653209.6000004,10949299209.6,27.184450857664007,0.6943200471979287,0.654342419605575,2.6184273642244102,0.007017634297584553,27.184450857664007,0.006941013591920678,13.893082333327346,50.003274487895716,1.3882936314440986,0.2117732257397062,0.0,0.0010587967883531812,0.02497165156993507,0.6424176099629203,0.001734552460880602,-7.6339430168921325,0.4739234320823527,-0.7343749999999999,1.1778351366388207,0.0,0.0,-0.07425603593486806,-0.7243444411173375,-0.046303704992172554,-0.2942358854378046,1.0768235540289521,0.2380894991042006,Rental & Leasing Services,Industrials,AL
2014Q4,2014,Q4,2015-02-26,2014-12-31,70131000.0,285944000.0,114980000.0,0.64,142480000.0,0.4982793833757659,10774784000.0,2772062000.0,290288000.0,266829000.0,8002722000.0,0.0,555573000.0,3504520428.6800003,10505063428.68,27.13907627464554,1.0879177300818128,0.6759636202451947,2.62741670280102,0.007417645614197341,27.13907627464554,0.025299217694265134,12.255967702347315,12.492765070653492,1.264228732503097,0.04380373871754288,0.0,0.0008765821351359872,0.02653825821473544,1.0599260200353036,0.0065088079723918365,-9.849885828782467,0.4982793833757659,0.12280701754385977,0.0,0.0,0.0,0.11979125732878543,0.12330017779059152,0.10877531340405014,1.4842211040421582,1.2073204262313602,0.11725808087694599,Rental & Leasing Services,Industrials,AL
2014Q3,2014,Q3,2014-11-06,2014-09-30,62433000.0,261939000.0,103700000.0,0.57,127238000.0,0.48575431684476156,10545563000.0,2695090000.0,218869000.0,229335000.0,7850473000.0,0.0,489537000.0,3327457867.5,10222421867.5,26.323526393982206,0.954363703752153,0.6738032857989659,2.6365112111283855,0.006861391619381745,26.323526393982206,0.023165460151609037,12.703178478577072,13.324114921195521,1.2346370130496571,0.048980507103615074,0.0,0.0009190199010085588,0.024838787649364952,0.9186168705169294,0.005920309802331085,-6.5230330527397085,0.48575431684476156,0.017857142857142672,6.115214051424241,7.700067899738902,0.0,-0.002172293455671882,0.006383287393007399,0.010041979565399487,2.3613563324941236,1.8479308545543471,0.23695929305857596,Rental & Leasing Services,Industrials,AL
2014Q2,2014,Q2,2014-08-07,2014-06-30,62037000.0,256325000.0,102669000.0,0.56,127515000.0,0.49747391007509995,10052116000.0,2631758000.0,258833000.0,236403000.0,7420358000.0,0.0,430176000.0,3932645162.7,10961375162.7,25.81804852444182,1.0948803526181985,0.7235468631679141,2.7636192233480434,0.00672074354217094,25.81804852444182,0.02357245613008491,15.342417488344873,15.84798250519851,1.49430348941658,0.04929316375711269,0.0,0.0007775936738468663,0.02549960625205678,1.0340266409478729,0.006171536420789414,-6.647102448139302,0.49747391007509995,0.0,0.0,0.0,0.0,0.030132891707395887,0.010423962082837924,0.014525835235526042,6.889230200818188,2.0934441577825527,0.1053965831343804,Rental & Leasing Services,Industrials,AL
2014Q1,2014,Q1,2014-05-08,2014-03-31,61397000.0,246285000.0,101199000.0,0.56,123785000.0,0.5026087662667235,9553305000.0,2583508000.0,332819000.0,206797000.0,6969797000.0,0.0,371197000.0,3798254093.04,10060272093.04,25.364025407498044,1.6093995560864036,0.6822870200417552,2.522963350607004,0.007207990159202364,25.364025407498044,0.02376497382628581,15.422190117303124,15.465959627669104,1.470192502999797,0.04975813150479665,0.0,0.0008043169111824419,0.025780083437093235,1.238306164983051,0.006426781098269133,-20.760818860800313,0.5026087662667235,0.03703703703703707,1.568106336841351,0.0,0.0,-0.04603919573979454,0.0433327102486108,-0.019047342096080028,11.411014339329016,1.8636603446278186,0.3386667135147284,Rental & Leasing Services,Industrials,AL
2013Q4,2013,Q4,2014-02-27,2013-12-31,58847000.0,248438000.0,103164000.0,0.54,129759000.0,0.5222993261900354,9332604000.0,2523434000.0,357481000.0,192743000.0,6809170000.0,0.0,312859000.0,3163713168.8399997,9554857168.84,24.789961837392596,1.8547028945279465,0.713768311609493,2.639782534435218,0.007297867104053687,24.789961837392596,0.023320205719666136,12.73441731474251,13.440418240691963,1.2537332733251592,0.04321375771067344,0.0,0.0008038023247639769,0.026620437339889273,1.4017266515515479,0.006305528446294303,-6.958660333887613,0.5222993261900354,0.22727272727272735,0.0,0.0,0.0,0.296578668638462,0.21139198814278068,0.30868958518330586,0.0,0.0,0.0,Rental & Leasing Services,Industrials,AL
2013Q3,2013,Q3,2013-11-07,2013-09-30,48578000.0,213835000.0,78830000.0,0.44,100078000.0,0.4680150583393738,8808301000.0,2460806000.0,307196000.0,177193000.0,6347495000.0,0.0,257066000.0,2814509637.78,9298107637.78,24.183926409890823,1.7336802243880967,0.7612453298314851,2.7248299947253054,0.005578726776907886,24.183926409890823,0.019740686588052857,13.162062514462086,14.484486999155996,1.143734872956259,0.05214294536621516,0.0,0.0008999791530285729,0.02427653187601105,1.2510652226668095,0.005515024974736899,-10.62367751909953,0.4680150583393738,0.09999999999999995,5.0046805480186105,6.146278012766953,0.0,0.06411619598502892,0.12998371714352175,0.12474495983563286,5.0046805480186105,6.146278012766953,0.0,Rental & Leasing Services,Industrials,AL
2013Q2,2013,Q2,2013-08-08,2013-06-30,42990000.0,206299000.0,70087000.0,0.4,94048000.0,0.45588199651961475,8439671000.0,2411027000.0,312274000.0,162399000.0,6028644000.0,0.0,211032000.0,2766537492.5299997,8708580492.529999,23.80056209170857,1.9228812985301633,0.731822603037488,2.561705862273629,0.005291261357625863,23.80056209170857,0.01783057593299453,13.410329146190723,16.088261761630612,1.1474518918825878,0.0,0.0,0.0,0.0244439623298112,1.442736716359091,0.0050938004573874976,-6.717668680110725,0.45588199651961475,0.08108108108108115,0.0,0.0,0.0,0.0934542495058714,0.07485748574857486,0.07846063888717918,0.0,0.0,0.0,Rental & Leasing Services,Industrials,AL
2013Q1,2013,Q1,2013-05-09,2013-03-31,39996000.0,190103000.0,64988000.0,0.37,86010000.0,0.45243894099514476,7955675000.0,2375118000.0,328181000.0,151016000.0,5580557000.0,0.0,170575000.0,2925419138.46,8013997138.46,23.455496724521144,2.17315383800392,0.6669705587520858,2.2340788962906264,0.00548688549926064,23.455496724521144,0.016839584391175513,15.388600592626103,18.28569818519352,1.231694230964525,0.0633063306330633,0.0,0.0008655170012092339,0.023895269728841362,1.4410592255125285,0.005027354687063008,-5.8740171485883295,0.45243894099514476,0.0,1.3722632091888705,0.0,0.0,1.536128356645972,0.004697430229345123,3.283004285814656,1.3722632091888705,0.0,0.0,Rental & Leasing Services,Industrials,AL
2012Q4,2012,Q4,2013-02-28,2012-12-31,39809000.0,186210000.0,-28466000.0,0.37,-160428000.0,-0.8615434187207991,7353624000.0,2332621000.0,336396000.0,131306000.0,5021003000.0,0.0,133111000.0,2171325226.5,6745968226.5,23.09711640058634,2.561924055260232,0.6533828762525796,2.059799684560844,-0.0025906530812239365,23.09711640058634,0.01706621007013141,11.660626317061382,13.635894059760357,0.930852130071709,0.0,0.0,0.0,0.02532220847843186,1.7523113947572846,0.005413521278759969,-5.945692350346255,-0.8615434187207991,0.08823529411764697,0.0,0.0,0.0,-1.9281020039801917,0.07559914619977845,-1.2997462276369687,0.0,0.0,0.0,Rental & Leasing Services,Industrials,AL
2012Q3,2012,Q3,2012-11-08,2012-09-30,37011000.0,172856000.0,94967000.0,0.34,172856000.0,1.0,7165478000.0,2285672000.0,551465000.0,95240000.0,4879806000.0,0.0,93302000.0,2084682668.83,5941077668.83,22.57513202544774,5.790266694666107,0.5995519070744478,1.8795680220084072,0.009337259107783068,22.57513202544774,0.01619261206332317,12.060227407958068,14.081507314244414,0.9120655408256303,0.0,0.0,0.0,0.02412344298593897,4.616558168836623,0.005165182280930874,-4.489367449457317,1.0,0.30769230769230776,4.0663803437842985,4.805672462888535,0.0,0.11484037407287971,0.313751242368309,0.2021443580850148,4.0663803437842985,4.805672462888535,0.0,Rental & Leasing Services,Industrials,AL
2012Q2,2012,Q2,2012-08-09,2012-06-30,28172000.0,155050000.0,78998000.0,0.26,155050000.0,1.0,6808337000.0,2240850000.0,501596000.0,81994000.0,4567487000.0,0.0,56291000.0,1953540405.88,5611739405.88,22.2417111871445,6.117472010147084,0.5943868524721969,1.805915612379231,0.008065664959490392,22.2417111871445,0.012572015083562042,12.599422159819413,17.335833503833594,0.8717854411852645,0.0,0.0,0.0,0.02277354954668078,4.739212625314047,0.004137868028565566,-2.874836329586141,1.0,0.040000000000000036,0.0,0.0,0.0,0.17696622816672614,0.04623611987967467,0.20469691193290127,0.0,0.0,0.0,Rental & Leasing Services,Industrials,AL
2012Q1,2012,Q1,2012-05-14,2012-03-31,26927000.0,131737000.0,65575000.0,0.25,131737000.0,1.0,6286628000.0,2211427000.0,915643000.0,52139000.0,4075201000.0,0.0,28119000.0,2424265459.14,5278631459.139999,21.956773623662,17.561575787798002,0.5818114257754714,1.653969133957395,0.007230362614807189,21.956773623662,0.0121763006420741,18.402312631531004,22.507756704608756,1.096244849655901,0.0,0.0,0.0,0.020955112979485983,15.40624100960893,0.004283218284905676,-6.179605606766232,1.0,-0.07407407407407414,1.2519753172051495,0.0,0.0,4.025515594138993,0.08743235602939989,5.814402992829679,1.2519753172051495,0.0,0.0,Rental & Leasing Services,Industrials,AL
2011Q4,2011,Q4,2012-03-09,2011-12-31,24762000.0,113627000.0,9623000.0,0.27,-43542000.0,-0.383201175776884,5164593000.0,2176283000.0,377962000.0,80665000.0,2988310000.0,0.0,1192000.0,2124248725.95,4803242725.95,24.29078539610457,4.685576148267526,0.573287962865612,1.3604843671526177,0.0011989874945615697,24.29078539610457,0.01137811580571093,18.694929250530244,21.446659457535738,0.9760902998139488,0.0,0.0,0.0,0.02200115284979862,3.4935225934420133,0.004794569484952638,-2.4925329288526186,-0.383201175776884,0.5000000000000001,0.0,0.0,0.0,-1.4812546973783103,0.3552624377428712,-0.7593828920061011,0.0,0.0,0.0,Rental & Leasing Services,Industrials,AL
2011Q3,2011,Q3,2011-11-10,2011-09-30,18271000.0,90476000.0,39993000.0,0.18,90476000.0,1.0,4247017000.0,2143288000.0,354466000.0,44139000.0,2103729000.0,0.0,-23570000.0,1933717824.0,3456718824.0,21.280834819465365,8.030675819569995,0.4244503848230417,0.8410666228710281,0.006534029540817888,21.280834819465365,0.008524752623072588,21.372715681506698,26.458839472387936,0.9022202447827823,0.0,0.0,0.0,0.021303423084955864,6.3355989034640565,0.004302078376422793,-3.3720539467856185,1.0,1.2499999999999998,2.5217708405311368,2.0548732901383286,0.0,0.22258256310469704,1.6015947600740423,0.5193177069482962,2.5217708405311368,2.0548732901383286,0.0,Rental & Leasing Services,Industrials,AL
2011Q2,2011,Q2,2011-08-12,2011-06-30,7023000.0,74004000.0,26323000.0,0.08,74004000.0,1.0,3753499000.0,2126348000.0,513900000.0,28986000.0,1627151000.0,0.0,-41841000.0,2211345301.41,3149877301.41,23.356367224543142,17.729248602773755,0.3686080641023216,0.6506790045655744,0.004837410796427066,23.356367224543142,0.0033028460063921805,29.881429401248578,78.71797313861596,1.0399733728486589,0.0,0.0,0.0,0.019716003654190396,15.353549989650176,0.0018710541817115176,-3.1103521581432507,1.0,0.6,0.0,0.0,0.0,0.3402879652268405,1.211272040302267,0.613719960765081,0.0,0.0,0.0,Rental & Leasing Services,Industrials,AL
2011Q1,2011,Q1,2011-05-16,2011-03-31,3176000.0,55215000.0,16312000.0,0.05,55215000.0,1.0,2788658000.0,1239019000.0,292377000.0,23082000.0,1549639000.0,0.0,-48864000.0,1827738514.55,2972245514.55,18.947229472004782,12.666883285677152,0.49300416185849966,1.1096036461103502,0.004025231184888271,18.947229472004782,0.002563318238057689,33.10220980802318,143.87110473472922,1.4751497067841575,0.0,0.0,0.0,0.019799846377720035,9.978034832336887,0.0011388990690145582,-3.1879456690585495,1.0,0.0,1.0457743679371225,0.0,0.0,0.0,0.0,0.0,1.0457743679371225,0.0,0.0,Rental & Leasing Services,Industrials,AL
2010Q3,2010,Q3,2010-09-30,2010-09-30,-7747000.0,19110000.0,-6073000.0,-0.12,19110000.0,1.0,,,,,,,,1816327591.6499999,,,0.0,0.0,0.0,0.0,,0.0,95.0459231632653,-58.613901886214016,0.0,,0.0,,0.0,0.0,0.0,0.0,1.0,0.0,0.0,0.0,0.0,14.473684210526315,0.8094875073775329,0.08387388746417257,0.0,0.0,0.0,Rental & Leasing Services,Industrials,AL
2010Q2,2010,Q2,2010-06-30,2010-06-30,-40664000.0,1235000.0,-6629000.0,0.0,1235000.0,1.0,,,,,,,,0.0,,0.0,0.0,0.0,0.0,0.0,0.0,0.0,0.0,0.0,0.0,,0.0,,0.0,0.0,0.0,0.0,1.0,1.0,0.0,0.0,0.0,0.0,-84.24947589098532,-12.89727463312369,0.0,0.0,0.0,Rental & Leasing Services,Industrials,AL
2010Q1,2010,Q1,2010-03-31,2010-03-31,-477000.0,0.0,-477000.0,-1.06,0.0,0.0,,,,,,,,12565341.75,,,0.0,0.0,0.0,0.0,,0.0,0.0,-6.585608883647799,0.0,0.0,0.0,0.0,0.0,0.0,0.0,-5.1497302254098365,0.0,0.0,0.0,0.0,0.0,0.0,0.0,0.0,0.0,0.0,0.0,Rental & Leasing Services,Industrials,AL
2010Q4,2010,Q4,2010-12-31,2010-12-31,,,,,,,2276282000.0,1224935000.0,377497000.0,30092000.0,1051347000.0,0.0,-52040000.0,0.0,703160000.0,0.0,12.544762727635252,0.4533625447110683,0.8424781723111838,,0.0,,0.0,0.0,0.0,0.0,0.0,,,10.927189950817493,,0.0,0.0,0.0,0.0,0.0,0.0,0.0,0.0,0.0,0.0,0.0,0.0,Rental & Leasing Services,Industrials,AL
