Quarters,Year,Quarter,FillingDate,Date,NetIncome,Revenue,OperatingIncome,EPSDiluted,GrossProfit,GrossProfitRatio,TotalAssets,CommonStockEquity,CurrentAssets,CurrentLiability,TotalLiability,Inventory,RetainedEarnings,MarketCap,EnterpriseValue,bookValuePerShare,currentRatio,debtToAssets,debtToEquity,roic,shareholdersEquityPerShare,roe,priceToSalesRatio,peRatio,pbRatio,payoutRatio,inventoryTurnover,dividendYield,assetTurnover,quickRatio,returnOnAssets,priceToFreeCashFlowsRatio,grossProfitMargin,epsdilutedGrowth,fiveYNetIncomeGrowthPerShare,fiveYRevenueGrowthPerShare,fiveYShareholdersEquityGrowthPerShare,grossProfitGrowth,netIncomeGrowth,operatingIncomeGrowth,threeYNetIncomeGrowthPerShare,threeYRevenueGrowthPerShare,threeYShareholdersEquityGrowthPerShare,Industry,Sector,Symbol
2023Q1,2023,Q1,2023-04-26,2023-03-31,-18525000.0,0.0,-20537000.0,-0.24,0.0,0.0,150895000.0,134065000.0,149468000.0,15649000.0,16830000.0,0.0,-311580000.0,1304560800.0,1287688800.0,1.711060343067184,9.551281232027605,0.00987441598462507,0.011114011859918695,-0.1421371308223109,1.711060343067184,-0.13817924141274754,0.0,-17.605408906882587,9.730808190057061,0.0,0.0,0.0,0.0,8.669180139306025,-0.12276748732562377,-52.9383922412044,0.0,0.040000000000000036,-1.972823970612414,0.0,0.0518384907149287,0.0,0.01645872046721529,-0.01252280234679288,-0.7660109023208539,0.0,-0.5385265477761574,Biotechnology,Healthcare,VKTX
2022Q4,2022,Q4,2023-02-10,2022-12-31,-18835000.0,0.0,-20283000.0,-0.25,0.0,0.0,168529000.0,145322000.0,167040000.0,21947000.0,23207000.0,0.0,-292049000.0,719917800.0,684849800.0,1.8974760729627744,7.611063015446303,0.009280301906496804,0.010762307152392618,-0.13157426922103244,1.8974760729627744,-0.12960873095608372,0.0,-9.555585346429519,4.953949161173119,0.0,0.0,0.0,0.0,7.084567366838292,-0.11176118056832948,-65.8903349807798,0.0,-0.24999999999999994,-0.7986044086733098,0.0,3.2095566336109864,0.0,-0.22703583061889251,-0.2523462583353915,-1.3754145546456225,0.0,-0.507285748236937,Biotechnology,Healthcare,VKTX
2022Q3,2022,Q3,2022-10-26,2022-09-30,-15350000.0,0.0,-16196000.0,-0.2,0.0,0.0,166683000.0,151285000.0,165146000.0,14061000.0,15398000.0,0.0,-272490000.0,208094641.76000002,180322641.76000002,1.9774425545977594,11.744968352179788,0.009815038126263626,0.010814026506263013,-0.10197956737269,1.9774425545977594,-0.10146412400436262,0.0,-3.389163546579805,1.375514041444955,0.0,0.0,0.0,0.0,11.025033781381126,-0.09209097508444172,-15.415559801466777,0.0,0.04761904761904753,0.0964209660141244,0.0,23.402907259924437,0.0,0.047589501768319165,0.0813907322329987,-1.5220987519352938,0.0,-0.4974963997827033,Biotechnology,Healthcare,VKTX
2022Q2,2022,Q2,2022-07-27,2022-06-30,-16117000.0,0.0,-17631000.0,-0.21,0.0,0.0,181508000.0,165230000.0,179863000.0,14864000.0,16278000.0,0.0,-256717000.0,222073336.65,207499336.65,2.1502567899566882,12.10057857911733,0.009101527205412433,0.009998184349089148,-0.09672225331398031,2.1502567899566882,-0.09754281910064758,0.0,-3.4447064691009492,1.3440255198813775,0.0,0.0,0.0,0.0,11.364168460710442,-0.08879498424311875,-16.520855278232407,0.0,0.0,0.021828260061145244,0.0,6.8723061759252255,0.0,-0.00977382369525719,-0.0853185595567867,-0.9657104804972305,0.0,-0.4636848505986566,Biotechnology,Healthcare,VKTX
2022Q1,2022,Q1,2022-04-27,2022-03-31,-15961000.0,0.0,-16245000.0,-0.21,0.0,0.0,195028000.0,182270000.0,193299000.0,11268000.0,12758000.0,0.0,-239285000.0,232239000.0,221425000.0,2.354514099699017,17.15468583599574,0.008409048957072831,0.008997640862456795,-0.08677848456462894,2.354514099699017,-0.08756789378394689,0.0,-3.6376010275045423,1.2741482416195753,0.0,0.0,0.0,0.0,16.409211927582536,-0.08183953073404844,-22.054985754985754,0.0,-0.31249999999999994,0.11742436878948455,0.0,5.974511116020562,0.0,-0.2917610877306572,-0.3147458724506313,-2.004561882321333,0.0,-0.42646505872095086,Biotechnology,Healthcare,VKTX
2021Q4,2021,Q4,2022-02-09,2021-12-31,-12356000.0,0.0,-12356000.0,-0.16,0.0,0.0,210662000.0,201884000.0,210528000.0,8778000.0,8778000.0,0.0,-223182000.0,353776800.0,327434800.0,2.6250065012742496,23.983595352016405,0.0001376612773067758,0.00014364684670404787,-0.06118588505610522,2.6250065012742496,-0.06120346337500743,0.0,-7.157996115247653,1.7523766123120208,0.0,0.0,0.0,0.0,23.023809523809526,-0.058653198013880053,-28.645894736842106,0.0,0.058823529411764754,0.12145334540394463,0.0,5.504724194869804,0.0,0.06697878124292078,0.07811683951354174,-1.187299229732997,0.0,-0.3710563768231572,Biotechnology,Healthcare,VKTX
2021Q3,2021,Q3,2021-11-03,2021-09-30,-13243000.0,0.0,-13403000.0,-0.17,0.0,0.0,224474000.0,213121000.0,224285000.0,11353000.0,11353000.0,0.0,-210826000.0,489895446.12,478746446.12,2.732011270160202,19.755571214656918,0.0005123087751810901,0.0005395995701972119,-0.0628213601061162,2.732011270160202,-0.06213840963584067,0.0,-9.248196143623046,2.2986728014602034,0.0,0.0,0.0,0.0,19.037699286532195,-0.05899569660628848,-44.83758430532674,0.0,0.15,0.1532004526258505,0.0,4.077171278954327,0.0,0.13900266562642222,0.13757158484010037,-0.5749793356432421,0.0,-0.4461712353433237,Biotechnology,Healthcare,VKTX
2021Q2,2021,Q2,2021-07-28,2021-06-30,-15381000.0,0.0,-15541000.0,-0.2,0.0,0.0,237845000.0,224974000.0,237662000.0,12871000.0,12871000.0,0.0,-197583000.0,466603030.0,457972030.0,2.8880958188376957,18.46492114054852,0.0008324749311526415,0.000880101700640963,-0.06895771398145273,2.8880958188376957,-0.06836790029070026,0.0,-7.584081496651714,2.0740309102385166,0.0,0.0,0.0,0.0,17.734286380234636,-0.0646681662427211,-34.73299315170463,0.0,-0.05263157894736847,0.08537840710256872,0.0,2.8639145055261586,0.0,-0.09785867237687366,-0.0922828226033174,-0.5616047432366187,0.0,0.08573108761742469,Biotechnology,Healthcare,VKTX
2021Q1,2021,Q1,2021-04-28,2021-03-31,-14010000.0,0.0,-14228000.0,-0.19,0.0,0.0,250139000.0,237223000.0,249863000.0,12916000.0,12916000.0,0.0,-182202000.0,472996150.0,456470150.0,3.1721938434382606,19.34523072158563,0.001115379848804065,0.0011761085560843595,-0.059836572308132274,3.1721938434382606,-0.05905835437541891,0.0,-8.440331013561742,1.993888240179072,0.0,0.0,0.0,0.0,18.711598017962217,-0.056008859074354655,-43.489899779330635,0.0,-0.2666666666666667,0.5291155544260384,0.0,3.9568612142431596,0.0,-0.27968578735842164,-0.26291496538256703,-1.3556031344682187,0.0,0.9500396920871641,Biotechnology,Healthcare,VKTX
2020Q4,2020,Q4,2021-02-17,2020-12-31,-10948000.0,0.0,-11266000.0,-0.15,0.0,0.0,256502000.0,244344000.0,256104000.0,12129000.0,12158000.0,0.0,-168192000.0,410404480.0,381646480.0,3.351953467954346,21.115013603759586,0.0013995992233978682,0.0014692400877451461,-0.045972039728721714,3.351953467954346,-0.04480568379006646,0.0,-9.37167701863354,1.6796175883181088,0.0,0.0,0.0,0.0,20.478687443317668,-0.042681928406016326,-74.80942034269049,0.0,-0.15384615384615377,0.7341177520702539,0.0,2.4625084101415213,0.0,-0.17872523686477174,-0.14456974499644418,-0.0983890072159002,0.0,6.436319307336735,Biotechnology,Healthcare,VKTX
2020Q3,2020,Q3,2020-10-28,2020-09-30,-9288000.0,0.0,-9843000.0,-0.13,0.0,0.0,263623000.0,253793000.0,263134000.0,9715000.0,9830000.0,0.0,-157244000.0,422782260.0,419350260.0,3.4937020772820504,27.085331960885227,0.0016614635293582124,0.0017258159208488808,-0.03865016943562036,3.4937020772820504,-0.03659675404758996,0.0,-11.379798126614986,1.6658546926038151,0.0,0.0,0.0,0.0,26.279361811631496,-0.035232130732144006,-79.42556077399962,0.0,0.0,0.7584719385259572,0.0,1.355578864995101,0.0,0.029669870455495195,0.07194041108806336,0.42419133695528594,0.0,42.11452061527099,Biotechnology,Healthcare,VKTX
2020Q2,2020,Q2,2020-07-29,2020-06-30,-9572000.0,0.0,-10606000.0,-0.13,0.0,0.0,271198000.0,261947000.0,270618000.0,9053000.0,9251000.0,0.0,-147956000.0,522634802.9,504358802.9,3.6136856166491627,29.892632276593396,0.0018952942130841673,0.0019622290005230063,-0.04033082992679912,3.6136856166491627,-0.0365417431770549,0.0,-13.650094099979107,1.9951929317762753,0.0,0.0,0.0,0.0,29.05136418866674,-0.03529524554015885,-78.4030607410741,0.0,0.0,0.8769018631890808,0.0,0.5232691080849587,0.0,0.011871580468669351,0.03123858238947753,0.38415827686714166,0.0,12.230066162643011,Biotechnology,Healthcare,VKTX
2020Q1,2020,Q1,2020-04-30,2020-03-31,-9687000.0,0.0,-10948000.0,-0.13,0.0,0.0,277104000.0,268283000.0,276446000.0,8542000.0,8821000.0,0.0,-138384000.0,338626080.0,323954080.0,3.70781966941235,32.36314680402716,0.002121946994630175,0.002191715464639951,-0.0406295577434786,3.70781966941235,-0.036107394057767354,0.0,-8.739188603282749,1.262197306575519,0.0,0.0,0.0,0.0,31.51030203699368,-0.034957994110514465,-78.71364016736402,0.0,-0.3,0.7854158953220631,0.0,2.2192445382002495,0.0,-0.30026845637583893,-0.2338555167361659,0.4269130987849408,0.0,9.983255315320427,Biotechnology,Healthcare,VKTX
2019Q4,2019,Q4,2020-02-26,2019-12-31,-7450000.0,0.0,-8873000.0,-0.1,0.0,0.0,284256000.0,277119000.0,283501000.0,6777000.0,7137000.0,0.0,-128697000.0,577111180.0,569396180.0,3.8510679692602734,41.83281688062564,0.0023288866373972756,0.002388865433261523,-0.031866486138994336,3.8510679692602734,-0.02688375751933285,0.0,-19.36614697986577,2.082539197961886,0.0,0.0,0.0,0.0,40.67256898332595,-0.02620876955983339,-49.145123052030996,0.0,-0.25000000000000006,-1.321167096387092,0.0,1.7500655500821904,0.0,-0.29994765311463967,-0.19276784514047587,0.43385249114761876,0.0,8.542884935170791,Biotechnology,Healthcare,VKTX
2019Q3,2019,Q3,2019-11-05,2019-09-30,-5731000.0,0.0,-7439000.0,-0.08,0.0,0.0,290122000.0,283492000.0,289256000.0,6192000.0,6630000.0,0.0,-121247000.0,495637945.12,465418945.12,3.935180869833883,46.71447028423773,0.002526523324670311,0.002585610881435808,-0.02610560152724261,3.935180869833883,-0.020215738010243674,0.0,-21.620918911184784,1.7483313289969382,0.0,0.0,0.0,0.0,46.52325581395349,-0.019753758763554643,-145.86166719246617,0.0,0.2727272727272727,-0.30964508531448104,0.0,0.0,0.0,0.2531925983841543,0.22259379245480196,0.6031811485084487,0.0,6.313142338772094,Biotechnology,Healthcare,VKTX
2019Q2,2019,Q2,2019-08-01,2019-06-30,-7674000.0,0.0,-9569000.0,-0.11,0.0,0.0,294493000.0,288354000.0,293644000.0,5626000.0,6139000.0,0.0,-115516000.0,598382720.0,580060720.0,4.009315777033134,52.19409882687522,0.002719928826831198,0.002777835577103144,-0.03300155885720592,4.009315777033134,-0.026613121371647352,0.0,-19.493833724263748,2.0751670516101735,0.0,0.0,0.0,0.0,52.0149306789904,-0.026058344340952076,-92.64324508437839,0.0,-0.5714285714285713,0.9605913648265588,0.0,2.4505484808733495,0.0,-0.5584890333062551,-0.4059653247134881,0.5057534028083882,0.0,4.363967942846083,Biotechnology,Healthcare,VKTX
2019Q1,2019,Q1,2019-05-02,2019-03-31,-4924000.0,0.0,-6806000.0,-0.07,0.0,0.0,300080000.0,294574000.0,299137000.0,4918000.0,5506000.0,0.0,-107842000.0,708223202.1899999,694749202.1899999,4.105267055653451,60.82492883285889,0.0028958944281524926,0.002950022744709309,-0.022969032641270013,4.105267055653451,-0.01671566397577519,0.0,-35.95771741419578,2.4042284865263053,0.0,0.0,0.0,0.0,60.73973159821065,-0.016408957611303652,-224.69010221763958,0.0,0.0,-0.29185000283607826,0.0,37.965818077859076,0.0,0.06030534351145038,0.032826488560466105,0.8275201634938593,0.0,5.414878802054159,Biotechnology,Healthcare,VKTX
2018Q4,2018,Q4,2019-03-13,2018-12-31,-5240000.0,0.0,-7037000.0,-0.07,0.0,0.0,302312000.0,297750000.0,302133000.0,4550000.0,4562000.0,0.0,-102918000.0,545751000.0,520972000.0,4.17367535744323,66.40285714285714,0.0,0.0,-0.02363392107472712,4.17367535744323,-0.017598656591099916,0.0,-26.03773854961832,1.8329168765743074,0.0,0.0,0.0,0.0,66.26813186813187,-0.01733308634787901,-203.7144456886898,0.0,0.3636363636363636,-1.2278547433990066,0.0,1.8128992081763913,0.0,0.20606060606060606,0.048282391127941575,0.8699661463997266,0.0,3.3113325302714,Biotechnology,Healthcare,VKTX
2018Q3,2018,Q3,2018-11-07,2018-09-30,-6600000.0,0.0,-7394000.0,-0.11,0.0,0.0,306796000.0,302053000.0,306616000.0,4743000.0,4743000.0,0.0,-97678000.0,992565532.8000001,823059532.8000001,4.932953007332152,64.64600463841451,0.0,0.0,-0.024479147699244835,4.932953007332152,-0.021850469950637802,0.0,-37.597179272727274,3.2860641437098788,0.0,0.0,0.0,0.0,64.12861058401856,-0.021512666397215087,-180.36807792113393,0.0,0.15384615384615388,-0.7744635341533238,0.0,0.0,0.0,0.01079136690647482,-0.06772563176895306,0.796386335286154,0.0,2.3259733054071594,Biotechnology,Healthcare,VKTX
2018Q2,2018,Q2,2018-08-09,2018-06-30,-6672000.0,0.0,-6925000.0,-0.13,0.0,0.0,144468000.0,140363000.0,144258000.0,4105000.0,4105000.0,0.0,-91078000.0,500759883.39,466149883.39,2.660047088801204,35.142021924482336,0.0,0.0,-0.0493363635715965,2.660047088801204,-0.0475338942598833,0.0,-18.7634848392536,3.5676060171840156,0.0,0.0,0.0,0.0,34.632399512789284,-0.046183237810449376,-95.02085073814041,0.0,-0.625,-46.445218868146526,0.0,0.0,0.0,-0.8789073500422416,-0.441207075962539,0.8821296503241566,0.0,0.12128391516787267,Biotechnology,Healthcare,VKTX
2018Q1,2018,Q1,2018-05-09,2018-03-31,-3551000.0,0.0,-4805000.0,-0.08,0.0,0.0,78971000.0,72632000.0,78731000.0,6339000.0,6339000.0,0.0,-84406000.0,195116130.0,162481130.0,1.6267329615444914,12.420097807225114,0.047118562510288585,0.05123086242978302,-0.06293138449045879,1.6267329615444914,-0.04889029628813746,0.0,-13.73670304139679,2.6863659268641924,0.0,0.0,0.0,0.0,12.220855024451806,-0.04496587354851781,-36.79353762021497,0.0,0.4285714285714286,-73.79278383513498,0.0,0.0,0.0,0.130609995463307,-0.08532335633932742,0.8725259645131531,0.0,1.534919563331348,Biotechnology,Healthcare,VKTX
2017Q4,2017,Q4,2018-03-07,2017-12-31,-4084473.0,0.0,-4427252.0,-0.14,0.0,0.0,22121411.0,13464836.0,21851798.0,8656575.0,8656575.0,0.0,-80854932.0,121279430.85999998,115741492.85999998,0.45075437584387756,2.5243006616358086,0.15598191272699558,0.25626305437362923,-0.26172944662891323,0.45075437584387756,-0.30334368721609384,0.0,-7.423199447027804,9.007122764807532,0.0,0.0,0.0,0.0,2.3769165056618813,-0.18463890029437996,-30.71919184944688,0.0,0.3636363636363636,-4.30782905456877,0.0,0.0,0.0,0.33037671948164965,0.05633107827700595,-1.4241649756623844,0.0,1.0877926153389172,Biotechnology,Healthcare,VKTX
2017Q3,2017,Q3,2017-11-08,2017-09-30,-6099658.0,0.0,-4691531.0,-0.22,0.0,0.0,11839444.0,2225961.0,11525074.0,9613483.0,9613483.0,0.0,-76770459.0,52467287.44,53079635.44,0.08103307255710493,1.198844789136258,0.2686284085637805,1.4287810972429436,-0.8677780589275026,0.08103307255710493,-2.740235790294619,0.0,-2.150419230061751,23.57062295341203,0.0,0.0,0.0,0.0,1.0234357308376163,-0.5151980109876781,-15.765396677827514,0.0,-0.047619047619047665,-2.6555233254797677,0.0,0.0,0.0,-0.17944502646552327,0.05844411401511176,-2.6555233254797677,0.0,0.0,Biotechnology,Healthcare,VKTX
2017Q2,2017,Q2,2017-08-09,2017-06-30,-5171634.0,0.0,-4982743.0,-0.21,0.0,0.0,14320911.0,6587879.0,14264002.0,7726978.0,7733032.0,0.0,-70670801.0,26048397.96,25705173.96,0.27314191571111884,1.846000079203021,0.21300509443847532,0.46303628223894217,-0.5169728995945968,0.27314191571111884,-0.7850226150176711,0.0,-1.2591957377494232,3.953988523468631,0.0,0.0,0.0,0.0,1.5637783619935246,-0.36112465191634807,-6.197322011719726,0.0,0.0869565217391305,-79.45818903161911,0.0,0.0,0.0,0.009625998199888929,-0.0028339621411156567,0.9208053514331056,0.0,1.0988212485450046,Biotechnology,Healthcare,VKTX
2017Q1,2017,Q1,2017-05-10,2017-03-31,-5221900.0,0.0,-4968662.0,-0.23,0.0,0.0,15152607.0,7546087.0,14673917.0,3382166.0,7606520.0,0.0,-65499167.0,32635264.66,31989247.66,0.3375884073495361,4.338615254248313,0.24504225576496508,0.49204693770426977,-0.44130125313568136,0.3375884073495361,-0.692001033118224,0.0,-1.5624229044983626,4.324793056321773,0.0,0.0,0.0,0.0,3.6406509911104306,-0.3446205659527763,-9.954048768495744,0.0,-0.2777777777777779,-218.6923983243794,0.0,0.0,0.0,-0.4327737214060548,-0.32939935636533707,-3.397859105711213,0.0,4.039809951971752,Biotechnology,Healthcare,VKTX
2016Q4,2016,Q4,2017-03-21,2016-12-31,-3644609.0,0.0,-3737524.0,-0.18,0.0,0.0,14535708.0,8042867.0,13974829.0,6476534.0,6492841.0,0.0,-60277267.0,23716814.24,23910894.24,0.40355385142148836,2.157763550689304,0.2249344854753549,0.40651946625500585,-0.3303903513730758,0.40355385142148836,-0.4531479881490021,0.0,-1.6268421550843999,2.948800998449931,0.0,0.0,0.0,0.0,2.030493470736045,-0.25073487992466553,-9.621878449452387,0.0,0.10000000000000009,-6.098777550094209,0.0,0.0,0.0,0.04276426808522597,-0.14497583235762107,-1.5672851886924646,0.0,1.078599454481295,Biotechnology,Healthcare,VKTX
2016Q3,2016,Q3,2016-11-10,2016-09-30,-3807431.0,0.0,-3264282.0,-0.2,0.0,0.0,16317693.0,10219525.0,15623313.0,6077692.0,6098168.0,0.0,-56632658.0,26609650.5681,26380893.5681,0.5380971253589214,2.570599661845319,0.1731945195929351,0.2765426964560486,-0.2502197665737111,0.5380971253589214,-0.3725643804384255,0.0,-1.747218174676048,2.603805026955754,0.0,0.0,0.0,0.0,2.4051633416105984,-0.23333145193992802,-10.024676084221948,0.0,0.09090909090909087,-2.3003600519275356,0.0,0.0,0.0,-0.031043711358854937,0.08769322310206137,-2.3003600519275356,0.0,0.0,Biotechnology,Healthcare,VKTX
2016Q2,2016,Q2,2016-08-11,2016-06-30,-3692793.0,0.0,-3578053.0,-0.22,0.0,0.0,18549007.0,12785469.0,18310165.0,5738892.0,5763538.0,0.0,-52825226.0,21552771.24,18775529.24,0.7474533441946373,3.1905400903170857,0.12845366870582345,0.18635906121238102,-0.2358924027487321,0.7474533441946373,-0.2888273398496371,0.0,-1.4591104375468649,1.6857239448940045,0.0,0.0,0.0,0.0,2.9964789370491727,-0.19908305603636894,-6.679219062612338,0.0,0.45,-80.00692068037138,0.0,0.0,0.0,-0.029496892657572313,-0.09507081587688379,-80.00692068037138,0.0,0.0,Biotechnology,Healthcare,VKTX
2016Q1,2016,Q1,2016-05-10,2016-03-31,-3586988.0,0.0,-3267417.0,-0.4,0.0,0.0,12756902.0,5769739.0,12161521.0,1918125.0,6987163.0,0.0,-49132433.0,12802404.76,11983502.76,0.6399601897917184,6.340317236884979,0.2461303692699058,0.5441946334140938,-0.36672993175900154,0.6399601897917184,-0.6216898199381289,0.0,-0.8922809861644366,2.218888022491139,0.0,0.0,0.0,0.0,5.865950342130987,-0.28118017995278166,-4.697916410409214,0.0,0.28571428571428575,-373.1514881063852,0.0,0.0,0.0,0.29542053242186206,0.29281326354570253,-373.1514881063852,0.0,0.0,Biotechnology,Healthcare,VKTX
2015Q4,2015,Q4,2016-03-08,2015-12-31,-5090963.0,0.0,-4620303.0,-0.56,0.0,0.0,15439103.0,8724998.0,15201648.0,1976812.0,6714105.0,0.0,-45545445.0,30733538.880000003,32116528.880000003,0.9680708523729891,7.689981647217843,0.13935654163328012,0.24659489893292813,-0.42479537146838453,0.9680708523729891,-0.5834915950697066,0.0,-1.5092203027207232,3.5224694469844007,0.0,0.0,0.0,0.0,7.134744730404307,-0.32974473970411367,-9.314915448007056,0.0,-0.05660377358490571,-20.92722955787546,0.0,0.0,0.0,-0.0748264979698278,-0.07744050504859708,-20.92722955787546,0.0,0.0,Biotechnology,Healthcare,VKTX
2015Q3,2015,Q3,2015-11-05,2015-09-30,-4736544.0,0.0,-4288221.0,-0.53,0.0,0.0,19012251.0,13270551.0,18932251.0,5722551.0,5741700.0,0.0,-40454482.0,52427759.059999995,52198668.059999995,1.4831607335249701,3.3083586323651812,0.10051539925493304,0.14400487214133006,-0.2824621951279759,1.4831607335249701,-0.35692142700028057,0.0,-2.7671947658461526,3.950684418454064,0.0,0.0,0.0,0.0,3.0562631945088823,-0.24913115232909558,-15.417870396129457,0.0,0.5046728971962617,-7.714854853416216,0.0,0.0,0.0,0.3977744115561141,-0.6324177342691844,-7.714854853416216,0.0,0.0,Biotechnology,Healthcare,VKTX
2015Q2,2015,Q2,2015-08-14,2015-06-30,-7865066.0,0.0,-2626914.0,-1.07,0.0,0.0,22269649.0,17393539.0,22269649.0,4876110.0,4876110.0,0.0,-35717938.0,52349487.54,44522796.54,2.3723225249360294,4.5670932362067305,0.0750128122809659,0.09604192683271645,-0.13779413480284985,2.3723225249360294,-0.4521831928510926,0.0,-1.6639875475933705,3.009708808540918,0.0,0.0,0.0,0.0,4.4419529091837555,-0.3531742238056828,-32.30036208844401,0.0,-0.7258064516129034,-401.52038785518295,0.0,0.0,0.0,-0.37707835974097487,-4.697800624674649,-401.52038785518295,0.0,0.0,Biotechnology,Healthcare,VKTX
2015Q1,2015,Q1,2015-06-12,2015-03-31,-5711415.0,0.0,-461040.0,-0.62,0.0,0.0,2769322.0,-27839043.0,360398.0,27708696.0,30608365.0,0.0,-27852872.0,73234632.0,74647968.0,-3.0410795810375615,0.013006674872032954,0.6284364909533814,-0.06251446933718231,0.017665247694329603,-3.0410795810375615,0.20515845318389717,0.0,-3.205625576148818,-2.6306447387577223,0.0,0.0,0.0,0.0,0.011801601923093024,-2.0623874724571576,-178.2120353043381,0.0,-2.9374999999999996,-585.7295528025574,0.0,0.0,0.0,-5.110862872989973,-0.30397522379194775,-585.7295528025574,0.0,0.0,Biotechnology,Healthcare,VKTX
2014Q4,2014,Q4,2014-12-31,2014-12-31,1389347.0,0.0,-353565.0,0.32,0.0,0.0,3043134.0,-22128531.0,773684.0,22517082.0,25171665.0,0.0,-22141457.0,34479472.0,35292003.0,-5.134308553216824,0.034359869542598814,0.5153857832090207,-0.07087628184627348,0.017196621638283352,-5.134308553216824,-0.06278532452063809,0.0,6.204258547360738,-1.5581455452239463,0.0,0.0,0.0,0.0,0.03356815949775375,0.4565513710536572,-78.19077207766586,0.0,6.333333333333334,13.513595792014556,0.0,0.0,0.0,6.306881944683175,0.6922977175037792,13.513595792014556,0.0,0.0,Biotechnology,Healthcare,VKTX
2014Q3,2014,Q3,2014-09-30,2014-09-30,-261801.0,0.0,-1149049.0,-0.06,0.0,0.0,,,,,,,,34479472.0,,,0.0,0.0,0.0,0.0,,0.0,0.0,-32.92526766513497,0.0,0.0,0.0,0.0,0.0,0.0,0.0,-56.309563626861774,0.0,0.977859778597786,0.0,0.0,0.0,0.0,0.9885088251710019,0.9471838372702756,0.0,0.0,0.0,Biotechnology,Healthcare,VKTX
2014Q2,2014,Q2,2014-06-30,2014-06-30,-22782788.0,0.0,-21755632.0,-2.71,0.0,0.0,2014090.0,-23257884.0,919406.0,23968346.0,25271974.0,0.0,-23269003.0,67316600.0,67036880.0,-2.7639998455061603,0.0383591758897339,0.30374015063875,-0.026303338687216772,0.9606779508934951,-2.7639998455061603,0.9795726902756932,0.0,-0.7386782513184954,-2.8943561675688123,0.0,0.0,0.0,0.0,0.037194055860174914,-11.31170305199867,-153.9126001156918,0.0,-53.2,-1014.9548717948717,0.0,0.0,0.0,-98.51379613088088,-102.72815478432513,-1014.9548717948717,0.0,0.0,Biotechnology,Healthcare,VKTX
2014Q1,2014,Q1,2014-03-31,2014-03-31,-228941.0,0.0,-209737.0,-0.05,0.0,0.0,276716.0,-478643.0,86349.0,436261.0,755359.0,0.0,-486215.0,34479472.0,34685747.0,-0.11105576094668736,0.1979296797100818,1.0303849434076815,-0.5956924054044455,1.0838057245025037,-0.11105576094668736,0.47831264637736265,0.0,-37.65104546586238,-72.03588478260416,0.0,0.0,0.0,0.0,0.18073813611576556,-0.8273500628803538,-342.166878374087,0.0,0.0,-48.95439668339515,0.0,0.0,0.0,0.0,0.0,-48.95439668339515,0.0,0.0,Biotechnology,Healthcare,VKTX
2013Q2,2013,Q2,2013-06-30,2013-06-30,-22425.0,0.0,-16956.0,0.0,0.0,0.0,,,,,,,,67316600.0,,,0.0,0.0,0.0,0.0,,0.0,0.0,-750.463768115942,0.0,0.0,0.0,0.0,0.0,0.0,0.0,-6788.684953610326,0.0,0.0,0.0,0.0,0.0,0.0,-3.893083133318787,-4.315360501567398,0.0,0.0,0.0,Biotechnology,Healthcare,VKTX
2013Q1,2013,Q1,2013-03-31,2013-03-31,-4583.0,0.0,-3190.0,0.0,0.0,0.0,,,,,,,,34479472.0,,,0.0,0.0,0.0,0.0,,0.0,0.0,-1880.8352607462361,0.0,0.0,0.0,0.0,0.0,0.0,0.0,0.0,0.0,1.0,0.0,0.0,0.0,0.0,0.9587217523665414,0.9709050446457074,0.0,0.0,0.0,Biotechnology,Healthcare,VKTX
2012Q4,2012,Q4,2012-12-31,2012-12-31,-111027.0,0.0,-109641.0,-0.03,0.0,0.0,,,,,,,,34479472.0,,,0.0,0.0,0.0,0.0,,0.0,0.0,-77.63758365082367,0.0,0.0,0.0,0.0,0.0,0.0,0.0,-689.58944,0.0,0.0,0.0,0.0,0.0,0.0,0.0,0.0,0.0,0.0,0.0,Biotechnology,Healthcare,VKTX
