Quarters,Year,Quarter,FillingDate,Date,NetIncome,Revenue,OperatingIncome,EPSDiluted,GrossProfit,GrossProfitRatio,TotalAssets,CommonStockEquity,CurrentAssets,CurrentLiability,TotalLiability,Inventory,RetainedEarnings,MarketCap,EnterpriseValue,bookValuePerShare,currentRatio,debtToAssets,debtToEquity,roic,shareholdersEquityPerShare,roe,priceToSalesRatio,peRatio,pbRatio,payoutRatio,inventoryTurnover,dividendYield,assetTurnover,quickRatio,returnOnAssets,priceToFreeCashFlowsRatio,grossProfitMargin,epsdilutedGrowth,fiveYNetIncomeGrowthPerShare,fiveYRevenueGrowthPerShare,fiveYShareholdersEquityGrowthPerShare,grossProfitGrowth,netIncomeGrowth,operatingIncomeGrowth,threeYNetIncomeGrowthPerShare,threeYRevenueGrowthPerShare,threeYShareholdersEquityGrowthPerShare,Industry,Sector,Symbol
2023Q1,2023,Q1,2023-05-09,2023-03-31,2170277.0,2903066.0,195964.0,0.84,2838762.0,0.9778496252,70605273.0,59375393.0,2050654.0,522391.0,11229880.0,0.0,9212839.0,34637301.82,40746139.82,23.004614452962606,3.9255155620981217,0.11259782254506685,0.13389385060575515,0.002796363623197087,23.004614452962606,0.03655179174982471,11.931282933285017,3.9899632420193365,0.583361222046985,0.23785166593941695,0.0,0.014903123883106204,0.041116844063473844,4.13611451958399,0.030738171637690572,-7.851361474103676,0.9778496251893688,-0.6146788990825689,2.134974133155512,13.586701462906424,-0.485340868899793,3.3229987893370287,5.77840868275162,-0.9832586898235826,2.183238072883386,-0.10933822442206753,-0.3070497886263026,Asset Management,Financial Services,RAND
2022Q4,2022,Q4,2023-03-10,2022-12-31,320175.0,656665.0,11705416.0,2.18,656665.0,1.0,63481192.0,57721320.0,5113541.0,557047.0,5759872.0,0.0,7558766.0,34388337.24,35569341.24,22.357812098739323,9.179729897118197,0.04016937804192461,0.044177783876044416,0.11104950977538482,22.357812098739323,0.005546910569612753,52.36815916791667,26.851204216444135,0.5957649139000979,3.0632872647770752,0.0,0.02852094863310698,0.01034424495368644,9.487851114896948,0.005043619848852239,-27.829687060714384,1.0,4.069767441860466,-0.6148933156600189,-0.8435387613481827,-0.5079663762381612,-0.5155394199442844,-0.7102231691136408,8.952874114434003,-0.8636753189593642,-0.8284401002031452,-0.3211312538689705,Asset Management,Financial Services,RAND
2022Q3,2022,Q3,2022-11-07,2022-09-30,1104902.0,1397229.0,1176084.0,0.43,1355456.0,0.9701029681,61707610.0,58381933.0,1545993.0,74142.0,3325677.0,0.0,8003837.0,37811957.65,36776502.65,22.61970476024798,20.851784413692645,0.0,0.0,0.019353964046005492,22.61970476024798,0.018925409681108025,27.062104816032303,8.555500318127761,0.6476653941896716,0.35039578170733693,0.0,0.010238903882830303,0.02264273401611244,20.851784413692645,0.01790544148444576,105.48386621176024,0.9701029680889819,1.5890410958904109,4.190768578301891,-0.1165890002428946,-0.49864975361350394,4.387666196315361,1.5826346809647176,1.6305586801247731,1.1044522796682632,4.761942364028816,-0.4274876162341083,Asset Management,Financial Services,RAND
2022Q2,2022,Q2,2022-08-08,2022-06-30,-1896389.0,316520.0,-1865146.0,-0.73,251585.0,0.7948470871,60987335.0,57664184.0,1560376.0,55933.0,3323151.0,0.0,7286088.0,37682906.6,36493760.6,22.341617522678042,27.89723419090698,0.0,0.0,-0.032886774223667155,22.341617522678042,-0.032886774223667155,119.05379312523695,-4.967718463880565,0.6534889421135309,-0.20415273448643712,0.0,0.010273968622155065,0.005189930007599119,27.89723419090698,-0.03109480025647948,38.4713382051769,0.794847087071907,-3.5624999999999996,0.1876518193122334,0.5464144925774235,-0.5039065522875386,0.4543326203826811,-3.61928888260985,-3.6262023464047424,0.6169973365913792,-0.5839707364579089,-0.4876709538252298,Asset Management,Financial Services,RAND
2022Q1,2022,Q1,2022-05-09,2022-03-31,-410537.0,172990.0,-403170.0,-0.16,172990.0,1.0,63925221.0,59947726.0,1044548.0,49952.0,3977495.0,0.0,9569630.0,39102468.15,38505675.15,23.226361195821344,20.911034593209482,0.0,0.0,-0.006848249756796446,23.226361195821344,-0.0068482497567964465,226.0388932886294,-23.811780759103325,0.6522760871696784,-0.9430404567675995,0.0,0.009900986262934914,0.0027061306522506976,20.911034593209482,-0.0064221443990002,260.5597893663666,1.0,-1.4324324324324325,0.6891897763222216,-0.27440275959231203,-0.49441489711319253,-0.8433600753363878,-1.4345985486457733,-1.3914693719420248,-1.2453374834335968,-0.9602039346532768,-0.4898256829114028,Asset Management,Financial Services,RAND
2021Q4,2021,Q4,2022-03-08,2021-12-31,944635.0,1104380.0,1029889.0,0.37,1104380.0,1.0,65644854.0,60745416.0,1133407.0,51689.0,4899438.0,0.0,10367320.0,43862726.20999999,43028851.20999999,23.52942251922102,21.92743136837625,0.0,0.0,0.022084609976915474,23.52942251922102,0.015550720732573468,39.71705953566706,11.60837948255146,0.7220746699635738,0.3825212912924039,0.0,0.00823804243881265,0.016823557867917567,21.92743136837625,0.014390084560169788,-39.70857402934594,1.0,-0.5888888888888889,2.191184920787878,0.5116218177354526,-0.4934607024584988,0.0,-0.5930402378080303,0.0,-0.7255524371381423,-0.8165865374285287,-0.47570243085898933,Asset Management,Financial Services,RAND
2021Q3,2021,Q3,2021-11-05,2021-09-30,2321200.0,2945477.0,0.0,0.9,0.0,0.0,75881658.0,60162125.0,0.0,0.0,15719533.0,0.0,9460293.0,41642482.269999996,39195492.269999996,23.30348776900614,0.0,0.1430232850209994,0.1803932956158048,0.0,23.30348776900614,0.038582413769460436,14.137772004330706,4.485016615328278,0.6921710672620024,0.11120325693606756,0.0,0.006198597824365479,0.03881671905482086,0.0,0.030589737509425532,65.69821055620854,0.0,-0.48275862068965514,2.106073603485863,10.133511930162108,-0.5013591894940905,0.0,-0.48427335911522174,0.0,4.522375540163297,15.403856351356959,-0.46483843507966377,Asset Management,Financial Services,RAND
2021Q2,2021,Q2,2021-08-09,2021-06-30,4500834.0,5806612.0,0.0,1.74,0.0,0.0,73438428.0,58119821.0,0.0,0.0,15318607.0,0.0,7397218.0,43251330.75,41149870.75,22.508139862263082,0.0,0.14765328310132128,0.18657017199003417,0.0,22.508139862263082,0.07744060326682699,7.448634547994597,2.402406462335647,0.7441752229415848,0.05737092281119455,0.0,0.005970151565798933,0.0790677600016166,0.0,0.06128717787913434,-25.304126200812046,0.0,-0.4405144694533762,7.187307916520965,27.480592544775064,-0.5266754594362826,0.0,-0.4395506078566173,0.0,2.939488200139564,19.00969597318467,-0.4861158355842487,Asset Management,Financial Services,RAND
2021Q1,2021,Q1,2021-05-10,2021-03-31,8030759.0,10934380.0,0.0,3.11,0.0,0.0,67969156.0,53877204.0,0.0,0.0,14091952.0,0.0,3154601.0,46504863.690000005,42426508.690000005,20.865095971642443,0.0,0.1593959324726645,0.2010870311681356,0.0,20.865095971642443,0.1490567142274124,4.253086474953313,1.4477107235443127,0.8631640144132202,0.45979477157763043,0.0,0.07940031874115573,0.1608726758354922,0.0,0.11815298986499112,-26.414933322048995,0.0,22.60216946558737,11.053865461997306,30.044078614336463,-0.56381114080332,0.0,22.561110439907104,0.0,5.1979210264275135,53.91629421417557,-0.533206166743429,Asset Management,Financial Services,RAND
2020Q4,2020,Q4,2021-03-08,2020-12-31,-372465.0,-132261.0,0.0,-0.1439670216898485,0.0,0.0,60966942.0,46104830.0,0.0,0.0,14862112.0,0.0,-4617773.0,45530564.6985,35989736.6985,17.82066787648981,0.0,0.1775484655274329,0.23478206079493188,0.0,17.82066787648981,-0.00807865466589943,-344.2478485608002,-30.56029740948814,0.9875443570337425,0.0,0.0,0.0,-0.002169388781218517,0.0,-0.006109294443536302,34.23906792268519,0.0,-2.439670216898485,-1.1136076646956279,-1.0197519832065074,-0.6298492088976099,0.0,-2.4187899726881072,0.0,-1.4470577326713818,-1.0314469985425496,-0.6078163751264423,Asset Management,Financial Services,RAND
2020Q3,2020,Q3,2020-11-06,2020-09-30,262523.0,462293.0,0.0,0.1,0.0,0.0,61308915.0,49950153.0,0.0,0.0,11358762.0,0.0,14930244.0,28717420.5,20458217.5,19.3069812206845,0.0,0.17640450821874762,0.21651923668782355,0.0,19.3069812206845,0.005255699617176348,62.119522683665984,27.347528121345558,0.574921572312301,0.0,0.0,0.0,0.007540387886492527,0.0,0.004281971064077712,-9.70377200440088,0.0,-0.5,-0.7509507920269789,-0.8235307218206925,-0.5881363303108744,0.0,-0.3802148872326009,0.0,0.23039442687943693,-0.7084039622443526,-0.5720739994369622,Asset Management,Financial Services,RAND
2020Q2,2020,Q2,2020-08-07,2020-06-30,423571.0,653801.0,0.0,0.2,0.0,0.0,61127860.0,49711314.0,0.0,0.0,11416546.0,0.0,14667721.0,23070930.21,11819215.21,23.637240007931176,0.0,0.17677289864228848,0.2173700135948931,0.0,23.637240007931176,0.008520615648984858,35.28738899145153,13.616920309700147,0.4640981771272431,0.0,0.0,0.0,0.01069563043757789,0.0,0.006929262696256666,-10.152094961164412,0.0,-0.25925925925925924,-0.010306814020570397,-0.5675433294449891,-0.49134059186169443,0.0,-0.015264903972455288,0.0,1.2226763342092404,2.920156406230953,-0.47513738080787343,Asset Management,Financial Services,RAND
2020Q1,2020,Q1,2020-05-11,2020-03-31,430137.0,2056387.0,0.0,0.27,0.0,0.0,65382756.0,54058653.0,0.0,0.0,11324103.0,0.0,-1212828.0,32857189.326,14552618.326000001,33.198076969135336,0.0,0.16512506753309694,0.1997151501351689,0.0,33.198076969135336,0.007956857526583209,15.978115659163377,19.09693267842571,0.607806290067938,0.0,0.0,0.0,0.03145151911308235,0.0,0.006578752966607893,10.001631363001696,0.0,-0.7032041742948334,0.034508994967524714,0.3774700570178153,-0.2824547482437935,0.0,-0.7096321468496346,0.0,1.5161655778861423,12.67158034195437,-0.27735330478266507,Asset Management,Financial Services,RAND
2019Q4,2019,Q4,2020-03-09,2019-12-31,1481352.0,2414201.0,0.0,0.9097162985985346,0.0,0.0,64791449.0,53628516.0,0.0,0.0,11162933.0,0.0,-1751249.0,39321643.4793,24292836.4793,32.933924600535384,0.0,0.16648667635138087,0.20114136665650043,0.0,32.933924600535384,0.027622468613526432,16.287642776761338,6.636107332912771,0.7332226660775024,0.0,0.0,0.0,0.037261105242452595,0.0,0.022863387420151694,23.36798973521347,0.0,1.219738024069188,-0.8387839716549782,-0.8429345502708682,-0.2842137638046455,0.0,1.514557009512006,0.0,3.961579342080965,4.238995116137021,-0.2910014251810777,Asset Management,Financial Services,RAND
2019Q3,2019,Q3,2019-11-07,2019-09-30,-2878888.0,65996.0,0.0,-4.140004,0.0,0.0,38661339.0,27753165.0,0.0,0.0,10908174.0,0.0,-1851634.0,15804945.0,17293936.0,39.509546695670245,0.0,0.2787666769637751,0.38833383507790914,0.0,39.509546695670245,-0.10373188067018663,239.48337778047156,-1.3724869637165462,0.5694826157665261,0.0,0.0,0.0,0.001707028305460398,0.0,-0.0744642600195508,24.599327621226625,0.0,-1.1904759889142975,-14.057937394283254,-0.8579680585900962,-0.014976198009041045,0.0,-1.1363883613879717,0.0,-4.041827780582191,-0.08317609551866802,-0.15458696216054393,Asset Management,Financial Services,RAND
2019Q2,2019,Q2,2019-08-06,2019-06-30,-1347549.0,207060.0,0.0,-1.890002,0.0,0.0,41699064.0,30632053.0,0.0,0.0,11067011.0,0.0,-1786085.0,16563582.36,18685650.36,43.60794627883868,0.0,0.2582330145348107,0.35152965424811716,0.0,43.60794627883868,-0.04399146867498564,79.99411938568531,-3.0729091038619,0.5407271383344759,0.0,0.0,0.0,0.00496557908350173,0.0,-0.03231604910844042,-340.1285958355579,0.0,-3.999998412700932,-3.6294243556328687,-0.8063111036790297,0.09318410584381556,0.0,-3.9589473337505354,0.0,-5.809692359584284,2.7333320204303004,-0.08296681717512355,Asset Management,Financial Services,RAND
2019Q1,2019,Q1,2019-05-02,2019-03-31,455415.0,1183041.0,0.0,0.630001,0.0,0.0,42933208.0,31979602.0,0.0,0.0,10953606.0,0.0,-1642785.0,19282032.9,21345984.9,45.52632388154467,0.0,0.2505905684942062,0.3364224795543109,0.0,45.52632388154467,0.014240796367634595,16.298702158251487,10.584869240143606,0.6029478697076968,0.0,0.0,0.0,0.02755538323621193,0.0,0.010607523202086366,7.820815493640984,0.0,-0.527459728244516,3.7232062367593,17.310990977248615,0.1625370654169666,0.0,-0.5137109975216522,0.0,3.0958393942922586,11.346919026582283,-0.048263410611747846,Asset Management,Financial Services,RAND
2018Q4,2018,Q4,2019-03-07,2018-12-31,936511.0,1638308.0,0.0,1.3332218176020227,0.0,0.0,40521724.0,31524187.0,0.0,0.0,8997537.0,0.0,-1665552.0,15804945.0,20325596.0,44.87799277378061,0.0,0.21110757775261488,0.27136125667570743,0.0,44.87799277378061,0.02970769714061143,9.647114584070883,4.219102872256705,0.5013593213363441,0.0,0.0,0.0,0.040430362735800675,0.0,0.023111331590926387,-15.15925182765295,0.0,5.937858583711195,-0.68751959844744,-0.6673855579453608,0.1390535859498649,0.0,6.223092882399527,0.0,0.052075784031492565,-0.0988721012824473,-0.06784500763759915,Asset Management,Financial Services,RAND
2018Q3,2018,Q3,2018-11-07,2018-09-30,-179302.0,48856.0,0.0,-0.27,0.0,0.0,38658226.0,30587676.0,0.0,0.0,8070550.0,0.0,-1643744.0,16301852.4708,19773001.470799997,43.54477095617859,0.0,0.20372696357044423,0.25748026754304576,0.0,43.54477095617859,-0.005861903336494083,333.67145224332734,-22.729602110963626,0.5329549218057625,0.0,0.0,0.0,0.0012637931187013081,0.0,-0.004638133162137342,-51.61966793262974,0.0,0.700000333332963,0.2475533402762038,-0.8408401891687581,0.2508380656052827,0.0,0.7159770249677646,0.0,-1.6264911179292514,-0.931311872584562,-0.07108682829348453,Asset Management,Financial Services,RAND
2018Q2,2018,Q2,2018-08-07,2018-06-30,-631294.0,78942.0,0.0,-0.900001,0.0,0.0,38870649.0,30766978.0,0.0,0.0,8103671.0,0.0,-1808243.0,17018764.776,20167256.776,43.80002619433348,0.0,0.2024373969161153,0.2557570977559122,0.0,43.80002619433348,-0.020518557266170242,215.5856803222619,-6.739635089197743,0.5531503541231771,0.0,0.0,0.0,0.0020308896823410384,0.0,-0.016240891681535856,-21.850163728920187,0.0,-0.24999965277826008,-3.386929613175355,-0.8947197446965425,0.25382756593279815,0.0,-0.21306347074342877,0.0,-5.4162538667446345,-0.843666103641695,-0.057449372558876735,Asset Management,Financial Services,RAND
2018Q1,2018,Q1,2018-05-02,2018-03-31,-520413.0,54165.0,0.0,-0.720001,0.0,0.0,39433555.0,31398272.0,0.0,0.0,8035283.0,0.0,-1770475.0,17006120.82,19368877.82,44.69873954006167,0.0,0.19937393420400468,0.25039667788087194,0.0,44.69873954006167,-0.0165745745498351,313.96881417889784,-8.169531132004773,0.5416260111384473,0.0,0.0,0.0,0.0013735763869121107,0.0,-0.013197212374080907,-22.295126885718293,0.0,-3.2358038028637237,-1.761223993074593,-0.8941983071374315,0.283155637665613,0.0,-3.3005848573664176,0.0,-3.9014656134632273,-0.9158918875587607,-0.033878728991511696,Asset Management,Financial Services,RAND
2017Q4,2017,Q4,2018-03-08,2017-12-31,226209.0,1141933.0,0.0,0.3220322816688068,0.0,0.0,40133913.0,31918685.0,0.0,0.0,8215228.0,0.0,-1597146.0,19086683.7798,20679817.7798,45.43960213085209,0.0,0.1957240750484509,0.24609951819756987,0.0,45.43960213085209,0.007087040083261576,16.71436395988206,21.09408089399626,0.5979783872612546,0.0,0.0,0.0,0.028453069103927146,0.0,0.005636355468254491,-171.81434507286951,0.0,2.5781364629867425,-0.06504625744133143,-0.43030882907352,0.29445313790642413,0.0,2.9048005385717492,0.0,-0.9429308175202413,-0.827777582171373,-0.012415247257586536,Asset Management,Financial Services,RAND
2017Q3,2017,Q3,2017-11-06,2017-09-30,57931.0,430451.0,0.0,0.09,0.0,0.0,39830404.0,31692476.0,0.0,0.0,8137928.0,0.0,-1876712.0,18713054.177558,20188249.177558,45.117569849183276,0.0,0.1970435198196835,0.24763994457233318,0.0,45.117569849183276,0.0018279101954672143,43.473134404515264,80.75578782326387,0.5904573116205247,0.0,0.0,0.0,0.010807096006357354,0.0,0.0014544416873100258,-85.89249436606906,0.0,1.0999998888890123,1.0446512480351327,-0.6759809753806383,0.3163741118035873,0.0,1.091181530431881,0.0,-0.7372390411894374,-0.07361368549859829,0.12483903021609317,Asset Management,Financial Services,RAND
2017Q2,2017,Q2,2017-08-07,2017-06-30,-635337.0,55705.0,0.0,-0.900001,0.0,0.0,39819487.0,31634545.0,0.0,0.0,8184942.0,0.0,-1851733.0,17638318.62,18888797.62,45.03509898326125,0.0,0.19692551538898528,0.24787690165924625,0.0,45.03509898326125,-0.020083645900391488,316.63797899649944,-6.940536526284476,0.5575651118105224,0.0,0.0,0.0,0.0013989381631159638,0.0,-0.015955429059143832,-4.30371052786967,0.0,-0.6666654321010519,-1.2380252132269893,-0.8566896243091643,0.24153011319210774,0.0,-0.767372962687875,0.0,-2.2397104534489802,-0.9478922053049375,0.12896062792790752,Asset Management,Financial Services,RAND
2017Q1,2017,Q1,2017-04-27,2017-03-31,-359481.0,64885.0,0.0,-0.540001,0.0,0.0,40804200.0,32269882.0,0.0,0.0,8534318.0,0.0,-1693112.0,19218813.12,16364044.120000001,45.93956796433015,0.0,0.19200530827708912,0.24278437088800014,0.0,45.93956796433015,-0.0111398300123936,296.1980907759883,-13.365666836355746,0.5955650262371582,0.0,0.0,0.0,0.0015901549350311977,0.0,-0.008809901921860985,-12.081620168625076,0.0,-0.7579720279462947,-2.890945055973371,-0.657426657233215,0.4146577498879542,0.0,-0.6660301894137767,0.0,-1.1495578784108338,0.0042835789788996164,0.1730894562612691,Asset Management,Financial Services,RAND
2016Q4,2016,Q4,2017-03-08,2016-12-31,-215771.0,198785.0,0.0,-0.30717269183790263,0.0,0.0,42418530.0,32629363.0,0.0,0.0,9789167.0,0.0,-1577848.0,19977450.48,15525083.48,46.451326942295594,0.0,0.18453664000143333,0.23989965725043422,0.0,46.451326942295594,-0.006612786158283261,100.49777639157884,-23.14658883723948,0.6122537690974844,0.0,0.0,0.0,0.004686277435828163,0.0,-0.005086715640546714,34.92707819908528,0.0,0.6207749227002156,-1.4123716672853845,-0.2898945837106652,0.4424380070268022,0.0,0.6223157710484859,0.0,-1.0719951060087896,-0.9596420441920375,0.1789865645832466,Asset Management,Financial Services,RAND
2016Q3,2016,Q3,2016-11-02,2016-09-30,-571300.0,72021.0,0.0,-0.810001,0.0,0.0,43293415.0,32845134.0,0.0,0.0,10448281.0,0.0,-1375832.0,23009507.433,19122266.433,46.73401630597174,0.0,0.18064925116209937,0.2381151192745933,0.0,46.73401630597174,-0.017393748492546872,319.4833094930645,-10.068925010064765,0.700545396861526,0.0,0.0,0.0,0.0016635555314820972,0.0,-0.013196002209573903,-8.693018587061443,0.0,-2.0000037037037033,-1.6334699530915144,-0.6971348886441214,0.4855790718630216,0.0,-1.8840134886820266,0.0,-1.396223633884551,-0.765497653376402,0.3424502017235433,Asset Management,Financial Services,RAND
2016Q2,2016,Q2,2016-08-02,2016-06-30,-198092.0,55520.0,0.0,-0.27,0.0,0.0,44573181.0,33438048.0,0.0,0.0,11135133.0,0.0,-1261104.0,23858558.1,17295958.1,47.553291522675885,0.0,0.1753088477127087,0.2336880729401429,0.0,47.553291522675885,-0.005924149639356938,429.7290724063401,-30.110451330694833,0.7135152775664416,0.0,0.0,0.0,0.0012455920523150458,0.0,-0.004444197061008502,-6.685106861699028,0.0,0.24999999999999992,-7.400250917693071,-0.40269194125848357,0.575904678716449,0.0,0.08931592497241633,0.0,-1.7482126122988155,-0.9260329328721104,0.3612692261285251,Asset Management,Financial Services,RAND
2016Q1,2016,Q1,2016-05-04,2016-03-31,-217520.0,95916.0,0.0,-0.36,0.0,0.0,45971058.0,33636140.0,0.0,0.0,12334918.0,0.0,-1106558.0,28725197.669999998,18586835.669999998,47.83500433750018,0.0,0.16982909116427122,0.23210817293542005,0.0,47.83500433750018,-0.006466853806649633,299.4828565619917,-33.01443277629643,0.8539980410950839,0.0,0.0,0.0,0.00208644317039647,0.0,-0.004731672697200051,2.373828293028802,0.0,-1.2840842215832957,-0.05736454840884395,1.0264797954974711,0.5875563048072868,0.0,-1.2441088210010796,0.0,-0.1529297167361554,-0.8128391257547124,0.3731876139015109,Asset Management,Financial Services,RAND
2015Q4,2015,Q4,2016-03-10,2015-12-31,891078.0,1819948.0,0.0,1.2672298306241734,0.0,0.0,44761687.0,33853660.0,0.0,0.0,10908027.0,0.0,-24580.0,23858558.1,26013763.1,48.14434631739124,0.0,0.17872427372989763,0.23631122897790077,0.0,48.14434631739124,0.026321467161896234,13.10947241349753,6.6937344710564055,0.7047556482814562,0.0,0.0,0.0,0.04065861056577247,0.0,0.019907158548336214,204.27722162763817,0.0,1.8160662902759408,0.08541766556486816,21.94100428792831,0.5824579041898649,0.0,2.11025246337658,0.0,2.6791382114994424,-0.0929985493342211,0.3715040898363615,Asset Management,Financial Services,RAND
2015Q3,2015,Q3,2015-11-03,2015-09-30,286497.0,712010.0,0.0,0.45,0.0,0.0,43161106.0,32962582.0,0.0,0.0,10198524.0,0.0,-273212.0,24250926.96,27487295.96,46.87711648676707,0.0,0.18535206210888108,0.2426994341644717,0.0,46.87711648676707,0.008691582473727331,34.05981230600694,21.161588917161435,0.7357107813944914,0.0,0.0,0.0,0.01649656521776805,0.0,0.006637851217251013,100.59244386741386,0.0,1.5000000000000002,2.42501807450693,8.102896374098698,0.6022928517644535,0.0,1.0021314362386091,0.0,1.2205935412635,-0.4645942641616452,0.36771157634276586,Asset Management,Financial Services,RAND
2015Q2,2015,Q2,2015-08-04,2015-06-30,143096.0,505481.0,0.0,0.18,0.0,0.0,42952570.0,32676085.0,0.0,0.0,10276485.0,0.0,-506475.0,24934407.49683,26414237.49683,46.46968016269181,0.0,0.18625195186225177,0.24482737145530134,0.0,46.46968016269181,0.004379227193220975,49.328080574403394,43.562376825400435,0.7630781807805311,0.0,0.0,0.0,0.011768352859910361,0.0,0.0033314886629600975,94.56098350625365,0.0,-0.3333333333333334,2.0726615982163774,9.70712943790136,0.572993789212108,0.0,-0.20302091919709492,0.0,-0.9464454411916499,0.29908757476855774,0.28107872692433655,Asset Management,Financial Services,RAND
2015Q1,2015,Q1,2015-05-05,2015-03-31,179548.0,644660.0,0.0,0.27,0.0,0.0,42793331.0,32532989.0,0.0,0.0,10260342.0,0.0,-738187.0,24997693.499999996,25048894.499999996,46.266178875663066,0.0,0.18694501720373205,0.24590424199879082,0.0,46.266178875663066,0.0055189518552998616,38.776554307697076,34.80642154187181,0.76837985897945,0.0,0.0,0.0,0.015064496848819739,0.0,0.0041957004936119605,-8.3244897449474,0.0,-0.9521517557504318,1.2848093310552648,30.733478625258503,0.556112136619949,0.0,-0.9547495939893283,0.0,-0.05651787242499637,2.4000876859622378,0.42471536856808256,Asset Management,Financial Services,RAND
2014Q4,2014,Q4,2014-12-31,2014-12-31,3967876.0,6637443.0,0.0,5.642840280444274,0.0,0.0,45525987.0,32353441.0,0.0,0.0,13172546.0,0.0,-867482.0,25883687.700000003,20652970.700000003,46.01083806191959,0.0,0.17572381242388002,0.24726890719290107,0.0,46.01083806191959,0.12264154529961743,3.8996474545996107,1.6308276581727859,0.8000288964626668,0.0,0.0,0.0,0.14579459858827443,0.0,0.08715628724315191,-192.2750872840185,0.0,19.899408446089904,46.40653463046664,1.260248829589297,0.5022260755503261,0.0,16.757968510843977,0.0,6.57537214896655,22.685914466217945,0.42875964852659554,Asset Management,Financial Services,RAND
2014Q3,2014,Q3,2014-11-04,2014-09-30,223442.0,470919.0,0.0,0.27,0.0,0.0,37773720.0,28554885.0,0.0,0.0,9218835.0,0.0,-310438.0,19793732.066999998,22146059.066999998,40.11024567712211,0.0,0.18531402255324603,0.24514194331372724,0.0,40.11024567712211,0.007825000871129405,42.03213730386754,22.146387056820114,0.6931819920479455,0.0,0.0,0.0,0.012466842026678866,0.0,0.0059152765467631995,126.94637105091006,0.0,-0.6250005208326099,5.285064529692535,-0.9832305872319544,0.15030945834502185,0.0,-0.5701186665024934,0.0,-0.755409578770139,0.9550107614392427,0.2750229116859089,Asset Management,Financial Services,RAND
2014Q2,2014,Q2,2014-08-01,2014-06-30,519776.0,1084236.0,0.0,0.720001,0.0,0.0,37748792.0,28419415.0,0.0,0.0,9329377.0,0.0,-553974.0,19940943.689999998,22850000.689999998,39.89076135092381,0.0,0.18543639754088026,0.24631048879788695,0.0,39.89076135092381,0.018289468660772926,18.39170041393202,9.591123719640768,0.7016662267678627,0.0,0.0,0.0,0.028722402560590547,0.0,0.013769341281172654,32.2373743303059,0.0,3.6666703703703702,1.7051859304526598,-0.9630899364945328,0.2966863696387049,0.0,4.064482085689186,0.0,15.575392131083673,10.51304666461324,0.32197026614877505,Asset Management,Financial Services,RAND
2014Q1,2014,Q1,2014-05-02,2014-03-31,-169613.0,65527.0,0.0,-0.27,0.0,0.0,37196646.0,27899639.0,0.0,0.0,9297007.0,0.0,-801169.0,22377457.71,22011597.71,39.16118052134171,0.0,0.1881890103747526,0.2508993037508478,0.0,39.16118052134171,-0.0060793976581560785,341.4998048132831,-32.983111126505634,0.8020697941647202,0.0,0.0,0.0,0.0017616373261180591,0.0,-0.004559900373813273,-11.164641141736704,0.0,-1.0632825740662881,-6.122854579652348,-0.7751240490881632,0.23155300998371858,0.0,-1.0558003212220386,0.0,0.18622899552386188,0.36643516318153363,0.29968795657898195,Asset Management,Financial Services,RAND
2013Q4,2013,Q4,2014-03-18,2013-12-31,3039642.0,4995590.0,0.0,4.266577394863503,0.0,0.0,39750370.0,28069332.0,0.0,0.0,11681038.0,0.0,-889317.0,19684467.817569003,16919657.817569003,39.3993692020701,0.0,0.1760989897704097,0.24938249332046805,0.0,39.3993692020701,0.10829050010880202,3.9403689689444095,1.6189791279342272,0.7012802377188385,0.0,0.0,0.0,0.12567405032959442,0.0,0.07646826935195823,74.54430674976143,0.0,12.851603874620842,2.1703900674886945,6.182034808181382,0.23774260402111785,0.0,13.442658785387978,0.0,2.654442441276476,61.15237937580368,0.29501899979870677,Asset Management,Financial Services,RAND
2013Q3,2013,Q3,2013-11-01,2013-09-30,-244292.0,314691.0,0.0,-0.36,0.0,0.0,32681010.0,25069474.0,0.0,0.0,7611536.0,0.0,-357043.0,19119424.95,20672920.95,34.812476653488474,0.0,0.1682934523749419,0.21939032306780748,0.0,34.812476653488474,-0.009744600145978333,60.756186068238364,-19.566159503790548,0.7626576030274907,0.0,0.0,0.0,0.009629169967513245,0.0,-0.00747504437592351,133.34885129621492,0.0,-2.0,0.36035227536075365,-0.004728347998940481,0.141970002312018,0.0,-1.888102024197301,0.0,-0.1864776792217345,2.9285099845751135,0.18991496650284717,Asset Management,Financial Services,RAND
2013Q2,2013,Q2,2013-08-01,2013-06-30,275072.0,779858.0,0.0,0.36,0.0,0.0,31852668.0,25521216.0,0.0,0.0,6331452.0,0.0,-500571.0,19725525.0,19955483.0,34.93305410122164,0.0,0.12557817762706722,0.1567323437880076,0.0,34.93305410122164,0.010778169817613707,25.293739373065353,17.927601682468588,0.7729069414247346,0.0,0.0,0.0,0.024483286611972348,0.0,0.008635760119058158,-42.32736367089178,0.0,2.333333333333333,15.073576324208775,0.9000031654127619,0.12627328458388934,0.0,2.3958440108593613,0.0,2.9846190288492362,14.899346549028127,0.18248020961307151,Asset Management,Financial Services,RAND
2013Q1,2013,Q1,2013-05-07,2013-03-31,-197065.0,535290.0,0.0,-0.27,0.0,0.0,32458271.0,25585235.0,0.0,0.0,6873036.0,0.0,-735855.0,20095071.84,19280868.84,34.835010054883185,0.0,0.12323515322180902,0.15634017041469425,0.0,34.835010054883185,-0.0077022939206929306,37.54053287003307,-25.492948823992087,0.785416738990281,0.0,0.0,0.0,0.016491636292025536,0.0,-0.006071333867413948,-43.959879157250896,0.0,-1.7838888361833833,-0.8531902897372707,0.2219354539449354,0.12214435005752565,0.0,-1.778980780937473,0.0,0.7007253006192491,24.226845772986547,0.17163732218646086,Asset Management,Financial Services,RAND
2012Q4,2012,Q4,2013-03-22,2012-12-31,252978.0,2095869.0,0.0,0.34443659296716406,0.0,0.0,34252413.0,25782300.0,0.0,0.0,8470113.0,0.0,-1043795.0,15467917.139999999,16143154.139999999,35.103319541056194,0.0,0.14305561479712392,0.19005286572571106,0.0,35.103319541056194,0.009812080380726312,7.380192721968786,15.285832305575976,0.599943261074458,0.0,0.0,0.0,0.0611889445569864,0.0,0.007385698636764656,15.836479528056456,0.0,1.1822413907324776,-0.2913031252618063,14.113426464864034,9.130725922040435,0.0,1.181050844643435,0.0,3.771595740670535,1.0786754033699486,0.14610218318526905,Asset Management,Financial Services,RAND
2012Q3,2012,Q3,2012-11-02,2012-09-30,-1397276.0,1430731.0,0.0,-1.890002,0.0,0.0,33435710.0,25928752.0,0.0,0.0,7506958.0,0.0,-961936.0,18315131.310000002,18172150.310000002,34.2741242361314,0.0,0.1166417581681382,0.15041217564192833,0.0,34.2741242361314,-0.0538890572133977,12.801240282065603,-3.276935142019186,0.7063637814114617,0.0,0.0,0.0,0.042790507514271416,0.0,-0.041789930586190634,14.565562303020377,0.0,-1.5,-29.185261096194047,28.23728523695213,10.505163769405609,0.0,-1.4853312678120816,0.0,-37.98596690307185,-0.9520554248047872,-0.017062882070507376,Asset Management,Financial Services,RAND
2012Q2,2012,Q2,2012-08-03,2012-06-30,2879015.0,419256.0,0.0,3.780004,0.0,0.0,34426215.0,27483186.0,0.0,0.0,6943029.0,0.0,-1788863.0,18070143.3,18446491.3,36.273867628930205,0.0,0.06971431509388994,0.08732612005027365,0.0,36.273867628930205,0.10475550396522441,43.10050017173278,1.5691254908362757,0.6574981263089367,0.0,0.0,0.0,0.012178393703751633,0.0,0.08362856619584813,46.36520533182804,0.0,13.000014814814813,134.84597041145213,7.329491809316548,10.931369915898834,0.0,13.040551085101194,0.0,4.672830948264354,-0.9865794643126625,0.17911586882818833,Asset Management,Financial Services,RAND
2012Q1,2012,Q1,2012-03-31,2012-03-31,205050.0,204293.0,0.0,0.27,0.0,0.0,28255509.0,24604171.0,0.0,0.0,3651338.0,0.0,-1778166.0,21479604.3,20663337.3,32.47398034469378,0.0,0.03185219561962235,0.03657916375235727,0.0,32.47398034469378,0.008333952808245398,105.14116636399682,26.188252011704463,0.8730066255839305,0.0,0.0,0.0,0.00723020066635501,0.0,0.007256991902003959,49.39168534985272,0.0,-0.6375317431348715,10.908011266296931,2.2131800671719075,9.780682969915752,0.0,-0.6366770971022762,0.0,9.09700320487895,-0.34075657205537957,0.021251854699948947,Asset Management,Financial Services,RAND
2011Q4,2011,Q4,2012-03-15,2011-12-31,564374.0,301942.0,0.0,0.7448928144360648,0.0,0.0,31331957.0,24399121.0,0.0,0.0,6932836.0,0.0,-1729856.0,21138658.2,20620673.2,32.20334372500521,0.0,0.12766518222912154,0.1639403321127839,0.0,32.20334372500521,0.023130915248955074,70.0090023911877,9.36376330234915,0.8663696614316557,0.0,0.0,0.0,0.009636870113156353,0.0,0.01801272738884456,17.11495046146098,0.0,-0.40881569583193594,-0.44303439234323,3.469677275364398,9.977540292433241,0.0,-0.4195116432156669,0.0,-0.44648823596287956,-0.5918180079311893,0.011677377775906246,Asset Management,Financial Services,RAND
2011Q3,2011,Q3,2011-11-07,2011-09-30,972240.0,256357.0,0.0,1.260001,0.0,0.0,30206268.0,23834747.0,0.0,0.0,6371521.0,0.0,0.0,19092981.599999998,18588563.599999998,31.458450910569148,0.0,0.1324228468078215,0.16782221351038465,0.0,31.458450910569148,0.040790867215834095,74.47809734081768,4.9095340656627995,0.8010566086562614,0.0,0.0,0.0,0.008486880934778172,0.0,0.032186697145109085,-89.12916155113739,0.0,27.626040890521452,90.75005081448357,3.7204580173215422,18.708909004211996,0.0,28.153497856007675,0.0,3.419592259523653,-0.22938123550339626,0.03194632248249528,Asset Management,Financial Services,RAND
2011Q2,2011,Q2,2011-08-08,2011-06-30,33349.0,100153.0,0.0,0.04401590163371864,0.0,0.0,34735464.0,22862507.0,0.0,0.0,11872957.0,0.0,0.0,19774873.8,18983824.8,30.175233416660287,0.0,0.2878902092685447,0.43739735104291055,0.0,30.175233416660287,0.0014586764259930025,197.44664463371043,148.24187981648626,0.8649477417327855,0.0,0.0,0.0,0.0028833068128872553,0.0,0.0009600850588896697,73.25438158460148,0.0,1.1630218579026617,0.04904565560362762,2.600538702661296,18.072081231303518,0.0,1.150451141387711,0.0,2.645252262971979,-0.7647149412726981,-0.027123160923996883,Asset Management,Financial Services,RAND
2011Q1,2011,Q1,2011-05-09,2011-03-31,-221660.0,50999.0,0.0,-0.27,0.0,0.0,34152278.0,22829158.0,0.0,0.0,11323120.0,0.0,0.0,20115819.142342,19045923.142342,30.13121751502657,0.0,0.29280623681969326,0.4380363042736837,0.0,30.13121751502657,-0.009709512720530472,394.43556035102654,-22.687696407044573,0.881145907454931,0.0,0.0,0.0,0.0014932825271567537,0.0,-0.00649034304534532,-30.98626607568259,0.0,-1.2312625244610653,-9.80757892291634,0.9251052585731292,18.563060634046764,0.0,-1.2505853132994713,0.0,-1.0206826103827735,-0.8871449355972955,-0.029379482263083068,Asset Management,Financial Services,RAND
2010Q4,2010,Q4,2010-12-31,2010-12-31,884569.0,85479.0,0.0,1.1675043357293133,0.0,0.0,35091260.0,23050818.0,0.0,0.0,12040442.0,0.0,-7674968.0,22025118.06,20326465.06,30.42377695477379,0.0,0.2849712435518132,0.43382408381342474,0.0,30.42377695477379,0.038374733599475734,257.66700663320813,6.224816283410338,0.9555026663262015,0.0,0.0,0.0,0.002435905692756544,0.0,0.025207672793738384,-17.681654897691804,0.0,5.32409013233079,23.26041600123891,1.8057851500510669,19.188399556996064,0.0,5.083373725343563,0.0,1.402203165601321,-0.40247168100764313,7.780222208945816,Asset Management,Financial Services,RAND
2010Q3,2010,Q3,2010-11-05,2010-09-30,-216627.0,84279.0,0.0,-0.27,0.0,0.0,33906478.0,22166249.0,0.0,0.0,11740229.0,0.0,-7122085.0,23047956.360000003,22922589.360000003,29.256272619044477,0.0,0.2949288923491257,0.4511363199068999,0.0,29.256272619044477,-0.0097728307572472,273.47211476168445,-26.598665401819716,1.0397770213625228,0.0,0.0,0.0,0.002485631211829197,0.0,-0.006388956116291406,-151.8340702385423,0.0,-0.5000000000000001,-39.8860739278144,2.7427711059452093,17.760748809521797,0.0,-0.5070752748017253,0.0,-3.672694163178788,0.719651589218069,8.820767569303662,Asset Management,Financial Services,RAND
2010Q2,2010,Q2,2010-08-10,2010-06-30,-143740.0,50868.0,0.0,-0.18,0.0,0.0,34212202.0,22382876.0,0.0,0.0,11829326.0,0.0,-5271365.0,22161496.5,26308674.5,29.542189219938283,0.0,0.2922933753284866,0.44677011122252563,0.0,29.542189219938283,-0.006421873578712584,435.66675513092713,-38.54441439404481,0.9901094256162613,0.0,0.0,0.0,0.0014868379416209457,0.0,-0.004201424976971666,-101.33888388427296,0.0,0.8000002222219754,-5.383392289521285,1.133511425999593,17.859522582371316,0.0,0.7883889203771723,0.0,-7.782354307616365,0.010610675473491584,8.717154821049279,Asset Management,Financial Services,RAND
2010Q1,2010,Q1,2010-05-13,2010-03-31,-679265.0,21889.0,0.0,-0.900001,0.0,0.0,34215421.0,22526616.0,0.0,0.0,11688805.0,0.0,-5121114.0,25366389.839999996,27806213.839999996,29.731905424347133,0.0,0.2922658762550372,0.4439193174864791,0.0,29.731905424347133,-0.030153885519245322,1158.8647192653843,-9.335969702546134,1.1260630464868757,0.0,0.0,0.0,0.0006397407765346509,0.0,-0.019852598043437784,-14.786199044618472,0.0,-6.242084578501864,-47.61968856660921,0.03282978599843201,17.62721785621748,0.0,-6.214174198413288,0.0,-40.44742878713087,-0.6557234046671894,8.870371388697945,Asset Management,Financial Services,RAND
2009Q4,2009,Q4,2010-03-18,2009-12-31,-94157.0,-27480517.0,0.0,-0.12427374884182574,0.0,0.0,35631371.0,23205881.0,0.0,0.0,12425490.0,0.0,-4961725.0,27139309.56,26822073.56,30.628437896781925,0.0,0.2553929232753912,0.39214197470029255,0.0,30.628437896781925,-0.004057462847456643,-0.9875836600890733,-72.0586614909141,1.1695013673473549,0.0,0.0,0.0,-0.7712450076647346,0.0,-0.0026425309315209903,62.86467665794167,0.0,-2.3808194315758415,-34.54229216876216,-1092.928278986033,18.401402521549567,0.0,-3.819578367371384,0.0,-1.0929210252778097,-407.7968098183261,9.440683240142587,Asset Management,Financial Services,RAND
2009Q3,2009,Q3,2009-11-06,2009-09-30,33394.0,26377992.0,0.0,0.09,0.0,0.0,34960088.0,23317345.0,0.0,0.0,11642743.0,0.0,-3860471.0,23772676.049999997,27551850.049999997,34.86909143112645,0.0,0.23169278063602128,0.3473808874895491,0.0,34.86909143112645,0.0014321527601019756,0.9012314527201312,177.97116285859735,1.0195275684259937,0.0,0.0,0.0,0.7545173227252746,0.0,0.0009552035452542339,-88.31024368951874,0.0,1.090908999081819,1.6966941240539544,1127.15636530579,21.038806959783788,0.0,1.0507956885877783,0.0,2.5705573857765165,549.3201781979463,20.845695836368375,Asset Management,Financial Services,RAND
2009Q2,2009,Q2,2009-08-05,2009-06-30,-657418.0,26200407.0,0.0,-0.990001,0.0,0.0,30896841.0,19548309.0,0.0,0.0,11348532.0,0.0,-3833786.0,20073423.24,26297479.24,30.763615848016165,0.0,0.26216272401440655,0.41435809102465077,0.0,30.763615848016165,-0.033630428084598006,0.7661492907343004,-7.633432321597522,1.026862386920526,0.0,0.0,0.0,0.8479963048649537,0.0,-0.021277838727913962,149.66875118365033,0.0,-28.61920407909977,-37.986720141760934,1240.3054148316232,17.60125609414931,0.0,-29.95334055275672,0.0,-25.657813427840622,1122.0858515143257,18.443964933773753,Asset Management,Financial Services,RAND
2009Q1,2009,Q1,2009-05-13,2009-03-31,-21239.0,259900.0,0.0,-0.033424294500154224,0.0,0.0,31883347.0,20205727.0,0.0,0.0,11677620.0,0.0,-3765147.0,22761317.52,28893654.52,31.798209418415073,0.0,0.2540511195389869,0.4008764445842508,0.0,31.798209418415073,-0.0010511376304351732,87.57721246633321,-267.9188935448938,1.1264785236383723,0.0,0.0,0.0,0.008151590860269469,0.0,-0.0006661471268998202,-31.412728484699603,0.0,-1.0248367816844668,-4.186449409014703,11.313368922656005,18.557608373476796,0.0,-1.0248367816844668,0.0,-2.0062471817941168,10.697700476523206,19.645375468028856,Asset Management,Financial Services,RAND
2008Q4,2008,Q4,2009-03-26,2008-12-31,855143.0,620395.0,0.0,1.3457578733342146,0.0,0.0,32228797.0,20226966.0,0.0,0.0,12001831.0,0.0,-3743908.0,20016234.0,25358581.0,31.831633712915227,0.0,0.25132802816065397,0.4004555107276099,,31.831633712915227,0.042277373680264255,32.26369329217676,5.851721291058922,0.9895816307794258,0.0,0.0,0.0,0.019249710127250484,0.0,0.026533506664862483,214.65130294906166,0.0,3.4921395948048515,193.10693641845913,68.68552792885514,18.670847240340468,0.0,3.5375163204747775,0.0,26.65911678490569,23.28089361169886,20.122615410426345,Asset Management,Financial Services,RAND
2008Q3,2008,Q3,2008-11-12,2008-09-30,-337000.0,279000.0,0.0,-0.540001,0.0,0.0,30534000.0,19371000.0,0.0,0.0,11163000.0,0.0,0.0,22818506.759999998,27332506.759999998,30.484580665873512,0.0,0.0,0.0,0.0,30.484580665873512,-0.017397140054720976,81.78676258064516,-16.927675637982194,1.1779725754994579,0.0,0.0,0.0,0.009137355079583416,0.0,-0.011036876924084628,-97.10002876595743,0.0,-19.184475025647057,-15.882633866090897,15.772420826015523,17.82291457063095,0.0,-18.823529411764707,0.0,-74.83926626757062,13.773367281307173,18.548408229685705,Asset Management,Financial Services,RAND
2008Q2,2008,Q2,2008-08-08,2008-06-30,-17000.0,357000.0,0.0,-0.02675328435908573,0.0,0.0,31519000.0,19709000.0,0.0,0.0,11810000.0,0.0,0.0,18587074.8924,22961074.8924,31.01649890783651,0.0,0.0,0.0,0.0,31.01649890783651,-0.0008625501040133949,52.064635552941176,-273.3393366529412,0.9430754930437871,0.0,0.0,0.0,0.011326501475300612,0.0,-0.000539357213109553,29.50329348,0.0,0.8513706424495238,-2.8257196633492594,28.21458652012161,17.754162130319752,0.0,0.8152173913043478,0.0,0.09983066744723312,16.853358428963208,18.800711356342056,Asset Management,Financial Services,RAND
2008Q1,2008,Q1,2008-05-13,2008-03-31,-92000.0,379000.0,0.0,-0.18,0.0,0.0,31764000.0,19726000.0,0.0,0.0,12038000.0,0.0,3848000.0,26192672.555436004,31086672.555436004,31.043252192195595,0.0,0.2550056667925954,0.4106255703132921,0.0,31.043252192195595,-0.004663895366521342,69.10995397212666,-71.17574063977175,1.327824827914225,0.0,0.0,0.0,0.011931746631406623,0.0,-0.0028963606598665158,-21.575512813373972,0.0,-1.3703627497376598,-8.217817897212832,30.069147082404122,17.723982638029554,-1.0,-1.033093525179856,-1.0,-8.528688963168594,20.322761064843665,18.448784505953867,Asset Management,Financial Services,RAND
2007Q4,2007,Q4,2007-12-31,2007-12-31,2780000.0,1080000.0,610000.0,0.48601,950000.0,0.8796296296296297,32720000.0,19820000.0,0.0,4800000.0,12900000.0,0.0,-3940000.0,185328011.44,189028011.44,3.465034965034965,0.0,0.24755501222493886,0.40867810292633705,0.013867082728212373,3.465034965034965,0.14026236125126135,171.60001059259258,16.666188079136692,9.350555572149345,0.0,0.0,0.0,0.03300733496332518,1.0520833333333333,0.08496332518337409,223.2867607710843,0.8796296296296297,8.942637685896388,138.72902097902096,12.570804195804195,1.0754115675990676,2.9583333333333335,8.942857142857143,0.0,140.0,4.6842105263157885,1.1949058693244738,Asset Management,Financial Services,RAND
2007Q3,2007,Q3,2007-11-06,2007-09-30,-350000.0,370000.0,0.0,-0.06119,240000.0,0.6486486486486487,28350000.0,17040000.0,0.0,3210000.0,11310000.0,0.0,-4530000.0,230115599.99999997,234085599.99999997,2.979020979020979,0.0,0.2857142857142857,0.4753521126760563,0.0,2.979020979020979,-0.020539906103286387,621.934054054054,-164.3682857142857,13.504436619718309,0.0,0.0,0.0,0.013051146384479718,1.5358255451713396,-0.012345679012345678,-742.3083870967739,0.6486486486486487,-3.187701108330354,0.16083916083916086,5.209790209790211,0.7855526367493071,-0.04,-3.1875,1.0,0.14634146341463414,0.85,0.8828729281767957,Asset Management,Financial Services,RAND
2007Q2,2007,Q2,2007-08-13,2007-06-30,160000.0,380000.0,-60000.0,0.02797,250000.0,0.6578947368421053,28860000.0,17390000.0,0.0,3370000.0,11470000.0,0.0,-4110000.0,179145252.0,182885252.0,3.0402097902097904,0.0,0.2806652806652807,0.4657849338700403,0.0075323656335817965,3.0402097902097904,0.009200690051753882,471.4348736842105,279.91445625,10.301624611845888,0.0,0.0,0.0,0.013167013167013167,1.4777448071216617,0.005544005544005544,2239.315649999998,0.6578947368421053,0.23053233611966556,3.301698301698302,5.377622377622378,0.7441841027498399,-0.2857142857142857,0.23076923076923078,-1.6,0.0,1.0,0.838266384778013,Asset Management,Financial Services,RAND
2007Q1,2007,Q1,2007-05-15,2007-03-31,130000.0,480000.0,100000.0,0.02273,350000.0,0.7291666666666666,28890000.0,17230000.0,0.0,3560000.0,11660000.0,0.0,-6160000.0,188416800.0,192296800.0,3.012237762237762,0.0,0.2803738317757009,0.4701102727800348,0.0039478878799842085,3.012237762237762,0.0075449796865931515,392.535,362.34,10.93539175856065,0.0,0.0,0.0,0.016614745586708203,1.3258426966292134,0.004499826929733472,-179.44457142857144,0.7291666666666666,-0.9830044638517733,1.6181818181818182,5.905094905094906,0.7161710692867963,-0.07894736842105263,-0.9830065359477124,9.0,1.1666666666666667,1.5263157894736843,0.8526881720430107,Asset Management,Financial Services,RAND
