Quarters,Year,Quarter,FillingDate,Date,NetIncome,Revenue,OperatingIncome,EPSDiluted,GrossProfit,GrossProfitRatio,TotalAssets,CommonStockEquity,CurrentAssets,CurrentLiability,TotalLiability,Inventory,RetainedEarnings,MarketCap,EnterpriseValue,bookValuePerShare,currentRatio,debtToAssets,debtToEquity,roic,shareholdersEquityPerShare,roe,priceToSalesRatio,peRatio,pbRatio,payoutRatio,inventoryTurnover,dividendYield,assetTurnover,quickRatio,returnOnAssets,priceToFreeCashFlowsRatio,grossProfitMargin,epsdilutedGrowth,fiveYNetIncomeGrowthPerShare,fiveYRevenueGrowthPerShare,fiveYShareholdersEquityGrowthPerShare,grossProfitGrowth,netIncomeGrowth,operatingIncomeGrowth,threeYNetIncomeGrowthPerShare,threeYRevenueGrowthPerShare,threeYShareholdersEquityGrowthPerShare,Industry,Sector,Symbol
2023Q1,2023,Q1,2023-05-09,2023-03-31,762000.0,23226000.0,8156000.0,0.0552,21924000.0,0.9439421338,604312000.0,222170000.0,106011000.0,319097000.0,382142000.0,0.0,-57930000.0,662859580.0,1015094580.0,16.12498185513137,0.33222186357126515,0.5963062126848383,1.6219786649862717,0.0023450084466736577,16.12498185513137,0.0034298060044110367,28.539549642641866,217.4736154855643,2.9835692487734615,12.927821522309712,0.0,0.01486136777264349,0.03843378916850898,0.33222186357126515,0.0012609380584863447,65.83825784664283,0.9439421338155516,1.250909090909091,-0.9210035749245381,0.24736264887434564,0.04658727970198214,-0.039179595056534317,1.2458857696030978,-0.09155713967476052,-0.8331846362544325,0.2055604364678005,0.2844627160872448,REIT—Healthcare Facilities,Real Estate,UHT
2022Q4,2022,Q4,2023-02-27,2022-12-31,-3099000.0,24128000.0,8978000.0,-0.22,22818000.0,0.9457062334,607540000.0,229101000.0,105050000.0,311346000.0,378439000.0,0.0,-52520000.0,657576210.0,1004244210.0,16.62923713435436,0.3374059727762682,0.5831418507423379,1.546400932339885,-0.008306450569911002,16.62923713435436,-0.01352678512970262,27.253655918435012,-53.047451597289445,2.8702459177393376,-3.1787673443046143,0.0,0.014980773103090213,0.03971425749744873,0.3374059727762682,-0.005100898706258024,25.38022347446833,0.9457062334217506,-2.692307692307692,-1.5087860575242704,0.3155796700276687,0.08323296590918727,0.09417857485374509,-2.739057239057239,0.17099256554062867,-1.52925273298714,0.2755817216430503,0.25688754595998264,REIT—Healthcare Facilities,Real Estate,UHT
2022Q3,2022,Q3,2022-11-08,2022-09-30,1782000.0,22151000.0,7667000.0,0.13,20854000.0,0.9414473387,609308000.0,233627000.0,105069000.0,304052000.0,375681000.0,0.0,-48282000.0,595260960.0,938976960.0,16.958986643437864,0.34556260113401654,0.5774058440066436,1.5058961507017596,0.00472128526764945,16.958986643437864,0.007627543049390695,26.872870750756174,83.5102356902357,2.5479116711681438,5.488776655443322,0.0,0.01643144882204269,0.03635435608920283,0.34556260113401654,0.002924629251544375,62.16175438596491,0.9414473387205995,-0.43478260869565216,-0.5550631533101046,0.20379076020518067,0.0829384739847597,-0.0024396077493422626,-0.4266409266409266,0.010810810810810811,-0.618161094224924,0.11170212447205802,0.2616475642389659,REIT—Healthcare Facilities,Real Estate,UHT
2022Q2,2022,Q2,2022-08-08,2022-06-30,3108000.0,22171000.0,7585000.0,0.23,20905000.0,0.9428983808,603813000.0,234646000.0,104559000.0,296909000.0,369167000.0,0.0,-43333000.0,732595280.0,1070701280.0,17.042852992446253,0.3521584054373562,0.5738614438576182,1.47671385832275,0.007623441754484229,17.042852992446253,0.013245484687571916,33.04295160344594,58.92819176319176,3.122129846662632,3.1663449163449164,0.0,0.01343306497961603,0.03671832173205943,0.3521584054373562,0.005147288978541369,55.41148778458513,0.9428983807676695,-0.11538461538461538,-0.23971288295155893,0.2054609680331899,0.1073733284687054,-0.00219559925540547,-0.1449793672627235,-0.005506752327258424,-0.2726069355167968,0.14404468201878,0.24110730659959181,REIT—Healthcare Facilities,Real Estate,UHT
2022Q1,2022,Q1,2022-05-06,2022-03-31,3635000.0,22175000.0,7627000.0,0.26,20951000.0,0.9448027057,602449000.0,236974000.0,104780000.0,287222000.0,365475000.0,0.0,-38753000.0,803404680.0,1137457680.0,17.216942749200815,0.364804924413868,0.5692299265166014,1.4471292209271904,0.0086733529137433,17.216942749200815,0.015339235527948214,36.230199774520855,55.25479229711141,3.3902650923730024,2.6696011004126547,0.0,0.012078595310149301,0.036808094959075374,0.364804924413868,0.006033705757665794,-422.6221357180431,0.9448027057497181,-0.9595645412130638,-0.8863694769704651,0.23259493023236769,0.09202108570669885,0.033290589859932926,-0.9589659648924762,-0.9194146547625337,-0.13924677365537577,0.1572311046379019,0.22066752085726055,REIT—Healthcare Facilities,Real Estate,UHT
2021Q4,2021,Q4,2022-02-24,2021-12-31,88585000.0,21410000.0,94645000.0,6.43,20276000.0,0.9470340962,598419000.0,235327000.0,116693000.0,284403000.0,363092000.0,0.0,-34439000.0,818485610.0,1136242610.0,17.098525030879895,0.4103086113718913,0.5685999274755648,1.44590718447097,0.15588049431559617,17.098525030879895,0.37643364339833507,38.22912704343764,2.309887706722357,3.478077781130087,0.10952192809166338,0.0,0.011853598745615089,0.03577760732864431,0.4103086113718913,0.14803173027594377,70.98132078744254,0.9470340962167212,15.487179487179487,18.658275156626953,0.20069151901687002,0.21384626167452478,0.009559848635729935,15.576534431137725,11.981072555205047,19.02113923347654,0.13997425127725405,0.18177057096263183,REIT—Healthcare Facilities,Real Estate,UHT
2021Q3,2021,Q3,2021-11-08,2021-09-30,5344000.0,21205000.0,7291000.0,0.39,20084000.0,0.9471351096439519,517681000.0,151811000.0,27805000.0,288490000.0,365870000.0,0.0,-116003000.0,760625740.0,1094366740.0,11.03117279465194,0.09638115705917016,0.6627401816949048,2.2599679865095417,0.014472299966255781,11.03117279465194,0.03520166522847488,35.870112709266685,35.58316523203593,5.0103466810705415,1.8027694610778444,0.0,0.012665887431051175,0.04096151877314408,0.07083087802003536,0.010322959505950576,70.44135395443601,0.9471351096439519,-0.18749999999999994,0.380666572319113,0.24497729091201134,-0.23340907691905985,0.015009854955273665,-0.1928711674973569,0.05163709793740084,0.2185689612563757,0.12330198984731401,-0.2554209250847408,REIT—Healthcare Facilities,Real Estate,UHT
2021Q2,2021,Q2,2021-08-06,2021-06-30,6621000.0,20876000.0,6933000.0,0.48,19787000.0,0.9478348342594367,504042000.0,155364000.0,28345000.0,270730000.0,348678000.0,0.0,-111698000.0,846497150.0,1161765150.0,11.296735257761943,0.10469840800797843,0.6447895215081283,2.091868129038902,0.01417026390660257,11.296735257761943,0.04261605005020468,40.54881921824104,31.96258684488748,5.448476802862953,1.4547651412173388,0.0,0.011378656147867715,0.04141718348867753,0.0773796771691353,0.013135810111062173,731.6310717372515,0.9478348342594367,0.17073170731707318,0.42595924923437206,0.23538176800106372,-0.24399127687132588,0.007638641340326934,0.18528464017185822,-0.04346026490066225,0.13783170822396082,0.03554813430700638,-0.25481413656188345,REIT—Healthcare Facilities,Real Estate,UHT
2021Q1,2021,Q1,2021-05-07,2021-03-31,5586000.0,20699000.0,7248000.0,0.41,19637000.0,0.9486931735832649,495794000.0,158667000.0,17203000.0,259371000.0,337127000.0,0.0,-108671000.0,931975000.0,1240764000.0,11.539418181818181,0.06632584213346905,0.6352638394171773,1.9850378465591458,0.015020703204333788,11.539418181818181,0.03520580839115884,45.0251219865694,41.710302542069456,5.873779676933452,1.7121374865735768,0.0,0.010262077845435768,0.041749194221793726,0.06632584213346905,0.01126677612072756,82.84222222222222,0.9486931735832649,0.13888888888888887,0.22087381128356745,0.23456895442779832,-0.19630780717539573,0.04613499547173832,0.1172,0.09173068233167646,-0.4197209647495362,0.11391271275787168,-0.25103740315779155,REIT—Healthcare Facilities,Real Estate,UHT
2020Q4,2020,Q4,2021-02-25,2020-12-31,5000000.0,19830000.0,6639000.0,0.36,18771000.0,0.9465960665658094,494009000.0,159005000.0,16445000.0,256353000.0,335004000.0,0.0,-104686000.0,883648230.0,1181915230.0,11.564841079351226,0.06414982465584565,0.6153916224198345,1.9119461652149303,0.014067823905341493,11.564841079351226,0.03144555202666583,44.56118154311649,44.1824115,5.557361277947234,1.9124,0.0,0.010821048099649337,0.04014096909165622,0.06414982465584565,0.010121273094214882,96.37345730177773,0.9465960665658094,-0.05263157894736847,0.1118789922689564,0.19846793147379885,-0.21103262168226633,0.006326060151182115,-0.03716541498170614,-0.00015060240963855423,-0.17744077717525536,0.083433076209644,-0.24666315108504705,REIT—Healthcare Facilities,Real Estate,UHT
2020Q3,2020,Q3,2020-11-06,2020-09-30,5193000.0,19692000.0,6640000.0,0.38,18653000.0,0.9472374568352631,490621000.0,162394000.0,16896000.0,248949000.0,328227000.0,0.0,-100116000.0,783498520.0,1072587520.0,11.812190864125691,0.06786932263234638,0.6021124248656294,1.8190881436506274,0.014226793079436499,11.812190864125691,0.03197778243038536,39.78765590087345,37.71897361833238,4.824676527457911,1.8282303100327364,0.0,0.01211744471450948,0.04013688774023126,0.06786932263234638,0.01058454489310486,81.87027377220481,0.9472374568352631,0.11764705882352934,0.3803304613174941,0.21429560062398553,-0.21161551030589365,0.0218582228552646,0.1048936170212766,0.054470382721931075,0.2992496429232681,0.07233654324456851,-0.24571696306142773,REIT—Healthcare Facilities,Real Estate,UHT
2020Q2,2020,Q2,2020-08-07,2020-06-30,4700000.0,19281000.0,6297000.0,0.34,18254000.0,0.9467351278460661,486606000.0,166240000.0,16719000.0,239883000.0,320366000.0,0.0,-95808000.0,1092113110.0,1375821110.0,12.099861707547856,0.06969647703255337,0.5960674549841145,1.7447666025024062,0.013535560671425716,12.099861707547856,0.02827237728585178,56.64193299102744,58.09112287234042,6.569496571222329,2.0197872340425533,0.0,0.00869232308730366,0.03962343251008003,0.06969647703255337,0.009658738281073394,83.57155723905724,0.9467351278460661,0.030303030303030328,-0.6213735097010994,0.16177145660132639,-0.21035271782771248,0.0034632510582156013,0.032059727711901624,-0.020379589296826383,0.15215315412170152,0.05054136949179577,-0.21380157776183095,REIT—Healthcare Facilities,Real Estate,UHT
2020Q1,2020,Q1,2020-05-08,2020-03-31,4554000.0,19207000.0,6428000.0,0.33,18191000.0,0.9471026188368824,489134000.0,172440000.0,16089000.0,236211000.0,316694000.0,0.0,-91007000.0,1384726160.0,1667522160.0,12.55387303436226,0.06811283132453612,0.5897422792118315,1.6728311296682905,0.013681253192576195,12.55387303436226,0.02640918580375783,72.09486957879939,76.01702678963548,8.030191138946881,2.069389547650417,0.0,0.006805677737755745,0.03926735822903335,0.06811283132453612,0.009310332138023528,136.60117983624346,0.9471026188368824,-0.21428571428571422,0.1915079769531575,0.14637524437580665,-0.16603019982178688,0.019217839533841326,-0.2199383350462487,0.05741075834841257,-0.8573512407395386,0.06979525375901303,-0.20374399447633168,REIT—Healthcare Facilities,Real Estate,UHT
2019Q4,2019,Q4,2020-02-26,2019-12-31,5838000.0,18859000.0,6079000.0,0.42,17848000.0,0.946391643247256,488789000.0,181734000.0,16713000.0,226212000.0,307055000.0,0.0,-86137000.0,1612056960.0,1888584960.0,13.230489225393127,0.07388202217388998,0.5782413270347737,1.5552290710599008,0.0128434280691969,13.230489225393127,0.03212387335336261,85.47945066016226,69.03292908530318,8.870420284591766,1.6140801644398766,0.0,0.005845326954203901,0.03858311050371428,0.07388202217388998,0.011943803972675327,277.1762310866575,0.946391643247256,0.23529411764705868,-0.6583226550772057,0.1248920758026278,-0.15630013327494377,-0.05340758419517369,0.2546744036105738,-0.1137192010497157,0.2980820319469431,0.05970812453502364,-0.06075057015943758,REIT—Healthcare Facilities,Real Estate,UHT
2019Q3,2019,Q3,2019-11-08,2019-09-30,4653000.0,19866000.0,6859000.0,0.34,18855000.0,0.9491090305043793,483880000.0,184625000.0,16606000.0,218123000.0,299255000.0,0.0,-82552000.0,1411958000.0,1681197000.0,13.441936658172551,0.0761313570783457,0.5698809622220385,1.4935897088693297,0.014614450386721496,13.441936658172551,0.025202437373053485,71.07409644618947,75.86277670320223,7.647707515233582,4.020846765527617,0.0,0.01325039413353655,0.04105563362817227,0.0761313570783457,0.009616020500950648,137.35,0.9491090305043793,0.09677419354838718,-0.8445736158289798,0.22389465446235926,-0.03277149070849304,0.027856519843000437,0.09199718375968083,0.041135397692774744,0.20450415644630107,0.1686554098754718,-0.06587750707886955,REIT—Healthcare Facilities,Real Estate,UHT
2019Q2,2019,Q2,2019-08-08,2019-06-30,4261000.0,19326000.0,6588000.0,0.31,18344000.0,0.9491876228914415,482751000.0,188540000.0,15948000.0,212465000.0,294211000.0,0.0,-77850000.0,1162931000.0,1418833000.0,13.7319737800437,0.07506177488056856,0.5426689949891352,1.3894876418797073,0.01434119327087179,13.7319737800437,0.022599978784342844,60.17442823139812,68.23110772119222,6.16808634772462,0.0,0.0,0.0,0.040033060521883955,0.07506177488056856,0.008826496475408648,90.7264003744734,0.9491876228914415,0.0,0.17489335747429452,0.26845904773716733,0.11267373223548373,0.011134384301620549,0.011633428300094967,0.05848329048843188,-0.08077470512049845,0.14557302959746873,-0.08101838924177783,REIT—Healthcare Facilities,Real Estate,UHT
2019Q1,2019,Q1,2019-05-08,2019-03-31,4212000.0,19112000.0,6224000.0,0.31,18142000.0,0.9492465466722478,489050000.0,193627000.0,17208000.0,210952000.0,295423000.0,0.0,-72757000.0,1017931200.0000001,1285503200.0,14.104530885780886,0.08157305927414768,0.5594601778959206,1.4130467341847985,0.013073460497102372,14.104530885780886,0.02175316458964917,53.2613645876936,60.418518518518525,5.257175910384399,2.202991452991453,0.0,0.009115547298284992,0.0390798486862284,0.08157305927414768,0.008612616296902157,117.91164137611491,0.9492465466722478,-0.03125000000000003,0.04451510333863274,0.2518807247250696,0.1055425850014509,0.021911789556694643,-0.045547246770904146,-0.03578621223857475,-0.07795177383592017,0.14174088063216625,-0.01765399453011982,REIT—Healthcare Facilities,Real Estate,UHT
2018Q4,2018,Q4,2019-02-27,2018-12-31,4413000.0,18732000.0,6455000.0,0.32,17753000.0,0.9477364937006193,483756000.0,198610000.0,15244000.0,208615000.0,285146000.0,0.0,-67690000.0,842425990.0,1098670990.0,14.468565600641073,0.07307240610694342,0.5401090632467608,1.3155480590101203,0.014035934601894796,14.468565600641073,0.022219425003776244,44.97255979073244,47.72411001586222,4.241609133477669,2.1026512576478584,0.0,0.011014617438381738,0.038722000347282515,0.07307240610694342,0.009122367474511945,86.96459068855167,0.9477364937006193,0.0,0.16985699203570334,0.2919389607195274,0.11193848656982558,-0.005601299501484344,0.008916323731138546,-0.00738120867292019,-0.01708281955056367,0.1339223902506802,-0.012937039806143703,REIT—Healthcare Facilities,Real Estate,UHT
2018Q3,2018,Q3,2018-11-08,2018-09-30,4374000.0,18828000.0,6503000.0,0.32,17853000.0,0.9482154238368388,487556000.0,203355000.0,14881000.0,207272000.0,284201000.0,0.0,-62824000.0,1003782379.9999999,1259021380.0,14.81531400262276,0.07179455015631633,0.5339099508569272,1.2800816306459148,0.014025181919743954,14.81531400262276,0.021509183447665413,53.31327703420437,57.37210676726109,4.93610867694426,4.1986739826246,0.0,0.018295798338281252,0.03861710244566778,0.07179455015631633,0.008971277145599685,100.04807933818398,0.9482154238368388,-0.23809523809523805,0.22343165439919696,0.29346891828627275,0.14535753744595017,-0.06836090382507957,-0.24651162790697675,-0.14512948599973707,0.1644988317463719,0.16287842482966886,-0.01117718939938337,REIT—Healthcare Facilities,Real Estate,UHT
2018Q2,2018,Q2,2018-08-08,2018-06-30,5805000.0,20111000.0,7607000.0,0.42,19163000.0,0.952861618019989,491002000.0,207990000.0,15171000.0,219103000.0,283012000.0,0.0,-57989000.0,877805600.0,1122129600.0,15.159620991253645,0.06924140700948869,0.5092769479554055,1.2022501081782777,0.016607502303262116,15.159620991253645,0.02790999567286889,43.64803341454925,37.80385874246339,4.220422135679599,1.5826012058570198,0.0,0.01046587080328492,0.04095909996293294,0.06924140700948869,0.01182276243273958,104.55045259647451,0.952861618019989,-0.39999999999999997,0.823480217850972,0.3760348051233529,0.14004091526974954,0.08664587468103203,-0.39556434818825487,0.23892508143322475,-0.5317083931206604,0.21346100780644997,-0.010670220549869462,REIT—Healthcare Facilities,Real Estate,UHT
2018Q1,2018,Q1,2018-05-09,2018-03-31,9604000.0,18539000.0,6140000.0,0.7,17635000.0,0.9512379308484816,489585000.0,211356000.0,13716000.0,196762000.0,278229000.0,0.0,-54585000.0,824451800.0,1066023800.0,15.407202216066482,0.06970858194163507,0.5020190569564018,1.1628768523249873,0.01343142209009553,15.407202216066482,0.04543992127027385,44.47121203948433,21.46115680966264,3.900773103200288,0.0,0.0,0.0,0.0378667647088861,0.06970858194163507,0.019616614071101036,76.62903615577656,0.9512379308484816,0.5909090909090908,1.5885594244788934,0.2332766608095374,0.12592801937700213,0.017599538372763995,0.5837730870712401,0.028648014742837995,1.5160864734235489,0.10795737006615996,0.023520097603968334,REIT—Healthcare Facilities,Real Estate,UHT
2017Q4,2017,Q4,2018-02-28,2017-12-31,6064000.0,18259000.0,5969000.0,0.44,17330000.0,0.9491209814338135,490008000.0,210561000.0,12489000.0,193778000.0,279447000.0,0.0,-55055000.0,1030208760.0,1283230760.0,15.35148731408574,0.06445004076830187,0.5232751302019559,1.2177421269845794,0.012782405721994988,15.35148731408574,0.028799255322685586,56.42197053507859,42.4723268469657,4.8926855400572755,1.5061015831134565,0.0,0.0088651934972869,0.037262656936213286,0.06445004076830187,0.012375308158234151,83.22901599612216,0.9491209814338135,0.517241379310345,0.2418330931102201,0.2657721588999631,0.0945660310058375,0.0025454124725211155,0.5313131313131313,-0.019546649145860708,-0.6445781759820488,0.0906916573777418,-0.021045436772903877,REIT—Healthcare Facilities,Real Estate,UHT
2017Q3,2017,Q3,2017-11-08,2017-09-30,3960000.0,18194000.0,6088000.0,0.29,17286000.0,0.9500934373969441,498978000.0,213307000.0,15593000.0,192137000.0,285671000.0,0.0,-51986000.0,1028249289.9999999,1284465290.0,15.660157110344322,0.08115563374050808,0.5213937287816297,1.2196693029295804,0.012858232077571806,15.660157110344322,0.01856479159146207,56.515845333626466,64.9147279040404,4.820513579019909,2.2813131313131314,0.0,0.008785807184948312,0.036462529410114276,0.08115563374050808,0.007936221637026081,242.28305607917056,0.9500934373969441,-0.03333333333333337,0.2332066935176973,0.24308422708786798,0.09570752245324524,0.0008685079034219212,-0.018100669476816267,0.0057822567321989095,-0.8666151367279271,0.13026809348818313,0.12684286515365706,REIT—Healthcare Facilities,Real Estate,UHT
2017Q2,2017,Q2,2017-08-08,2017-06-30,4033000.0,18145000.0,6053000.0,0.3,17271000.0,0.9518324607329843,499825000.0,209047000.0,24689000.0,193697000.0,290778000.0,0.0,-46912000.0,1080391820.0,1349781820.0,15.390340867260546,0.12746196378880417,0.5471895163307158,1.3083134414748836,0.012543881826810294,15.390340867260546,0.019292312255138798,59.54212289887021,66.97196999752047,5.168176630135807,2.2266303000247953,0.0,0.008311799324804216,0.03630270594708148,0.06936607175124034,0.00806882408843095,99.58446124066734,0.9518324607329843,-0.8706896551724138,0.523450905109486,0.2373283018059642,0.04928301957753107,0.022921108742004266,-0.8722197579367594,0.0031488233344381836,0.12406124024818356,0.20383311148599298,0.24704782338264752,REIT—Healthcare Facilities,Real Estate,UHT
2017Q1,2017,Q1,2017-05-08,2017-03-31,31562000.0,17750000.0,6034000.0,2.32,16884000.0,0.9512112676056338,502379000.0,214104000.0,23393000.0,179886000.0,288275000.0,0.0,-41965000.0,875910000.0,1144747000.0,15.766126656848307,0.13004347197669636,0.5432233433324243,1.2746328886896088,0.012389940206321046,15.766126656848307,0.14741434069424206,49.347042253521124,6.938010899182561,4.09104920972985,0.28220645079526013,0.0,0.010168852964345653,0.03533189086327255,0.06748718632911956,0.06282507827755539,92.25932167684853,0.9512112676056338,6.030303030303029,2.0907279652681443,0.23863678858208023,0.04526441408779724,0.010412926391382405,6.0989653621232565,0.0041604260276252285,6.912220424530916,0.17533771916081056,0.23578193141071324,REIT—Healthcare Facilities,Real Estate,UHT
2016Q4,2016,Q4,2017-02-28,2016-12-31,4446000.0,17593000.0,6009000.0,0.33,16710000.0,0.949809583357017,524750000.0,191277000.0,11542000.0,213935000.0,333473000.0,0.0,-64620000.0,890646610.0,1202433610.0,14.086236099860079,0.0539509664150326,0.6016522153406384,1.6505748208096112,0.011852211268772412,14.086236099860079,0.02324377734908013,50.62505598817712,50.081343342330186,4.656318375967837,2.003373819163293,0.0,0.010000599452121645,0.033526441162458315,0.0539509664150326,0.008472606002858504,319.8012962298025,0.949809583357017,0.17857142857142852,-0.9338954301532632,0.892077930519642,-0.05694468817473788,0.04640240465902686,0.1644840230487166,0.11010530205061889,0.19145090473042767,0.22660743922641474,0.08255569229679972,REIT—Healthcare Facilities,Real Estate,UHT
2016Q3,2016,Q3,2016-11-08,2016-09-30,3818000.0,16801000.0,5413000.0,0.28,15969000.0,0.950479138146539,510389000.0,195343000.0,10887000.0,202838000.0,315046000.0,0.0,-60159000.0,855496500.0,1151424500.0,14.389907918968692,0.05367337481142587,0.587610626404566,1.5352994476382569,0.010929767209890702,14.389907918968692,0.019545107835960335,50.919379798821495,56.01731927710844,4.379458183810017,2.314824515453117,0.0,0.01033084296662815,0.032918029189500556,0.05367337481142587,0.007480568742664909,-58.971289722203075,0.950479138146539,-0.1764705882352941,0.0625086965418456,1.117082119741705,0.3583165812818379,0.01843112244897959,-0.15586999778907804,-0.03287475433267822,0.07979426036601565,0.16705438751598126,0.11246980625764785,REIT—Healthcare Facilities,Real Estate,UHT
2016Q2,2016,Q2,2016-08-05,2016-06-30,4523000.0,16461000.0,5597000.0,0.34,15680000.0,0.9525545228114939,487424000.0,200186000.0,11515000.0,174301000.0,287238000.0,0.0,-55139000.0,766040460.0,1036833460.0,14.942599089348361,0.06606387800414226,0.5652163209033614,1.3762201152927778,0.011766165075280752,14.942599089348361,0.02259398759153987,46.53669035903044,42.34139177537033,3.8266435215249817,1.9449480433340702,0.0,0.01148372763496069,0.033771418723739496,0.06606387800414226,0.009279395351890757,-107.6201826355718,0.9525545228114939,0.030303030303030328,0.15604069926879213,1.2957915342357302,0.3672273763989837,0.014295879422989844,0.02145438121047877,-0.004623866263560377,0.45503008750354085,0.153449332098097,0.12372033259657936,REIT—Healthcare Facilities,Real Estate,UHT
2016Q1,2016,Q1,2016-05-06,2016-03-31,4428000.0,16226000.0,5623000.0,0.33,15459000.0,0.9527301861210403,471107000.0,191062000.0,11235000.0,166295000.0,280045000.0,0.0,-50865000.0,748518750.0,1013184750.0,14.358007063951304,0.06756066027240747,0.5709573409013239,1.407825731961353,0.012222743911451948,14.358007063951304,0.023175723063717537,46.130823986195,42.26054369918699,3.9176746291779634,1.9412827461607949,0.0,0.011484014261499795,0.03444228168972229,0.06756066027240747,0.009399138624558752,-917.3023897058823,0.9527301861210403,0.0,0.01874647195653273,1.308305773285102,0.2776916699470957,0.01237721021611002,0.017463235294117647,-0.02174669450243563,0.23033744490422567,0.11274671689766971,0.049254902285754514,REIT—Healthcare Facilities,Real Estate,UHT
2015Q4,2015,Q4,2016-03-04,2015-12-31,4352000.0,16013000.0,5748000.0,0.33,15270000.0,0.9536001998376319,458901000.0,195042000.0,10302000.0,149461000.0,263859000.0,0.0,-46697000.0,665433060.0,914243060.0,14.658199308582594,0.06892768013060263,0.5506721493306835,1.295638888034372,0.012837635623768833,14.658199308582594,0.022313142810266508,41.55580216074439,38.22570427389706,3.4117423939459193,1.974954044117647,0.0,0.012916400636902532,0.03489423644751265,0.06892768013060263,0.009483526948078125,61.17237175951462,0.9536001998376319,0.2222222222222222,-0.02727870154194548,1.2386944107955453,0.23575516166996086,0.019495259714247565,0.1959329486122561,0.12860789318672688,-0.0813017684034976,0.14427711237218926,0.04513437106294392,REIT—Healthcare Facilities,Real Estate,UHT
2015Q3,2015,Q3,2015-11-06,2015-09-30,3639000.0,15686000.0,5093000.0,0.27,14978000.0,0.9548642101236772,438652000.0,199241000.0,10080000.0,120626000.0,239411000.0,0.0,-42454000.0,624208120.0,850760120.0,14.982779365318093,0.08356407408021488,0.5247964217648614,1.1553997420209696,0.01185952068255698,14.982779365318093,0.018264313068093414,39.793964044370775,42.883217917010164,3.1329300696141855,2.343500961802693,0.0,0.013662110002670265,0.03575955427081148,0.08356407408021488,0.008295870074683348,65.81002846599894,0.9548642101236772,-0.7,-0.004372281852489247,1.027041349997239,0.28739324844379194,-0.024615785360771036,-0.6968510496501167,0.07266217354675653,0.1607679473175919,0.09775959194142221,0.04831285804867232,REIT—Healthcare Facilities,Real Estate,UHT
2015Q2,2015,Q2,2015-08-07,2015-06-30,12004000.0,16049000.0,4748000.0,0.9,15356000.0,0.9568197395476353,444352000.0,203583000.0,10603000.0,121600000.0,240769000.0,0.0,-37565000.0,617267560.0,844927560.0,15.323122083396056,0.08719572368421052,0.5221311032694801,1.1396334664485739,0.010900083334672505,15.323122083396056,0.05896366592495444,38.46143435728083,12.855455681439519,3.03201917645383,0.7097634121959346,0.0,0.013802766502098376,0.03611776249459887,0.08719572368421052,0.02701461904076048,64.39261005633215,0.9568197395476353,2.214285714285714,1.5602196407447657,0.9576666878377695,0.3259857207817486,-0.011585993820803296,2.247835497835498,-0.10262710262710263,3.6358319093991622,0.11886426655105653,0.04470017575919164,REIT—Healthcare Facilities,Real Estate,UHT
2015Q1,2015,Q1,2015-05-08,2015-03-31,3696000.0,16202000.0,5291000.0,0.28,15536000.0,0.9588939637081841,441606000.0,199951000.0,10450000.0,121849000.0,241655000.0,0.0,-41049000.0,747168750.0,976824750.0,15.053150643679892,0.08576188561252042,0.5289941712748468,1.1683212387034823,0.012203672864991535,15.053150643679892,0.018484528709533835,46.11583446488088,50.53901176948052,3.736759256017724,2.28517316017316,0.0,0.011304005955816541,0.036688813104894406,0.08576188561252042,0.008369451502017636,-87.5314843017807,0.9588939637081841,-0.7741935483870968,-0.2576916228544066,0.9271292496521308,0.3148249424933068,0.01801978900465238,-0.7722455016021691,0.08466584665846659,-0.6299743535208877,0.15589355584690467,-0.002004548726187557,REIT—Healthcare Facilities,Real Estate,UHT
2014Q4,2014,Q4,2015-03-06,2014-12-31,16228000.0,15923000.0,4878000.0,1.24,15261000.0,0.9584249199271494,428866000.0,204581000.0,10166000.0,98817000.0,224285000.0,0.0,-36299000.0,627773520.0,837067520.0,15.681511574428944,0.10287703532792941,0.49702004822018997,1.041910050297926,0.011677231552942528,15.681511574428944,0.07932310429609787,39.4255806066696,9.671147399556322,3.0685817353517675,0.5162065565688932,0.0,0.013343984308226317,0.03712814725345446,0.10287703532792941,0.0378393251038786,70.48091613337824,0.9584249199271494,-0.43119266055045874,2.2458390090519154,0.7946446016768318,0.32283065032799324,0.04491612461485792,-0.4233325041754024,-0.003676470588235294,-0.7488591045829501,0.78243797636715,0.04985694424513033,REIT—Healthcare Facilities,Real Estate,UHT
2014Q3,2014,Q3,2014-11-07,2014-09-30,28141000.0,15258000.0,4896000.0,2.18,14605000.0,0.957202778870101,436862000.0,179429000.0,10111000.0,130504000.0,257433000.0,0.0,-44149000.0,538130480.0,779162480.0,13.897374331964992,0.07747655244283701,0.5602936396390622,1.3641663276281983,0.011541725601131541,13.897374331964992,0.1568364088302337,35.268742954515666,4.780662378735652,2.999127677242809,0.2894708787889556,0.0,0.015137592652250436,0.03492636118499663,0.07747655244283701,0.06441622297201405,12230.238181818182,0.957202778870101,7.384615384615385,4.666711033030078,0.772376184237437,0.1959708355255982,0.06629188873475944,7.257335680751174,0.02405354528341351,7.2340984001583495,1.0215297643191616,0.3118245160210551,REIT—Healthcare Facilities,Real Estate,UHT
2014Q2,2014,Q2,2014-08-08,2014-06-30,3408000.0,14317000.0,4781000.0,0.26,13697000.0,0.956694838304114,383712000.0,159229000.0,9984000.0,107002000.0,224483000.0,0.0,-64145000.0,560978960.0,774707960.0,12.341419934893814,0.09330666716509972,0.5670633183220749,1.3665161496963494,0.012687822768551396,12.341419934893814,0.021403136363350898,39.18271704966124,41.15162558685446,3.5230954160360235,2.3899647887323945,0.0,0.014519261114534492,0.037311838045200565,0.09330666716509972,0.00888166124593445,67.35249849921959,0.956694838304114,-0.10344827586206887,-0.3467332082928552,0.6425870104924082,0.04220764373999284,0.001389091972510601,-0.09697933227344992,-0.028054482618418378,-0.09552484409095777,1.0733794030562964,0.12922304197072793,REIT—Healthcare Facilities,Real Estate,UHT
2014Q1,2014,Q1,2014-05-07,2014-03-31,3774000.0,14288000.0,4919000.0,0.29,13678000.0,0.9573068309070548,388014000.0,163915000.0,9680000.0,105997000.0,224099000.0,0.0,-59408000.0,542699520.0,756218520.0,12.758016811955168,0.09132333933979264,0.5601937043508739,1.3260714394655766,0.01290134757316184,12.758016811955168,0.023024128359210565,37.98288913773796,35.94988871224165,3.310859408839948,2.133015368309486,0.0,0.01483325432091777,0.0368234135881695,0.09132333933979264,0.009726453169215544,-6460.708571428571,0.9573068309070548,0.07407407407407393,-0.25015439304502224,0.6737646263061742,0.061974167530799346,0.06567978184651344,0.07890222984562607,0.018215690333264336,-0.10069909532566829,1.105222178364984,0.13531158837542454,REIT—Healthcare Facilities,Real Estate,UHT
2013Q4,2013,Q4,2014-03-07,2013-12-31,3498000.0,13445000.0,4831000.0,0.27,12835000.0,0.9546299739680179,373145000.0,165630000.0,8700000.0,99347000.0,207515000.0,0.0,-55132000.0,509923740.0,706573740.0,13.012019797313222,0.08757184414224889,0.5359498318348095,1.2074322284610275,0.013213280564087555,13.012019797313222,0.021119362434341604,37.92664484938639,36.44394939965695,3.078691903640645,2.289594053744997,0.0,0.015706270117959206,0.036031569497112385,0.08757184414224889,0.009374371892963862,61.50328549029068,0.9546299739680179,0.03846153846153849,4.743357145372635,0.6597206219971105,0.0640141768185512,-0.0007785130400934215,0.05903723887375113,0.042962003454231436,-0.18271679140904273,0.9648805357772766,0.09697448436702902,REIT—Healthcare Facilities,Real Estate,UHT
2013Q3,2013,Q3,2013-11-07,2013-09-30,3303000.0,13448000.0,4632000.0,0.26,12845000.0,0.9551606186793575,375317000.0,164030000.0,8108000.0,102256000.0,211287000.0,0.0,-50621000.0,530953469.99999994,732219470.0,12.935099755539785,0.07929119073697387,0.5440787387728241,1.244906419557398,0.012579026266049665,12.935099755539785,0.020136560385295373,39.48196534800714,40.18721389645776,3.2369290373712123,2.4032697547683926,0.0,0.014950462608333647,0.035831044157338995,0.07929119073697387,0.008800560592778905,160.8949909090909,0.9551606186793575,0.13043478260869565,-0.2658456758687696,0.6929760382348753,0.0046885121006626646,-0.005574049701943176,0.12308738524311459,0.04066501909683217,-0.052331766577966905,0.8223883224596314,0.11144666067605268,REIT—Healthcare Facilities,Real Estate,UHT
2013Q2,2013,Q2,2013-08-08,2013-06-30,2941000.0,13502000.0,4451000.0,0.23,12917000.0,0.9566730854688195,380649000.0,168545000.0,8253000.0,95985000.0,212050000.0,0.0,-45986000.0,556052250.0,757408250.0,13.297435897435898,0.08598218471636193,0.5371168714484998,1.2130469607523213,0.011933039855441583,13.297435897435898,0.01744934587202231,41.18295437712931,47.267277286637196,3.299132279213266,2.698741924515471,0.0,0.014273838474711685,0.03547099821620443,0.08598218471636193,0.00772627801465392,75.08131920064812,0.9566730854688195,-0.14814814814814817,-0.3389415886177312,0.7441075516215024,0.015149268402280463,-0.029818236442842122,-0.14181499854099797,-0.07942088934850051,-0.34250486635857935,0.7263750765081711,0.1506930524371845,REIT—Healthcare Facilities,Real Estate,UHT
2013Q1,2013,Q1,2013-05-07,2013-03-31,3427000.0,13885000.0,4835000.0,0.27,13314000.0,0.9588764854159164,379505000.0,173390000.0,8414000.0,89061000.0,206045000.0,0.0,-40990000.0,730483150.0,926255150.0,13.684002841133296,0.09447457360685373,0.524612323948301,1.1482380760136108,0.012980458168560713,13.684002841133296,0.019764692312128726,52.60951746489017,53.28882039684855,4.212948555280005,2.2955938138313394,0.0,0.01076958448665106,0.03658713323935126,0.09447457360685373,0.00903018405554604,95.83877591183416,0.9588764854159164,-0.24999999999999992,-0.22966353236260903,0.8595314337433758,0.027026494169914334,0.18832559800071402,-0.2401330376940133,-0.10429788810670619,-0.2784743324094228,0.7313041940002267,0.19523604556667032,REIT—Healthcare Facilities,Real Estate,UHT
2012Q4,2012,Q4,2013-03-13,2012-12-31,4510000.0,13323000.0,5398000.0,0.36,11204000.0,0.8409517375966374,383038000.0,177671000.0,7872000.0,87209000.0,205293000.0,0.0,-36550000.0,641127480.0,836015480.0,14.025181559835806,0.09026591292183146,0.5167529070222798,1.114059131766017,0.0143714041538097,14.025181559835806,0.025383996262755316,48.12185543796442,35.539217294900226,3.6085094359799856,1.7443458980044346,0.0,0.012270570589175182,0.03478244978305024,0.09026591292183146,0.01177428871286922,806.4496603773584,0.8409517375966374,0.5,0.05739811941331073,0.7927377295364066,0.03396397912815915,-0.17678177810433504,0.5103817816476892,0.28066429418742583,-0.0710168480238282,0.5464109249393114,0.18310916366118232,REIT—Healthcare Facilities,Real Estate,UHT
2012Q3,2012,Q3,2012-11-08,2012-09-30,2986000.0,13610000.0,4215000.0,0.24,13610000.0,1.0,388006000.0,181026000.0,8130000.0,5495000.0,206904000.0,0.0,-33193000.0,587955720.0,983154720.0,14.292278540975841,1.4795268425841674,1.0266593815559553,2.200512633544353,0.007275068349396592,14.292278540975841,0.016494868140488107,43.200273328434974,49.226031480241126,3.2479075933843755,2.612525117213664,0.0,0.013268005964802928,0.035076777163239745,1.4795268425841674,0.007695757282103885,80.92989951823813,1.0,0.26315789473684204,-0.37018230851403966,0.8417183739119011,0.03749550119267572,-0.004097760866383726,0.21037697608431294,0.10369206598586017,-0.38708289509278715,0.6115241486048615,0.22995523470213694,REIT—Healthcare Facilities,Real Estate,UHT
2012Q2,2012,Q2,2012-08-08,2012-06-30,2467000.0,13666000.0,3819000.0,0.19,13666000.0,1.0,390778000.0,185661000.0,7736000.0,5402000.0,205039000.0,0.0,-28378000.0,525686740.0,917321740.0,14.667483014694264,1.432062199185487,1.0104100026101777,2.1267040466226077,0.006578732039406932,14.667483014694264,0.013287658689762524,38.46675984194351,53.27186258613701,2.8314333112500742,3.1613295500608025,0.0,0.0148358316970293,0.03497126245592126,1.432062199185487,0.006313047305631331,82.5383482493327,1.0,-0.7466666666666667,-0.7113106170398585,0.8007108275427416,0.04805144036513886,0.023593738296756796,-0.7406979188564221,0.058481152993348114,-0.517994391787432,0.5981212333391238,0.2386389080822086,REIT—Healthcare Facilities,Real Estate,UHT
2012Q1,2012,Q1,2012-05-08,2012-03-31,9514000.0,13351000.0,3608000.0,0.75,13351000.0,1.0,395453000.0,190835000.0,8354000.0,5196000.0,204537000.0,0.0,-23046000.0,501398760.00000006,891665760.0,15.083386025924755,1.6077752117013087,0.9964673425160512,2.0649042366442214,0.00616867074377961,15.083386025924755,0.049854586422826,37.55514643097896,13.175287996636538,2.627394136295753,0.8122766449442926,0.0,0.015412882153916773,0.033761281365927175,1.6077752117013087,0.02405848482626254,-401.76182692307697,1.0,-0.8484848484848485,0.5259508972511877,0.7667878124931402,0.08796197780628393,0.5420420420420421,-0.8480822661514387,3.3612565445026177,0.9195942811095085,0.5882288629152751,0.2555373264140061,REIT—Healthcare Facilities,Real Estate,UHT
2011Q4,2011,Q4,2012-03-13,2011-12-31,62626000.0,8658000.0,-1528000.0,4.95,8658000.0,1.0,370929000.0,188861000.0,15687000.0,5457000.0,181984000.0,0.0,-24832000.0,493116000.0,656303000.0,14.93680797216071,2.874656404617922,0.4713462684233371,0.925739035587019,-0.004201299433319494,14.93680797216071,0.3315983712889374,56.95495495495496,1.9684955130457,2.6109996240621407,0.12336729154025484,0.0,0.015667713073597288,0.0233413941751656,2.874656404617922,0.1688355453469532,-60.86349049617378,1.0,18.03846153846154,7.183735526022332,0.08645665432267936,0.07197662042511008,0.17094941844738978,17.705495818399044,-1.4788467565026637,68.46925769162239,0.07597347294253728,0.22140725931549843,REIT—Healthcare Facilities,Real Estate,UHT
2011Q3,2011,Q3,2011-11-07,2011-09-30,3348000.0,7394000.0,3191000.0,0.26,7394000.0,1.0,242839000.0,133992000.0,4034000.0,2856000.0,108768000.0,0.0,-79732000.0,425099280.0,619861280.0,10.59392789373814,1.4124649859943978,0.8052619225083285,1.4594080243596632,0.009683165372442275,10.59392789373814,0.024986566362170875,57.492464160129835,31.74277777777778,3.1725720938563495,2.2885304659498207,0.0,0.018024024881905236,0.030448157009376583,1.4124649859943978,0.013786912316390695,-45.20409187579753,1.0,-0.10344827586206887,-0.8016010474141962,-0.17926429808412056,-0.23705334908436818,0.09281702630801064,-0.09317443120260022,-0.0426042604260426,-0.25390198875555925,-0.06673666790852109,-0.1771538021341437,REIT—Healthcare Facilities,Real Estate,UHT
2011Q2,2011,Q2,2011-08-08,2011-06-30,3692000.0,6766000.0,3333000.0,0.29,6766000.0,1.0,227741000.0,138166000.0,3857000.0,2237000.0,89493000.0,0.0,-75418000.0,505427159.99999994,662910160.0,10.929125138427464,1.7241841752346894,0.6947497376405654,1.145165959787502,0.011245356609050943,10.929125138427464,0.02672147995889003,74.70102867277564,34.2244826652221,3.6581153105684465,2.074756229685807,0.0,0.0151554973816603,0.029709187190712256,1.7241841752346894,0.01621139803548768,-76.09562782294489,1.0,-0.12121212121212131,-0.5007481808742069,-0.24282806302155824,-0.1659847378722464,0.01348112642300779,-0.10562015503875968,-0.10667381399088716,-0.16797057511307278,-0.12372719363878218,-0.16565167344097018,REIT—Healthcare Facilities,Real Estate,UHT
2011Q1,2011,Q1,2011-05-06,2011-03-31,4128000.0,6676000.0,3731000.0,0.33,6676000.0,1.0,221686000.0,142019000.0,4058000.0,2049000.0,79581000.0,0.0,-71450000.0,512218140.0,594690140.0,11.237458458616869,1.9804782820888238,0.37637018124734983,0.5874988557869018,0.016548756958151296,11.237458458616869,0.029066533351171323,76.72530557219892,31.020962936046512,3.6066874150641817,1.8544089147286822,0.0,0.01494480457095877,0.03011466669072472,1.9804782820888238,0.01862093230966322,99.15178861788618,1.0,-0.029411764705882377,-0.22249498919159633,-0.25568769001729463,-0.1404752008261174,0.013050075872534143,0.001455604075691412,0.08396281231841952,-0.06966666643830755,-0.10359038138991399,-0.1565941853328712,REIT—Healthcare Facilities,Real Estate,UHT
2010Q4,2010,Q4,2011-03-11,2010-12-31,4122000.0,6590000.0,3442000.0,0.34,6590000.0,1.0,216135000.0,145413000.0,3863000.0,2446000.0,70625000.0,0.0,-67923000.0,447821270.0,514397270.0,11.861734236071458,1.5793131643499592,0.3125962939829273,0.4646283344680324,0.01616144542108031,11.861734236071458,0.028346846568051,67.95466919575114,27.160436074721012,3.079650856525895,1.8558951965065502,0.0,0.017082708018759357,0.030490202882457722,1.5793131643499592,0.019071413699770976,85.46207442748091,1.0,0.25925925925925924,-0.24367880810867174,-0.236704200128754,-0.10233874845194839,-0.08102077813415144,0.21700620017714792,-0.04653739612188366,-0.001327734944866516,-0.08366736321747012,-0.12552961416117722,REIT—Healthcare Facilities,Real Estate,UHT
2010Q3,2010,Q3,2010-11-05,2010-09-30,3387000.0,7171000.0,3610000.0,0.27,7171000.0,1.0,227175000.0,143416000.0,3916000.0,2529000.0,83569000.0,0.0,-64395000.0,424034429.99999994,559627430.0,11.6380751440396,1.5484381178331357,0.6015362605920546,0.9528504490433425,0.0128896347341736,11.6380751440396,0.023616611814581356,59.131840747455016,31.29867360496014,2.9566744993585092,2.228520814880425,0.0,0.01780044134623691,0.031565973368548474,1.5484381178331357,0.014909210960713107,87.7736348582074,1.0,-0.22857142857142848,-0.4953756806872202,-0.1668140869849107,-0.12547373284519794,-0.040412150408135956,-0.20753392606457652,-0.08907393388846833,-0.2657173202342003,-0.0026034690316987913,-0.15517665221356836,REIT—Healthcare Facilities,Real Estate,UHT
2010Q2,2010,Q2,2010-08-06,2010-06-30,4274000.0,7473000.0,3963000.0,0.35,7473000.0,1.0,225708000.0,139955000.0,4129000.0,2184000.0,85558000.0,0.0,-60234000.0,389126430.00000006,522436430.00000006,11.55602344975642,1.8905677655677655,0.5961507788824499,0.9614233146368476,0.014436579954901625,11.55602344975642,0.030538387338787467,52.07097952629467,22.76125584932148,2.780368189775285,1.7344408048666355,0.0,0.01905036365687111,0.033109149875059814,1.8905677655677655,0.01893597036879508,63.04705605962412,1.0,-0.054054054054054106,-0.3310496228447164,-0.13029931491997415,-0.1310282909400192,-0.022370486656200943,-0.055886900817318313,-0.07536164255716285,-0.47726537515270995,0.029159361931236263,-0.1742750266506451,REIT—Healthcare Facilities,Real Estate,UHT
2010Q1,2010,Q1,2010-05-07,2010-03-31,4527000.0,7644000.0,4286000.0,0.37,7644000.0,1.0,223117000.0,138267000.0,4165000.0,2080000.0,84652000.0,0.0,-57095000.0,426801180.00000006,567269180.0,11.44878695040159,2.0024038461538463,0.6348014718735013,1.0243586683735093,0.01531250223292438,11.44878695040159,0.03274100110655471,55.834795918367355,23.569758117958916,3.0867899064852784,1.6023856858846919,0.0,0.016996204181066225,0.03426005190102054,2.0024038461538463,0.020289803107786497,73.11995545657017,1.0,-0.026315789473684233,-0.41864448067730736,-0.12368075663981079,-0.13969625886772452,-0.05477927538023989,-0.0065832784726793945,-0.058642653195695144,-0.2393444764533411,0.05972064270121694,-0.1742010134439938,REIT—Healthcare Facilities,Real Estate,UHT
2009Q4,2009,Q4,2010-03-09,2009-12-31,4557000.0,8087000.0,4553000.0,0.38,8087000.0,1.0,228825000.0,140962000.0,12351000.0,9070000.0,87641000.0,0.0,-54368000.0,380868730.0,463078730.0,11.8545118156589,1.361742006615215,0.3725467059980334,0.6047587293029327,0.04025463065293312,11.8545118156589,0.03232786140945787,47.096417707431684,20.894707592714507,2.7019248449936866,1.543778801843318,0.0,0.018470930916276586,0.035341418114279474,0.667805953693495,0.019914782038675843,64.09773308650286,1.0,0.0,-0.3240214717952613,-0.027869260682291296,-0.09628902544515115,0.020570418980312973,-0.0030627871362940277,0.029857498303551232,-0.3667983340732913,0.07906690747133278,-0.14923191510365907,REIT—Healthcare Facilities,Real Estate,UHT
2009Q3,2009,Q3,2009-11-06,2009-09-30,4571000.0,7924000.0,4421000.0,0.38,7924000.0,1.0,226247000.0,138094000.0,10839000.0,87156000.0,87938000.0,0.0,-51677000.0,386824199.99999994,470217199.99999994,11.620161561763716,0.12436321079443756,0.376628198384951,0.617050704592524,0.03959606815790063,11.620161561763716,0.0331006415919591,48.816784452296815,21.156431852986216,2.8011658725216155,1.5486764384161016,0.0,0.018300302824900822,0.035023668822128026,0.05265271467254119,0.020203582809937812,57.648912071535015,1.0,-0.050000000000000044,-0.18530381680927416,-0.062294828701067895,-0.1073047029884352,-0.012339523868876979,-0.048104956268221574,-0.020168439716312058,-0.7117134633197753,-0.06388854419403438,-0.16314671615931586,REIT—Healthcare Facilities,Real Estate,UHT
2009Q2,2009,Q2,2009-08-07,2009-06-30,4802000.0,8023000.0,4512000.0,0.4,8023000.0,1.0,231529000.0,140631000.0,11810000.0,89963000.0,90684000.0,0.0,-49169000.0,374331520.0,460884520.0,11.841613337824183,0.1312761913230995,0.382414297992908,0.6295909152320612,0.03937670996766607,11.841613337824183,0.03414609865534626,46.65730026174747,19.488313202832153,2.661799461000775,1.4739691795085381,0.0,0.018908372984460405,0.03465224658682066,0.05276613718973356,0.020740382414297993,57.02795856185253,1.0,0.025641025641025664,-0.2604123011577651,-0.05190068874102437,-0.09165377072282468,0.01814720812182741,0.03357727077055531,0.014844804318488529,-0.3087650058536783,-0.04424868291590743,-0.09635161763899806,REIT—Healthcare Facilities,Real Estate,UHT
2009Q1,2009,Q1,2009-05-08,2009-03-31,4646000.0,7880000.0,4446000.0,0.39,7880000.0,1.0,229538000.0,142480000.0,4501000.0,52078000.0,86867000.0,0.0,-46893000.0,346667800.0,428626800.0,12.013490725126475,0.08642805023234379,0.36372626754611437,0.5859699606962381,0.03935053038248609,12.013490725126475,0.03260808534531162,43.99337563451777,18.65410030133448,2.4330979786636724,1.5527335342229875,0.0,0.020809547353402885,0.0343298277409405,0.08642805023234379,0.020240657320356542,60.10190707350902,1.0,6.327868852459016,-0.08918059478918063,0.08960130779168546,-0.0702549790592624,0.04481569875364625,6.340229885057472,0.12159434914228053,-0.06752676401182746,-0.06382130558957663,-0.08111845388191373,REIT—Healthcare Facilities,Real Estate,UHT
2008Q4,2008,Q4,2009-03-12,2008-12-31,-870000.0,7542000.0,3964000.0,-0.0732,7542000.0,1.0,221056000.0,144928000.0,9945000.0,43269000.0,75961000.0,0.0,338718000.0,390016409.99999994,461090409.99999994,12.22917897223863,0.22984122581987104,0.3243160104226983,0.49467321704570544,0.03659865201735758,12.22917897223863,-0.00600298079046147,51.712597454256155,-112.07368103448275,2.6911046174652236,-8.044827586206896,0.0,0.01794539875899068,0.03411805153445281,0.0819293258452934,-0.003935654313839027,75.65788748787584,1.0,-1.209142857142857,-1.1062485122141879,0.05598194151972632,-0.058855088096879844,0.015620791812550498,-1.2068473609129815,-0.075990675990676,-1.165126806347715,-0.09636294185289107,-0.07453160868822618,REIT—Healthcare Facilities,Real Estate,UHT
2008Q3,2008,Q3,2008-11-07,2008-09-30,4206000.0,7426000.0,4290000.0,0.35,7426000.0,1.0,215186000.0,152630000.0,10492000.0,38232000.0,62556000.0,0.0,-36669000.0,461159500.0,503192500.0,12.874736398144243,0.2744297970286671,0.20243882036935487,0.2854091594050973,0.04373267003751427,12.874736398144243,0.027556836794863395,62.10065984379208,27.410811935330482,3.0214210836663824,1.649548264384213,0.0,0.015044686274488545,0.03450967999776937,0.10925402803933877,0.01954588123762698,75.02188059215878,1.0,0.0,-0.22281274647044663,0.041750797190697984,0.011393381967254325,0.02611579383722537,0.011300793459966338,0.011315417256011316,-0.3486159224208879,-0.10312476725916238,-0.03254661758756943,REIT—Healthcare Facilities,Real Estate,UHT
2008Q2,2008,Q2,2008-08-08,2008-06-30,4159000.0,7237000.0,4242000.0,0.35,7237000.0,1.0,213035000.0,155210000.0,3135000.0,38392000.0,57613000.0,0.0,335382000.0,355470000.0,392331000.0,13.098995695839312,0.08165763700770994,0.18021451874105193,0.24735519618581278,0.043821861344407596,13.098995695839312,0.02679595386895174,49.11841923448943,21.36751622986295,2.2902519167579407,1.6669872565520558,0.0,0.01950375559118913,0.0339709437416387,0.08165763700770994,0.01952261365503321,61.56390717007274,1.0,0.0,-0.22680922142986615,0.018934396321374735,0.02978668479783164,0.03696804699813727,0.0002405002405002405,0.04200442151805453,-0.33465544034526856,-0.13914162842288336,-0.015002286359781934,REIT—Healthcare Facilities,Real Estate,UHT
2008Q1,2008,Q1,2008-05-08,2008-03-31,4158000.0,6979000.0,4071000.0,0.35,6979000.0,1.0,210857000.0,157795000.0,55513000.0,0.0,52890000.0,0.0,-31163000.0,394371899.99999994,442974899.99999994,13.323904416110782,0.0,0.23566682633253816,0.314914921258595,0.03924101268995166,13.323904416110782,0.02635064482398048,56.508367961025925,23.711634199134195,2.4992674039101366,1.6522366522366523,0.0,0.017420105235692505,0.03309826090668083,0.0,0.019719525555234117,7584.074999999999,1.0,0.029411764705882214,-0.2755214050493962,-0.041466555711942694,0.04473197512646952,0.0066349343718448,0.04498617743151546,0.014200298953662182,-0.4554808881458537,-0.184108881526991,0.0012069283258762402,REIT—Healthcare Facilities,Real Estate,UHT
2007Q4,2007,Q4,2008-03-13,2007-12-31,3979000.0,6933000.0,4014000.0,0.34,6933000.0,1.0,199749000.0,160305000.0,54867000.0,0.0,39270000.0,0.0,-28451000.0,418829920.0,454315920.0,13.564477915044847,0.0,0.183315060400803,0.22842082280652506,0.040767410446775884,13.564477915044847,0.024821434141168396,60.411065916630605,26.315023875345563,2.6127065281806554,1.7258105051520483,0.0,0.016395676794055212,0.03470855924184852,0.0,0.01991999959949737,-554.0078306878307,1.0,-0.081081081081081,-0.22266028509972702,-0.029149082523627617,0.06493298083546586,0.004055032585083273,-0.1018058690744921,-0.030434782608695653,-0.40611520649547067,-0.16144254065596964,0.03406768212424737,REIT—Healthcare Facilities,Real Estate,UHT
2007Q3,2007,Q3,2007-11-08,2007-09-30,4430000.0,6905000.0,4140000.0,0.37,6905000.0,1.0,193229000.0,163036000.0,54271000.0,0.0,30031000.0,0.0,-25563000.0,440617049.99999994,466794049.99999994,13.775749894381073,0.0,0.14071386800117994,0.16677298265413773,0.04352717294165887,13.775749894381073,0.02717191295174072,63.81130340333091,24.86552200902934,2.702575198115753,1.536117381489842,0.0,0.015444250284912944,0.03573480171195835,0.0,0.022926165327150687,81.13000368256306,1.0,-0.44776119402985076,-0.14268719713193287,-0.036258110509783247,0.0803748625723862,-0.024579742901539765,-0.44423535315518753,-0.05780609922621757,-0.2071654500493701,-0.1794975012329585,0.05829398998950019,REIT—Healthcare Facilities,Real Estate,UHT
2007Q2,2007,Q2,2007-08-08,2007-06-30,7971000.0,7079000.0,4394000.0,0.67,7079000.0,1.0,188895000.0,165239000.0,49504000.0,0.0,23498000.0,0.0,-23188000.0,393173099.99999994,413201099.99999994,13.995002964343186,0.0,0.11050054262950317,0.1263200576135174,0.047218878954607975,13.995002964343186,0.048239217133969586,55.54076847012289,12.331360557019194,2.379420717869268,0.8534688244887718,0.0,0.017302811408003244,0.037475846369676276,0.0,0.042198046533788613,78.5874675194883,1.0,0.36734693877551033,0.5231969155458438,-0.022075135282295155,0.08695710598508558,0.005111458185432344,0.371708828084667,0.02400372873456071,0.23484076536407936,-0.15856692953593973,0.0735283958967558,REIT—Healthcare Facilities,Real Estate,UHT
2007Q1,2007,Q1,2007-05-08,2007-03-31,5811000.0,7043000.0,4291000.0,0.49,7043000.0,1.0,193742000.0,163483000.0,49108000.0,0.0,30107000.0,0.0,-24356000.0,421564000.0,447393000.0,13.863890773405698,0.0,0.13759019727266159,0.16305670926029006,0.04513516356368991,13.863890773405698,0.03554498021200981,59.855743291211134,18.136465324384787,2.5786412042842377,1.1567716399931165,0.0,0.01594538433073033,0.036352468747096654,0.0,0.02999349650566217,71.90243902439025,1.0,-0.18333333333333332,-0.08325668440934135,-0.021118640874417404,0.06979300273271855,-0.051703244917194024,-0.18522153673583847,-0.017853055619134812,0.14577980491756748,-0.020518347552443136,0.07295071119343441,REIT—Healthcare Facilities,Real Estate,UHT
