Quarters,Year,Quarter,FillingDate,Date,NetIncome,Revenue,OperatingIncome,EPSDiluted,GrossProfit,GrossProfitRatio,TotalAssets,CommonStockEquity,CurrentAssets,CurrentLiability,TotalLiability,Inventory,RetainedEarnings,MarketCap,EnterpriseValue,bookValuePerShare,currentRatio,debtToAssets,debtToEquity,roic,shareholdersEquityPerShare,roe,priceToSalesRatio,peRatio,pbRatio,payoutRatio,inventoryTurnover,dividendYield,assetTurnover,quickRatio,returnOnAssets,priceToFreeCashFlowsRatio,grossProfitMargin,epsdilutedGrowth,fiveYNetIncomeGrowthPerShare,fiveYRevenueGrowthPerShare,fiveYShareholdersEquityGrowthPerShare,grossProfitGrowth,netIncomeGrowth,operatingIncomeGrowth,threeYNetIncomeGrowthPerShare,threeYRevenueGrowthPerShare,threeYShareholdersEquityGrowthPerShare,Industry,Sector,Symbol
2023Q1,2023,Q1,2023-04-28,2023-03-31,3172000000.0,127358000000.0,4774000000.0,0.31,18212000000.0,0.1429984767,464378000000.0,154526000000.0,136221000000.0,147570000000.0,309852000000.0,34170000000.0,86365000000.0,1058722500000.0001,1150730500000.0,15.07570731707317,0.9230941248221183,0.3043878047624995,0.9147392671783389,0.009929243261857465,15.07570731707317,0.020527289905905802,8.312964242528935,83.44281998738967,6.851419825789835,0.0,3.1942054433713785,0.0,0.27425502500118437,0.691542996544013,0.006830642278488645,-112.40285592950421,0.14299847673487334,9.333333333333334,0.8389231759720912,1.3564055617516324,3.638236875989839,-0.073039140835751,10.410071942446043,18.813432835820894,0.21587992495309566,0.640177867886933,1.3004357898953423,Internet Retail,Consumer Cyclical,AMZN
2022Q4,2022,Q4,2023-02-03,2022-12-31,278000000.0,149204000000.0,-268000000.0,0.03,19647000000.0,0.1316787754,462675000000.0,146043000000.0,146791000000.0,155393000000.0,316632000000.0,34405000000.0,83193000000.0,858480000000.0,944710000000.0,14.289921722113503,0.9446435811136924,0.3028432485005674,0.9594297569893798,0.000205567814978361,14.289921722113503,0.0019035489547598995,5.753733143883542,772.0143884892086,5.8782687290729445,0.0,3.7656445284115683,0.0,0.3224812233209056,0.7232372114574016,0.0006008537310206949,68.23622923456006,0.1316787753679526,-0.8928571428571428,-0.85842288615966,1.332860873011503,3.981798110203054,0.17190575603936772,-0.9032033426183844,-1.075259758494805,-0.9174297642800853,0.6563266675853413,1.2841769816849171,Internet Retail,Consumer Cyclical,AMZN
2022Q3,2022,Q3,2022-10-28,2022-09-30,2872000000.0,127101000000.0,3561000000.0,0.28,16765000000.0,0.1319029748,428362000000.0,137489000000.0,131463000000.0,140363000000.0,290873000000.0,36647000000.0,82915000000.0,1151583000000.0,1244887000000.0,13.491217741144148,0.9365929767816304,0.29939863946848694,0.9328091701881605,0.010378483020067329,13.491217741144148,0.02088894384278015,9.060377180352633,100.24225278551533,8.375819156441606,0.0,3.0107785084727263,0.0,0.2967139942385179,0.675505653199205,0.006704609652583562,-231.52050663449938,0.13190297479956883,2.4,9.590165341968403,1.7427659232435178,4.263424230262255,0.022505489143693585,2.4246031746031744,2.7211213146447557,0.3073997978810896,0.7643600533703045,1.3636132164884098,Internet Retail,Consumer Cyclical,AMZN
2022Q2,2022,Q2,2022-07-29,2022-06-30,-2016000000.0,121234000000.0,-2069000000.0,-0.2,16396000000.0,0.1352425887,419728000000.0,131402000000.0,133667000000.0,140291000000.0,288326000000.0,38153000000.0,80043000000.0,1080686749999.9999,1167785750000.0,12.914201474201475,0.9527838564127421,0.2968041207639233,0.9480601512914567,-0.004875060498302048,12.914201474201475,-0.01534223223390816,8.9140567002656,-134.01373387896825,8.224279310817186,0.0,2.747831101092968,0.0,0.2888394388746998,0.6808277081209771,-0.0048031105859032515,-159.88855599940817,0.13524258871273734,0.47368421052631576,-10.635081505132266,2.0073676929585242,4.32945852170458,0.10544768069039914,0.47540983606557374,0.5683288128520759,-1.7442240786240786,0.8528927169896194,1.3997668068002214,Internet Retail,Consumer Cyclical,AMZN
2022Q1,2022,Q1,2022-04-29,2022-03-31,-3843000000.0,116444000000.0,-4793000000.0,-0.38,14832000000.0,0.127374532,410767000000.0,134001000000.0,133876000000.0,139508000000.0,276766000000.0,34987000000.0,82071000000.0,1659314550000.0,1736208550000.0,13.163163064833006,0.95962955529432,0.27579381985407786,0.8454190640368355,-0.011176575038193663,13.163163064833006,-0.028678890456041373,14.249893081652983,-107.94395979703357,12.38285199364184,0.0,2.9042787321004946,0.0,0.28347944211682047,0.7088410700461623,-0.009355668785467187,-93.52993348740206,0.12737453196386245,-1.2733812949640289,-5.974305050526978,2.055478400605201,4.793880946687591,-0.1181401985849337,-1.2683284457478006,-1.3109107420861443,-2.041027304641143,0.8815098412823777,1.6701561928663526,Internet Retail,Consumer Cyclical,AMZN
2021Q4,2021,Q4,2022-02-04,2021-12-31,14322000000.0,137412000000.0,15416000000.0,1.39,16819000000.0,0.1223983349,420549000000.0,138245000000.0,161580000000.0,142266000000.0,282304000000.0,32640000000.0,85915000000.0,1693844720000.0002,1774019720000.0002,13.606791338582678,1.1357597739445826,0.2767691755300809,0.8419472675322797,0.04587235600420548,13.606791338582678,0.10359868349669066,12.326759817192096,29.56718195782712,12.252484502151978,0.0,3.694638480392157,0.0,0.3267443270582025,0.9063303951752352,0.03405548461653696,537.5578292605522,0.12239833493435799,3.483870967741935,16.91699168445066,1.943602706482521,5.716964145362048,0.12096774193548387,3.538022813688213,2.1772464962901896,3.5637686022646573,0.831135361426602,2.061988911757107,Internet Retail,Consumer Cyclical,AMZN
2021Q3,2021,Q3,2021-10-29,2021-09-30,3156000000.0,110812000000.0,4852000000.0,0.31,15004000000.0,0.1354004981,382406000000.0,120564000000.0,138531000000.0,123994000000.0,261842000000.0,30933000000.0,71592000000.0,1665515280000.0,1749474280000.0,11.889940828402366,1.117239543848896,0.29785882020679594,0.9447513353903321,0.011911103090438304,11.889940828402366,0.026176968249228626,15.030098545283904,131.9324524714829,13.81436647755549,0.0,3.0972747551158957,0.0,0.2897757880367986,0.8677677952158975,0.00825300858250132,-197.45290812092472,0.13540049814099556,-0.5921052631578947,10.708650324034942,2.16682107401677,5.338805480443957,-0.1374532911756252,-0.5942401645667267,-0.37003375746559336,0.05366902901522296,0.8852390068453417,1.9660274117624816,Internet Retail,Consumer Cyclical,AMZN
2021Q2,2021,Q2,2021-07-30,2021-06-30,7778000000.0,113080000000.0,7702000000.0,0.76,17395000000.0,0.1538291475,360319000000.0,114803000000.0,140848000000.0,117792000000.0,245516000000.0,24119000000.0,68436000000.0,1737280800000.0,1803476800000.0,11.366633663366336,1.19573485465906,0.2957823484190398,0.9283381096312814,0.024948848832917037,11.366633663366336,0.06775084274801181,15.363289706402547,55.83957315505271,15.132712559776314,0.0,3.9672042787843607,0.0,0.31383302018489173,0.9909756180385765,0.02158642758222575,-1104.4378893833439,0.1538291475061903,-0.037974683544303826,7.500742863084442,2.483572380392887,5.501895903703322,0.01742995847224659,-0.04058221290243,-0.131190073322053,1.9539709456344219,1.0577374910277775,2.1571275670215972,Internet Retail,Consumer Cyclical,AMZN
2021Q1,2021,Q1,2021-04-30,2021-03-31,8107000000.0,108518000000.0,8865000000.0,0.79,17097000000.0,0.1575498996,323077000000.0,103320000000.0,121408000000.0,115404000000.0,219757000000.0,23849000000.0,60658000000.0,1559416320000.0,1610517320000.0,10.25,1.0520259263110463,0.26289398502524164,0.8220576848625629,0.02902177066878401,10.25,0.07846496322106078,14.370116662673473,48.08857530529173,15.093073170731708,0.0,3.8333263449201223,0.0,0.33588896764548387,0.8453693112890368,0.025093089263550174,-198.1721082729699,0.15754989955583407,0.1285714285714287,13.768390884618954,2.481620940741031,5.543439956627812,0.08566167132334265,0.12254223206867904,0.2898297686599738,3.779185789314703,1.0416858696510747,2.1535454343196774,Internet Retail,Consumer Cyclical,AMZN
2020Q4,2020,Q4,2021-02-03,2020-12-31,7222000000.0,125555000000.0,6873000000.0,0.7,15748000000.0,0.1254271037,321195000000.0,93404000000.0,132733000000.0,126385000000.0,227791000000.0,23795000000.0,52551000000.0,1634978860000.0,1677245860000.0,9.303187250996016,1.0502274795268425,0.2627344759414063,0.9034837908440752,0.03583953772702578,9.303187250996016,0.07732002912080853,13.022013141651069,56.59716352810855,17.504377328594064,0.0,4.614708972473209,0.0,0.39089960927162626,0.8619535546148672,0.022484783387039027,104.75261788826244,0.1254271036597507,0.12903225806451607,13.028285199451156,2.2884296311272103,5.53391812308447,0.17891899985027698,0.14073606065392513,0.1096222150468195,2.7438886694600906,0.998294846024072,2.2433068261078173,Internet Retail,Consumer Cyclical,AMZN
2020Q3,2020,Q3,2020-10-30,2020-09-30,6331000000.0,96145000000.0,6194000000.0,0.62,13358000000.0,0.1389359821,282179000000.0,82775000000.0,112969000000.0,101912000000.0,199404000000.0,23735000000.0,45329000000.0,1577513730000.0,1629101730000.0,8.260978043912175,1.1084955648010049,0.2888875501011769,0.9848142555119299,0.03455042521137517,8.260978043912175,0.07648444578677137,16.407652296011232,62.293228952772076,19.05785237088493,0.0,3.487971350326522,0.0,0.34072344150344286,0.8755985556166104,0.022436113247265035,1750.8476470588234,0.13893598211035416,0.19230769230769226,73.8606078981278,2.5417657468405723,5.22065603306661,0.10781224083595953,0.20751478161358,0.06007188088310799,22.74322448852295,1.1101608505739073,2.2229138122489704,Internet Retail,Consumer Cyclical,AMZN
2020Q2,2020,Q2,2020-07-31,2020-06-30,5243000000.0,88912000000.0,5843000000.0,0.52,12058000000.0,0.1356172395,258314000000.0,73728000000.0,110908000000.0,93896000000.0,184586000000.0,19599000000.0,38998000000.0,1379410000000.0,1417870000000.0,7.3728,1.181179176961745,0.2939290940483288,1.0298122829861112,0.032867746564836764,7.3728,0.07111273871527778,15.514328774518626,65.77388899485028,18.70944552951389,0.0,3.921322516454921,0.0,0.34420124344789677,0.9724482406066286,0.020297002872473036,104.92203544534875,0.1356172395177254,1.08,52.22784782608696,2.5817902954496437,4.851627464309994,0.1662636618628494,1.0682445759368837,0.46477813988468286,24.496416243654824,1.2441758925042812,2.0426218661152746,Internet Retail,Consumer Cyclical,AMZN
2020Q1,2020,Q1,2020-05-01,2020-03-31,2535000000.0,75452000000.0,3989000000.0,0.25,10339000000.0,0.1370275142,221238000000.0,65272000000.0,85985000000.0,79711000000.0,155966000000.0,18857000000.0,33755000000.0,970960560000.0,1007496560000.0,6.553413654618474,1.0787093374816525,0.2880924615120368,0.9764830248805001,0.024120228620070724,6.553413654618474,0.03883748008334355,12.868586120977575,95.75547928994084,14.87560607917637,0.0,3.452988280214244,0.0,0.34104448602862075,0.8421422388378016,0.011458248582973991,-260.24137228625034,0.1370275141812013,-0.21875000000000003,42.526632847178185,2.1012972080247745,4.605329438788909,-0.10314018043025677,-0.22429620563035496,0.028357824181490073,2.353732609998003,1.023584285059823,1.8845421364335255,Internet Retail,Consumer Cyclical,AMZN
2019Q4,2019,Q4,2020-01-31,2019-12-31,3268000000.0,87437000000.0,3879000000.0,0.32,11528000000.0,0.1318434987,225248000000.0,62060000000.0,96334000000.0,87812000000.0,163188000000.0,20497000000.0,31220000000.0,916528640000.0,943641640000.0,6.256048387096774,1.0970482394205803,0.2806018255434011,1.0184498872059298,0.024961033755736137,6.256048387096774,0.052658717370286816,10.48216018390384,70.11388004895962,14.768427972929423,0.0,3.703420012684783,0.0,0.38818102713453617,0.8636291167494192,0.014508452905242221,63.8829469575521,0.13184349874766976,0.523809523809524,13.285800422068132,1.788908698755718,4.405095338633093,0.23797250859106528,0.5313964386129335,0.22869813113715554,3.1872173650889355,0.9183675388337951,2.0882852292020373,Internet Retail,Consumer Cyclical,AMZN
2019Q3,2019,Q3,2019-10-25,2019-09-30,2134000000.0,69981000000.0,3157000000.0,0.21,9312000000.0,0.133064689,199099000000.0,56508000000.0,79054000000.0,72136000000.0,142591000000.0,18766000000.0,27952000000.0,859275450000.0,895550450000.0,5.707878787878788,1.095902184762116,0.29899698140121245,1.0534791533942096,0.02210019791755672,5.707878787878788,0.037764564309478305,12.27869636044069,100.66488402061856,15.206261945211297,0.0,3.2329212405414047,0.0,0.3514884554919914,0.8357546855938782,0.010718285877879848,268.9438028169014,0.13306468898701077,-0.19230769230769237,5.567607424357997,2.180765623090323,4.113676236044658,0.06654449662123468,-0.18704761904761905,0.023670557717250323,7.108994708994709,1.0484229715384572,2.0430036502694247,Internet Retail,Consumer Cyclical,AMZN
2019Q2,2019,Q2,2019-07-26,2019-06-30,2625000000.0,63404000000.0,3084000000.0,0.26,8731000000.0,0.1377042458,191351000000.0,53061000000.0,76790000000.0,69678000000.0,138290000000.0,18580000000.0,25818000000.0,947639670000.0,983486670000.0,5.381440162271805,1.1020695197910388,0.3055275383980225,1.101807353800343,0.02519326034921521,5.381440162271805,0.049471363148074855,14.946054980758312,90.25139714285714,17.859438570701645,0.0,2.942572658772874,0.0,0.3313491959801621,0.8354143345101753,0.013718245527851959,170.56149568034556,0.13770424578890922,-0.25714285714285706,20.481068289384723,2.0655908678059536,3.6799545648128698,-0.05631214872460009,-0.2628475147430497,-0.302262443438914,1.9387504408273593,1.000783765774387,2.0782696780197893,Internet Retail,Consumer Cyclical,AMZN
2019Q1,2019,Q1,2019-04-26,2019-03-31,3561000000.0,59700000000.0,4420000000.0,0.35,9252000000.0,0.1549748744,178102000000.0,48410000000.0,69431000000.0,63695000000.0,129692000000.0,16432000000.0,23193000000.0,890767290000.0,924249290000.0,4.929735234215886,1.0900541643771096,0.3177785763214338,1.169117950836604,0.034096687080557686,4.929735234215886,0.07355918198719273,14.92072512562814,62.536316343723676,18.4004810989465,0.0,3.0701071080817917,0.0,0.33520117685371303,0.8320747311405918,0.019994160649515445,-616.8748545706371,0.1549748743718593,0.16666666666666663,29.89047295768274,1.8332279805559388,3.391321083925847,-0.06545454545454546,0.17641228939544104,0.16745905969360803,5.658770143280809,0.9660885782033202,2.1470660006989455,Internet Retail,Consumer Cyclical,AMZN
2018Q4,2018,Q4,2019-02-01,2018-12-31,3027000000.0,72383000000.0,3786000000.0,0.3,9900000000.0,0.1367724466,162648000000.0,43549000000.0,75101000000.0,68391000000.0,119099000000.0,17174000000.0,19625000000.0,735965300000.0,744002300000.0,4.443775510204081,1.098112324721089,0.14445305198957256,0.5395072217502124,0.05095819452941129,4.443775510204081,0.06950791062940595,10.167654007156376,60.78339114634952,16.89970607821075,0.0,3.6382322114824737,0.0,0.4450285278638532,0.8469974119401675,0.018610742216319906,57.754476967746996,0.13677244656894574,0.03448275862068969,10.838152164631543,1.6441531613231528,3.176583590546828,0.2168141592920354,0.04994797086368366,0.01664876476906552,5.0237530696926065,0.9422214965377428,2.1210019273698713,Internet Retail,Consumer Cyclical,AMZN
2018Q3,2018,Q3,2018-10-26,2018-09-30,2883000000.0,56576000000.0,3724000000.0,0.29,8136000000.0,0.1438065611,143695000000.0,39125000000.0,59885000000.0,55324000000.0,104570000000.0,15862000000.0,16616000000.0,978127680000.0,982386680000.0,4.008709016393443,1.0824416166582316,0.17178050732454156,0.6309009584664537,0.04961603006686945,4.008709016393443,0.07368690095846646,17.288738687782807,84.81856399583768,25.000068498402555,0.0,3.0538393645189763,0.0,0.3937228156860016,0.7957306051623165,0.02006332857789067,186.80818945760123,0.14380656108597284,0.15999999999999992,66.85020991603359,2.099814696166934,3.0320898437147643,0.14996466431095407,0.13772691397000789,0.2484076433121019,33.9980286366466,1.1396526333074308,2.018625614918956,Internet Retail,Consumer Cyclical,AMZN
2018Q2,2018,Q2,2018-07-27,2018-06-30,2534000000.0,52886000000.0,2983000000.0,0.25,7075000000.0,0.1337783156,134100000000.0,34995000000.0,54481000000.0,50801000000.0,99105000000.0,14824000000.0,13733000000.0,826102800000.0,830917800000.0,3.6003086419753085,1.072439518907108,0.18372856077554064,0.7040434347763966,0.04860164989351212,3.6003086419753085,0.07241034433490498,15.620443973830504,81.5018547750592,23.606309472781824,0.0,3.0903264975715055,0.0,0.3943773303504847,0.7806342394834748,0.01889634601043997,196.41055634807418,0.1337783156222819,0.5625,340.6543209876543,2.1597957271246457,2.7598551259378006,0.22915218902015289,0.5555555555555556,0.5480020757654385,25.466675612810874,1.1918671696880787,1.8574849350823746,Internet Retail,Consumer Cyclical,AMZN
2018Q1,2018,Q1,2018-04-27,2018-03-31,1629000000.0,51042000000.0,1927000000.0,0.16,5756000000.0,0.1127698758,126362000000.0,31463000000.0,50829000000.0,48045000000.0,94899000000.0,13840000000.0,11199000000.0,700512560000.0,708476560000.0,3.250309917355372,1.0579456759288168,0.19499533087478832,0.7831421034230683,0.0292025791214541,3.250309917355372,0.05177510091218256,13.724238078445202,107.50653161448743,22.264646092235328,0.0,3.2721098265895954,0.0,0.40393472721229484,0.7698824019148715,0.0128915338472009,-143.28340355901003,0.11276987578856627,-0.15789473684210525,17.675544245111872,1.9859177565094859,2.5078060066335253,-0.1371608454504572,-0.12230603448275862,-0.09402914903620123,28.457046541974773,1.1586602598920166,1.780086657905358,Internet Retail,Consumer Cyclical,AMZN
2017Q4,2017,Q4,2018-02-02,2017-12-31,1856000000.0,60453000000.0,2127000000.0,0.19,6671000000.0,0.1103501894,131310000000.0,27709000000.0,60197000000.0,57883000000.0,103601000000.0,16047000000.0,8636000000.0,564854010000.0,582258010000.0,2.868426501035197,1.039977195376881,0.188431954915848,0.8929589664008084,0.03212951188878666,2.868426501035197,0.06698184705330398,9.34368865068731,76.08486126077587,20.385218160164566,0.0,3.351529880974637,0.0,0.4603838245373543,0.7627455384136966,0.01413449089939837,76.21832546215086,0.11035018940333813,6.307692307692308,16.985187082452885,1.671775285414065,2.179359451831004,0.7413208039676324,6.25,5.129682997118156,7.331727327257599,0.9801197339499688,1.4782606768091076,Internet Retail,Consumer Cyclical,AMZN
2017Q3,2017,Q3,2017-10-27,2017-09-30,256000000.0,43744000000.0,347000000.0,0.026,3831000000.0,0.0875777249,115267000000.0,24658000000.0,48578000000.0,47072000000.0,90609000000.0,13711000000.0,6779000000.0,462409350000.0,474352350000.0,2.563201663201663,1.0319935418082937,0.21437184970546644,1.0021088490550734,0.005738740207873086,2.563201663201663,0.010382026117284452,10.570806282004389,451.571630859375,18.75291386162706,0.0,2.9110203486251915,0.0,0.3795015052009682,0.7407163494221618,0.002220930535192206,387.9273070469799,0.08757772494513533,0.29999999999999993,1.8779762356404692,1.9774466071728132,2.067833051150938,0.008954437713984725,0.29949238578680204,-0.44745222929936307,1.5638900650342298,1.0461154767000533,1.2963668151361651,Internet Retail,Consumer Cyclical,AMZN
2017Q2,2017,Q2,2017-07-28,2017-06-30,197000000.0,37955000000.0,628000000.0,0.02,3797000000.0,0.1000395205,87781000000.0,23214000000.0,41007000000.0,40520000000.0,64567000000.0,11510000000.0,6524000000.0,463672000000.0,458152000000.0,2.4231732776617956,1.0120187561697926,0.08752463517162028,0.3309640734039804,0.006073264253670118,2.4231732776617956,0.008486258292409753,12.21636148070083,588.4162436548223,19.973808908417332,0.0,2.9676802780191136,0.0,0.43238286189494307,0.7279615004935834,0.00224422141465693,349.15060240963857,0.10003952048478461,-0.7297297297297297,25.497763197136894,1.7845049179453194,1.912328176483597,0.008767268862911796,-0.7279005524861878,-0.37512437810945276,2.504738708287769,0.8887650504217465,1.1073059441654172,Internet Retail,Consumer Cyclical,AMZN
2017Q1,2017,Q1,2017-04-28,2017-03-31,724000000.0,35714000000.0,1005000000.0,0.074,3764000000.0,0.1053928431,80969000000.0,21674000000.0,39460000000.0,37399000000.0,59295000000.0,10600000000.0,6327000000.0,422879580000.0,415130580000.0,2.2719077568134174,1.0551084253589669,0.09498697032197508,0.3548491279874504,0.02600050134278035,2.2719077568134174,0.033404078619544156,11.840722965783726,146.02195441988948,19.510915382485926,0.0,3.0141509433962264,0.0,0.4410823895564969,0.7716783871226504,0.008941693734639183,-122.53827296435816,0.10539284314274514,-0.038961038961038995,4.289017900338655,1.5723981177390927,1.8309014271392605,-0.16707236114184554,-0.03337783711615487,-0.199203187250996,5.464787638791832,0.7446519428698076,1.0237753062241906,Internet Retail,Consumer Cyclical,AMZN
2016Q4,2016,Q4,2017-02-10,2016-12-31,749000000.0,43741000000.0,1255000000.0,0.077,4519000000.0,0.1033126815,83402000000.0,19285000000.0,45781000000.0,43816000000.0,64117000000.0,11461000000.0,4916000000.0,356938120000.0,352817120000.0,2.025735294117647,1.044846631367537,0.09225198436488334,0.3989629245527612,0.03000109926041835,2.025735294117647,0.038838475499092556,8.160264282938204,119.13822429906541,18.508588021778582,0.0,3.422214466451444,0.0,0.5244598450876478,0.7832755157933176,0.008980599985611857,41.28361323155216,0.10331268146590156,1.9615384615384617,3.027168494516451,1.3881282935984334,1.3660128612486635,0.5144101876675603,1.9722222222222223,1.182608695652174,2.0153827221265077,0.644855925721209,0.9039334387561715,Internet Retail,Consumer Cyclical,AMZN
2016Q3,2016,Q3,2016-10-28,2016-09-30,252000000.0,32714000000.0,575000000.0,0.026,2984000000.0,0.0912147704,70897000000.0,17782000000.0,35609000000.0,33498000000.0,53115000000.0,10696000000.0,4167000000.0,396884940000.0,391433940000.0,1.8757383966244725,1.0630186876828467,0.1157312721271704,0.46142166235519066,0.011806780720769284,1.8757383966244725,0.014171634236868744,12.131960017118054,393.7350595238095,22.319476999212686,0.0,2.779543754674645,0.0,0.4614299617755335,0.7437160427488209,0.00355445223352187,150.05101701323252,0.09121477043467628,-0.7078651685393259,2.831223628691983,1.8809913982399213,1.193111594302113,-0.13906520484708598,-0.705950991831972,-0.5525291828793775,6.925903056498919,0.8453494664269117,0.8866786557882336,Internet Retail,Consumer Cyclical,AMZN
2016Q2,2016,Q2,2016-07-29,2016-06-30,857000000.0,30404000000.0,1285000000.0,0.089,3466000000.0,0.1139981581,65076000000.0,16538000000.0,32220000000.0,29587000000.0,48538000000.0,9588000000.0,3915000000.0,338488260000.0,334179260000.0,1.7482029598308668,1.0889917869334504,0.12619091523756837,0.49655339218768896,0.038399945168393006,1.7482029598308668,0.05182005079211513,11.133017366136034,98.74219953325554,20.467303180553873,0.0,2.8095536086775135,0.0,0.4672075726842461,0.7649305438199209,0.013169217530272297,192.98076396807298,0.11399815813708722,0.6635514018691588,3.2971895996369383,1.9373972162464603,1.0397577354884293,0.13676615283699572,0.6705653021442495,0.19981325863678806,119.02839021443673,0.8664834318615314,0.8256739944643886,Internet Retail,Consumer Cyclical,AMZN
2016Q1,2016,Q1,2016-04-29,2016-03-31,513000000.0,29128000000.0,1071000000.0,0.0535,3049000000.0,0.1046759132,61128000000.0,14756000000.0,30513000000.0,28187000000.0,46372000000.0,9582000000.0,3058000000.0,279604440000.0,275353440000.0,1.5664543524416137,1.082520310781566,0.1344555686428478,0.5569937652480347,0.02564756652487882,1.5664543524416137,0.034765519110870155,9.599163691293601,136.25947368421052,18.94852534562212,0.0,2.721665623043206,0.0,0.4765083104305719,0.7425763649909533,0.008392226148409895,-83.7389757412399,0.10467591321065642,0.06999999999999992,1.44386348512216,1.829577178708612,0.9231547922993542,-0.07297050775311645,0.06431535269709543,-0.033393501805054154,5.043576200093211,0.7509965028266727,0.6905520169851381,Internet Retail,Consumer Cyclical,AMZN
2015Q4,2015,Q4,2016-01-29,2015-12-31,482000000.0,35747000000.0,1108000000.0,0.05,3289000000.0,0.0920077209,65444000000.0,13384000000.0,36474000000.0,33899000000.0,52060000000.0,10243000000.0,2545000000.0,317668300000.0,315961300000.0,1.4238297872340426,1.0759609428006727,0.12583277305788154,0.6152869097429767,0.026499828242767188,1.4238297872340426,0.036013150029886434,8.886572299773407,164.76571576763484,23.73492976688583,0.0,3.168798203651274,0.0,0.5462227247723245,0.7737986371279388,0.007365075484383595,42.33883779821405,0.0920077209276303,4.88235294117647,0.11181464811783964,1.649409786872503,0.8710583742498637,0.5114889705882353,5.10126582278481,1.729064039408867,3.799912261460847,0.6235697221677559,0.5781707114361703,Internet Retail,Consumer Cyclical,AMZN
2015Q3,2015,Q3,2015-10-23,2015-09-30,79000000.0,25358000000.0,406000000.0,0.0085,2176000000.0,0.0858111838,56230000000.0,12430000000.0,28849000000.0,26657000000.0,43800000000.0,8981000000.0,2063000000.0,239564520000.0,237098520000.0,1.327991452991453,1.0822298083055109,0.14659434465587765,0.6631536604987932,0.006837920180266031,1.327991452991453,0.006355591311343524,9.447295528038488,758.1155696202532,19.27309090909091,0.0,2.581227034851353,0.0,0.4509692335052463,0.7453201785647298,0.0014049439800818068,169.30354770318021,0.08581118384730657,-0.10526315789473675,-0.6726236726236727,2.2108895220006333,0.8600599372836358,0.02207609206200094,-0.14130434782608695,-0.125,1.2784640339384865,0.77394320071417,0.5894403197461584,Internet Retail,Consumer Cyclical,AMZN
2015Q2,2015,Q2,2015-07-24,2015-06-30,92000000.0,23185000000.0,464000000.0,0.0095,2129000000.0,0.091826612,52440000000.0,11768000000.0,26391000000.0,23912000000.0,40672000000.0,7470000000.0,1984000000.0,202720030000.0,200701030000.0,1.2599571734475374,1.1036717965874874,0.15732265446224256,0.7010537049626104,0.006146953929308926,1.2599571734475374,0.007817811012916384,8.743585507871469,550.8696467391304,17.226379163834128,0.0,2.8187416331994646,0.0,0.44212433257055683,0.7912763466042154,0.0017543859649122807,258.5714668367347,0.09182661203364244,2.5833333333333335,-0.5745895788722342,2.37984562612798,0.9231717825885241,0.17689331122166943,2.6140350877192984,0.8196078431372549,11.69256653410829,0.7446355855481577,0.5142989612920437,Internet Retail,Consumer Cyclical,AMZN
2015Q1,2015,Q1,2015-04-24,2015-03-31,-57000000.0,22717000000.0,255000000.0,-0.006,1809000000.0,0.0796319937,50075000000.0,10873000000.0,25922000000.0,23177000000.0,39202000000.0,7369000000.0,1892000000.0,173026500000.0,171046500000.0,1.1691397849462366,1.1184363808948528,0.16489266100848726,0.7594040283270487,-0.031737734299156155,1.1691397849462366,-0.005242343419479444,7.616608707135625,-758.8881578947369,15.913409362641405,0.0,2.8372913556791968,0.0,0.45365951073389915,0.8004918669370497,-0.0011382925611582626,-73.00696202531645,0.07963199366113484,-1.2666666666666666,-1.1824360772467364,2.04865022173367,0.852143838736473,-0.30369515011547343,-1.266355140186916,-0.5685279187817259,-1.4271464019851117,0.6784796995608403,0.4568018775426907,Internet Retail,Consumer Cyclical,AMZN
2014Q4,2014,Q4,2015-01-30,2014-12-31,214000000.0,29329000000.0,591000000.0,0.0225,2598000000.0,0.0885842881,54505000000.0,10741000000.0,31327000000.0,28089000000.0,43764000000.0,8299000000.0,1949000000.0,144002400000.0,141934400000.0,1.1574353448275863,1.1152764427355903,0.1516374644528025,0.7694814263103994,0.016236315510229016,1.1574353448275863,0.019923657015175497,4.909898053121484,168.22710280373832,13.4067963876734,0.0,3.220869984335462,0.0,0.538097422254839,0.8198227063975222,0.003926245298596459,25.85321364452424,0.08858126768727198,1.473684210526316,-0.47153376436781613,1.921426760359316,0.9374987701127561,1.9322799097065462,1.4897025171624714,2.0863970588235294,0.18037697253068397,0.6426883386515108,0.3518582214951568,Internet Retail,Consumer Cyclical,AMZN
2014Q3,2014,Q3,2014-10-24,2014-09-30,-437000000.0,20579000000.0,-544000000.0,-0.0475,886000000.0,0.0430535983,40419000000.0,10336000000.0,18572000000.0,20842000000.0,30083000000.0,7316000000.0,1735000000.0,149289720000.0,147130720000.0,1.1161987041036716,0.8910853085116591,0.07667186224300453,0.29982585139318885,-0.027398656224208395,1.1161987041036716,-0.042279411764705885,7.254469119004811,-85.40601830663616,14.443664860681116,0.0,2.691771459814106,0.0,0.5091417402706648,0.5400633336532003,-0.010811746950691507,384.7673195876289,0.04305359832839302,-2.5185185185185186,-3.0489488479112623,2.5237915927269037,1.6900855797644971,-0.3353338334583646,-2.4682539682539684,-35.266666666666666,-7.8016730090164215,0.8553674367323139,0.305058489989871,Internet Retail,Consumer Cyclical,AMZN
2014Q2,2014,Q2,2014-07-25,2014-06-30,-126000000.0,19340000000.0,-15000000.0,-0.0135,1333000000.0,0.0689245088,37898000000.0,10602000000.0,18755000000.0,18751000000.0,27296000000.0,6644000000.0,2172000000.0,149723580000.0,147785580000.0,1.149891540130152,1.0002133219561624,0.08229985751226977,0.29418977551405395,-0.004899221793034196,1.149891540130152,-0.011884550084889643,7.741653567735264,-297.0705952380953,14.122201471420487,0.0,2.7102649006622515,0.0,0.5103171671328303,0.645885552770519,-0.0033247137052087182,-349.8214485981308,0.06892450879007239,-2.173913043478261,-1.8295805199963338,2.8876438766463113,2.0442460306885475,-0.03265602322206096,-2.1666666666666665,-1.1027397260273972,-1.6482379530045086,0.9171170966147347,0.3416635355543048,Internet Retail,Consumer Cyclical,AMZN
2014Q1,2014,Q1,2014-04-25,2014-03-31,108000000.0,19741000000.0,146000000.0,0.0115,1378000000.0,0.0698039613,36364000000.0,10328000000.0,19327000000.0,18357000000.0,26036000000.0,6716000000.0,2298000000.0,154728360000.0,152801360000.0,1.122608695652174,1.0528408781391294,0.08654163458365416,0.30470565453137105,0.004243661100803959,1.122608695652174,0.010457010069713401,7.837919051719771,358.1675,14.981444616576297,0.0,2.7342167957117334,0.0,0.5428720712792872,0.6869858909407855,0.002969970300296997,-43.19608040201005,0.06980396129881972,-0.5490196078431372,-0.43095062638172443,2.765724741433742,2.3008850612390854,-0.31134432783608196,-0.5481171548117155,-0.7137254901960784,-0.47319922128488,0.9635551428911697,0.3782401571774341,Internet Retail,Consumer Cyclical,AMZN
2013Q4,2013,Q4,2014-01-31,2013-12-31,239000000.0,25587000000.0,510000000.0,0.0255,2001000000.0,0.0782037754,40159000000.0,9746000000.0,24625000000.0,22980000000.0,30413000000.0,7411000000.0,2190000000.0,182645820000.0,179168820000.0,1.0639737991266376,1.0715839860748477,0.07945914987923006,0.32741637594910733,0.02377546174219357,1.0639737991266376,0.024522881182023393,7.138227224762574,191.05211297071128,18.740593063821052,0.0,3.1825664552691943,0.0,0.6371423591224881,0.7490861618798955,0.005951343409945467,38.869082783570974,0.0782037753546723,6.666666666666667,-0.005036390101892275,2.5755426593189386,2.4165026933033493,1.0887265135699373,6.829268292682927,21.4,-0.4342616308364125,0.9460826689125266,0.3981706975702609,Internet Retail,Consumer Cyclical,AMZN
2013Q3,2013,Q3,2013-10-25,2013-09-30,-41000000.0,17092000000.0,-25000000.0,-0.0045,958000000.0,0.0560496139,31861000000.0,9087000000.0,17334000000.0,16135000000.0,22774000000.0,6068000000.0,1950000000.0,142876480000.0,142047480000.0,0.9942013129102845,1.074310505113108,0.09550861554879006,0.3348739958182018,-0.0014858413696581603,0.9942013129102845,-0.004511940134257731,8.359260472735782,-871.1980487804879,15.72317376471883,0.0,2.658866183256427,0.0,0.5364552273939927,0.6660055779361637,-0.0012868397099902703,408.21851428571426,0.05604961385443483,-3.4999999999999996,-1.3246485925156697,2.74530648942241,2.359904713990435,-0.10634328358208955,-4.857142857142857,-1.3164556962025316,-1.1739937669915788,1.2163222303266068,0.39253458866283397,Internet Retail,Consumer Cyclical,AMZN
2013Q2,2013,Q2,2013-07-26,2013-06-30,-7000000.0,15704000000.0,79000000.0,-0.001,1072000000.0,0.068262863,29623000000.0,8733000000.0,16285000000.0,14735000000.0,20890000000.0,5420000000.0,1991000000.0,128637600000.0,127975600000.0,0.9575657894736842,1.1051917203936206,0.10269047699422745,0.34833390587427,0.0015786187086299492,0.9575657894736842,-0.0008015573113477613,8.19139072847682,-4594.2,14.730058399175542,0.0,2.699630996309963,0.0,0.5301286162778922,0.7006447234475738,-0.0002363028727677818,5145.504,0.06826286296484972,-1.111111111111111,-1.0408061292471684,2.559982900889931,2.6069742742506494,-0.01651376146788991,-1.0853658536585367,-0.56353591160221,-1.0331489956775997,1.3445099956714814,0.4616080173970868,Internet Retail,Consumer Cyclical,AMZN
2013Q1,2013,Q1,2013-04-26,2013-03-31,82000000.0,16070000000.0,181000000.0,0.009,1090000000.0,0.0678282514,28377000000.0,8432000000.0,16313000000.0,14332000000.0,19945000000.0,5395000000.0,1998000000.0,119032550000.0,117591550000.0,0.9265934065934066,1.138222160200949,0.10712901293300912,0.3605313092979127,0.019283666511699986,0.9265934065934066,0.009724857685009488,7.407128189172371,362.9041158536586,14.116763519924099,0.0,2.7766450417052826,0.0,0.5663036966557423,0.7264164108289143,0.002889664164640378,-39.12970085470086,0.06782825140012445,-0.142857142857143,-0.4744639975409206,2.5617630253664108,4.256999327203409,-0.2871157619359058,-0.15463917525773196,-0.5530864197530864,-0.7317799257598588,1.2040125069153256,0.46790340311166223,Internet Retail,Consumer Cyclical,AMZN
2012Q4,2012,Q4,2013-01-30,2012-12-31,97000000.0,21268000000.0,405000000.0,0.0105,1529000000.0,0.0718920444,32555000000.0,8192000000.0,21296000000.0,19002000000.0,24363000000.0,6031000000.0,1916000000.0,113894980000.0,109640980000.0,0.9022026431718062,1.1207241343016525,0.09473199201351559,0.37646484375,0.014295009100526383,0.9022026431718062,0.0118408203125,5.355227571939063,293.54376288659796,13.90319580078125,0.0,3.2729232299784448,0.0,0.6532944248195361,0.7794968950636775,0.002979573030256489,37.281499181669396,0.07189204438593191,1.35,-0.5695907552831514,2.44405938748501,5.286023428615592,0.9477707006369427,1.354014598540146,15.464285714285714,-0.755185389133627,1.1651427090660054,0.5102498116629055,Internet Retail,Consumer Cyclical,AMZN
2012Q3,2012,Q3,2012-10-26,2012-09-30,-274000000.0,13806000000.0,-28000000.0,-0.03,785000000.0,0.0568593365,22834000000.0,7553000000.0,13118000000.0,12605000000.0,15281000000.0,5065000000.0,1818000000.0,113908520000.0,110928520000.0,0.8355088495575221,1.040698135660452,0.0,0.0,-0.01769315022327071,0.8355088495575221,-0.03627697603601218,8.250653339127915,-103.93113138686131,15.081228650867205,0.0,2.5707798617966438,0.0,0.6046246824910222,0.6061086870289568,-0.011999649645265831,501.7996475770925,0.05685933652035347,-61.0,-4.137057522123894,2.8765538271216418,8.090687614108125,-0.1354625550660793,-40.142857142857146,-1.2616822429906542,-2.3159603326366347,1.4215663505685059,1.0136112859628985,Internet Retail,Consumer Cyclical,AMZN
2012Q2,2012,Q2,2012-07-27,2012-06-30,7000000.0,12834000000.0,107000000.0,0.0005,908000000.0,0.0707495715,21022000000.0,7505000000.0,11793000000.0,10964000000.0,13517000000.0,4380000000.0,2092000000.0,102985850000.0,100650850000.0,0.832039911308204,1.075611090842758,0.0,0.0,0.0036131163699086454,0.832039911308204,0.000932711525649567,8.024454573788375,3678.0660714285714,13.722298467688208,0.0,2.7228310502283106,0.0,0.6105032822757112,0.6389091572418826,0.0003329844924364951,-1634.6960317460318,0.07074957145083373,-0.9642857142857143,-0.9180169424071863,3.062434599019965,11.465470671235638,-0.010893246187363835,-0.9461538461538461,-0.4427083333333333,-0.9528902907466976,1.6370382165149615,1.2027592246550118,Internet Retail,Consumer Cyclical,AMZN
2012Q1,2012,Q1,2012-04-27,2012-03-31,130000000.0,13185000000.0,192000000.0,0.014,918000000.0,0.0696245734,20339000000.0,7271000000.0,12154000000.0,10488000000.0,13068000000.0,4255000000.0,2085000000.0,91737030000.0,89449030000.0,0.8025386313465783,1.1588482074752098,0.0,0.0,0.012888775369864628,0.8025386313465783,0.017879246321001237,6.957681456200228,176.41736538461538,12.616838124054464,0.0,2.882961222091657,0.0,0.6482619597817002,0.7177726926010679,0.006391661340282216,-32.48478399433428,0.0696245733788396,-0.2631578947368421,0.06517113139629703,2.9773318836282168,17.733479666560356,-0.15,-0.2655367231638418,-0.26153846153846155,-0.3044486848505257,1.5539899680184872,1.3597606089628655,Internet Retail,Consumer Cyclical,AMZN
2011Q4,2011,Q4,2012-02-01,2011-12-31,177000000.0,17431000000.0,260000000.0,0.019,1080000000.0,0.0619585795,25278000000.0,7757000000.0,17490000000.0,14896000000.0,17521000000.0,4992000000.0,1955000000.0,78414300000.0,74560300000.0,0.8561810154525387,1.174140708915145,0.055977529867869295,0.18241588242877402,0.019417274105455528,0.8561810154525387,0.02281809978084311,4.4985542998106824,110.75466101694916,10.1088436251128,0.0,3.2754407051282053,0.0,0.6895719598069467,0.8154538131041891,0.007002136244956088,21.084780855068566,0.06195857954219494,1.7142857142857142,0.6595889943333103,2.9772603671348614,15.368750736261992,0.6338880484114977,1.8095238095238095,2.2911392405063293,-0.2550110375275939,1.4627037611902547,1.7492638894396637,Internet Retail,Consumer Cyclical,AMZN
2011Q3,2011,Q3,2011-10-26,2011-09-30,63000000.0,10876000000.0,79000000.0,0.007,661000000.0,0.0607760206,19054000000.0,7766000000.0,11904000000.0,8978000000.0,11288000000.0,3770000000.0,1778000000.0,98168420000.0,97655420000.0,0.8552863436123348,1.3259077745600356,0.12123438648052902,0.29745042492917845,0.003799584694781202,0.8552863436123348,0.008112284316250322,9.02615115851416,389.55722222222226,12.6407957764615,0.0,2.7095490716180373,0.0,0.5707987824078934,0.871240810871018,0.0033063923585598823,366.3000746268657,0.060776020595807285,-0.6585365853658537,2.0455599350799907,3.3301386891838476,35.3933066618718,-0.11748998664886515,-0.6701570680628273,-0.6069651741293532,-0.4978533562308669,1.398965625542396,1.8904413828450097,Internet Retail,Consumer Cyclical,AMZN
2011Q2,2011,Q2,2011-07-27,2011-06-30,191000000.0,9913000000.0,201000000.0,0.0205,749000000.0,0.0755573489,17941000000.0,7765000000.0,11279000000.0,8045000000.0,10176000000.0,3229000000.0,1715000000.0,92633970000.0,90586970000.0,0.8570640176600441,1.401988812927284,0.0,0.0,0.020248121914573945,0.8570640176600441,0.024597553122987767,9.344695853929183,121.24865183246074,11.929680618158404,0.0,2.838030349953546,0.0,0.552533303606265,0.9686761963952766,0.01064600635416086,-9263.397,0.07555734893574094,-0.0681818181818181,7.011037527593819,3.2763417123596574,17.707715894616104,-0.08098159509202454,-0.04975124378109453,-0.37577639751552794,0.12079805515969487,1.2620873559321484,2.228402577732902,Internet Retail,Consumer Cyclical,AMZN
2011Q1,2011,Q1,2011-04-27,2011-03-31,201000000.0,9857000000.0,322000000.0,0.022,815000000.0,0.0826823577,16882000000.0,7347000000.0,11288000000.0,7730000000.0,9535000000.0,2888000000.0,1525000000.0,81238630000.0,78597630000.0,0.8145232815964524,1.4602846054333765,0.0,0.0,0.031121745719075215,0.8145232815964524,0.02735810534912209,8.241719590138988,101.04307213930349,11.057388049544032,0.0,3.130886426592798,0.0,0.5838763179718043,1.058861578266494,0.011906172254472219,-43.120291932059445,0.08268235771532921,-0.5164835164835165,2.6440589539585235,2.999078640513159,19.966432618871647,-0.2025440313111546,-0.5168269230769231,-0.3206751054852321,0.29962941714604696,1.2040871152912913,3.6211729037513014,Internet Retail,Consumer Cyclical,AMZN
2010Q4,2010,Q4,2011-01-28,2010-12-31,416000000.0,12947000000.0,474000000.0,0.0455,1022000000.0,0.0789311091,18797000000.0,6864000000.0,13747000000.0,10372000000.0,11933000000.0,3202000000.0,1324000000.0,81180000000.0,78044000000.0,0.7609756097560976,1.3253952950250676,0.03410118635952546,0.09338578088578088,0.052673184938631164,0.7609756097560976,0.06060606060606061,6.27017841971113,48.78605769230769,11.826923076923077,0.0,3.7245471580262337,0.0,0.6887801244879502,0.9977824913227922,0.02213119114752354,25.689873417721518,0.07893720553023867,0.7843137254901962,1.2233443984466117,3.021145858082699,24.79892920880428,0.5674846625766872,0.8008658008658008,0.7686567164179104,0.858157395803207,1.1105344181086378,4.3020355767467455,Internet Retail,Consumer Cyclical,AMZN
2010Q3,2010,Q3,2010-10-22,2010-09-30,231000000.0,7560000000.0,268000000.0,0.0255,652000000.0,0.0862433862,14162000000.0,6397000000.0,9559000000.0,6375000000.0,7765000000.0,2515000000.0,908000000.0,70362880000.0,68987880000.0,0.7139508928571429,1.499450980392157,0.011580285270442027,0.025637017351883694,0.029796243055164075,0.7139508928571429,0.0361106768797874,9.30725925925926,76.15030303030304,10.999355948100671,0.0,2.746719681908549,0.0,0.5338229063691569,1.0735686274509804,0.016311255472390904,130.30162962962962,0.08624338624338625,0.1333333333333333,6.098437499999999,2.7510091496232505,981.8723958333334,0.05331179321486268,0.11594202898550725,-0.007407407407407408,1.6683593749999999,1.141707541385653,6.768085930167073,Internet Retail,Consumer Cyclical,AMZN
2010Q2,2010,Q2,2010-07-23,2010-06-30,207000000.0,6566000000.0,270000000.0,0.0225,619000000.0,0.0942735303,12397000000.0,5857000000.0,8118000000.0,5250000000.0,6540000000.0,1940000000.0,678000000.0,48839220000.0,47342220000.0,0.655145413870246,1.5462857142857143,0.01064773735581189,0.022537135052074442,0.03172482885289698,0.655145413870246,0.035342325422571284,7.438199817240329,58.98456521739131,8.33860679528769,0.0,3.0654639175257734,0.0,0.5296442687747036,1.1262857142857143,0.016697588126159554,904.43,0.09427353030764545,-0.31818181818181823,2.660170366546205,2.4439216376910915,85.14523909395972,-0.13788300835654596,-0.3076923076923077,-0.3147208121827411,1.4460505937016004,1.096979788254956,8.81526947325605,Internet Retail,Consumer Cyclical,AMZN
2010Q1,2010,Q1,2010-04-23,2010-03-31,299000000.0,7131000000.0,394000000.0,0.033,718000000.0,0.1006871407,12042000000.0,5618000000.0,7964000000.0,5193000000.0,6424000000.0,1820000000.0,471000000.0,60417650000.0,58704650000.0,0.6312359550561798,1.5336029270171385,0.010878591596080385,0.023317906728373087,0.051442970240080786,0.6312359550561798,0.05322178711285155,8.472535408778572,50.516429765886286,10.754298682805269,0.0,3.5236263736263735,0.0,0.5921773791728948,1.1319083381475064,0.024829762497923933,-48.80262520193861,0.10068714065348479,-0.2235294117647059,4.297752808988764,2.4543295643852123,32.951449576917746,-0.1756601607347876,-0.22135416666666666,-0.1722689075630252,1.493936633262476,1.1897791939180502,13.73479963077315,Internet Retail,Consumer Cyclical,AMZN
2009Q4,2009,Q4,2010-01-29,2009-12-31,384000000.0,9520000000.0,476000000.0,0.0425,871000000.0,0.0915012081,13813000000.0,5257000000.0,9797000000.0,7364000000.0,8556000000.0,2171000000.0,172000000.0,59188800000.0,55996800000.0,0.5973863636363637,1.3303910917979358,0.007891117063635706,0.02073425908312726,0.07269803662756699,0.5973863636363637,0.07304546319193456,6.217310924369748,38.534375,11.259045082746812,0.0,3.9834177798249653,0.0,0.689205820603779,0.9986420423682781,0.02779989864620285,23.924333063864186,0.09149159663865546,0.8888888888888891,0.03210431805595182,2.491165772808255,22.559555575294247,0.7703252032520326,0.9296482412060302,0.896414342629482,2.7068416119962513,1.2363727592026639,10.421029318709133,Internet Retail,Consumer Cyclical,AMZN
2009Q3,2009,Q3,2009-10-23,2009-09-30,199000000.0,5449000000.0,251000000.0,0.0225,492000000.0,0.0902917967,8972000000.0,3585000000.0,6369000000.0,4537000000.0,5387000000.0,1617000000.0,-212000000.0,40331520000.0,37933520000.0,0.4149305555555556,1.4037910513555212,0.012929112795363353,0.032357043235704326,0.05228832314765352,0.4149305555555556,0.05550906555090655,7.401636997614241,50.667738693467335,11.250075313807532,0.0,3.0655534941249227,0.0,0.6073339277753009,1.0297553449415913,0.02218011591618368,57.94758620689655,0.0902917966599376,0.40624999999999994,2.459493369900456,2.5072133284329645,5.6799513956207175,0.15764705882352942,0.4014084507042254,0.5786163522012578,9.110014619883042,1.2799300438279628,16.655718537414966,Internet Retail,Consumer Cyclical,AMZN
2009Q2,2009,Q2,2009-07-24,2009-06-30,142000000.0,4651000000.0,159000000.0,0.016,425000000.0,0.0913781982,7675000000.0,3256000000.0,5304000000.0,3636000000.0,4419000000.0,1325000000.0,-411000000.0,36057460000.0,34230460000.0,0.3777262180974478,1.4587458745874586,0.014201954397394136,0.033476658476658476,0.036956178870562066,0.3777262180974478,0.04361179361179361,7.752625241883466,63.48144366197183,11.074158476658477,0.0,3.1894339622641508,0.0,0.6059934853420196,1.044004400440044,0.018501628664495114,92.45502564102564,0.0913781982369383,-0.21951219512195125,0.7458442951586753,2.1523044957668787,4.871247403602581,-0.057649667405764965,-0.1977401129943503,-0.3483606557377049,5.259860788863109,1.1087959874564628,7.244885596069618,Internet Retail,Consumer Cyclical,AMZN
2009Q1,2009,Q1,2009-04-24,2009-03-31,177000000.0,4889000000.0,244000000.0,0.0205,451000000.0,0.0922479035,6980000000.0,2918000000.0,4775000000.0,3410000000.0,4062000000.0,1266000000.0,-553000000.0,31505760000.0,29878760000.0,0.3400932400932401,1.400293255131965,0.010601719197707736,0.025359835503769704,0.058861264447127824,0.3400932400932401,0.06065798492117889,6.44421354060135,44.499661016949155,10.797039067854696,0.0,3.505529225908373,0.0,0.7004297994269341,0.9727272727272728,0.02535816618911175,-49.22775,0.09224790345673962,-0.20368888888888886,0.49813156538250114,2.0051143551253654,4.032802746670489,-0.1343570057581574,-0.21333333333333335,-0.10622710622710622,2.3735088440970795,1.0852324507436397,7.754251920918589,Internet Retail,Consumer Cyclical,AMZN
2008Q4,2008,Q4,2009-01-30,2008-12-31,225000000.0,6703000000.0,273000000.0,0.02574370709382151,521000000.0,0.0777263912,8314000000.0,2672000000.0,6157000000.0,4746000000.0,5642000000.0,1399000000.0,-730000000.0,21999120000.0,19698120000.0,0.31142191142191145,1.2973029919932575,0.07120519605484725,0.2215568862275449,0.06155661522034556,0.31142191142191145,0.08420658682634731,3.2819812024466657,24.443466666666666,8.233203592814371,0.0,4.418870621872767,0.0,0.8062304546547991,0.9595448798988622,0.02706278566273755,14.975575221238937,0.07772639116813367,0.9069412662090008,1.8931829031618517,2.2404753320698254,3.4258463841865945,0.5233918128654971,0.9067796610169492,0.7727272727272727,0.2641982295161485,1.188613871852031,9.557962362840412,Internet Retail,Consumer Cyclical,AMZN
2008Q3,2008,Q3,2008-10-22,2008-09-30,118000000.0,4264000000.0,154000000.0,0.0135,342000000.0,0.080206379,6566000000.0,2527000000.0,4430000000.0,3144000000.0,4039000000.0,1315000000.0,-955000000.0,31068520000.0,29853520000.0,0.2959016393442623,1.409033078880407,0.06625038074931465,0.17214087851206966,0.03513738118734743,0.2959016393442623,0.04669568658488326,7.2862382739212,65.82313559322033,12.294626038781164,0.0,2.982509505703422,0.0,0.6494060310691441,0.9290712468193384,0.017971367651538228,96.18736842105262,0.08020637898686679,-0.27027027027027023,6.065580542092193,2.502585142728459,3.0334949252742853,-0.017241379310344827,-0.25316455696202533,-0.2903225806451613,2.8043715846994535,1.2196968360126343,406.3579234972678,Internet Retail,Consumer Cyclical,AMZN
2008Q2,2008,Q2,2008-07-25,2008-06-30,158000000.0,4063000000.0,217000000.0,0.0185,348000000.0,0.0856509968,6322000000.0,2230000000.0,4236000000.0,3216000000.0,4092000000.0,1107000000.0,-1074000000.0,30798600000.0,30124600000.0,0.2654761904761905,1.3171641791044777,0.13824739006643466,0.3919282511210762,0.05444897402854877,0.2654761904761905,0.07085201793721974,7.580260890967265,48.731962025316456,13.811031390134529,0.0,3.3559168925022584,0.0,0.6426763682378994,0.9222636815920398,0.0249920911104081,110.7863309352518,0.0856509968003938,0.08823529411764693,4.420889319850395,2.4641693153634106,2.6772807329913477,-0.05434782608695652,0.1048951048951049,0.09595959595959595,1.9733516483516484,1.2680751365006926,35.097098214285715,Internet Retail,Consumer Cyclical,AMZN
2008Q1,2008,Q1,2008-04-25,2008-03-31,143000000.0,4135000000.0,198000000.0,0.017,368000000.0,0.0889963724,5883000000.0,1470000000.0,3965000000.0,3551000000.0,4413000000.0,1077000000.0,-1232000000.0,29732100000.0,29609100000.0,0.17625899280575538,1.1165868769360743,0.23338432772395037,0.9340136054421768,0.048784963831837155,0.17625899280575538,0.09727891156462586,7.190350665054414,51.979195804195804,20.22591836734694,0.0,3.4976787372330547,0.0,0.7028726840047594,0.7693607434525486,0.024307326194118645,-42.11345609065156,0.08899637243047158,-0.3002898550724637,14.164774099108223,2.55568884120194,2.0625360001325146,-0.21868365180467092,-0.30917874396135264,-0.2693726937269373,1.7038369304556353,1.137532875907476,9.921751487698728,Internet Retail,Consumer Cyclical,AMZN
2007Q4,2007,Q4,2008-02-11,2007-12-31,207000000.0,5672000000.0,271000000.0,0.024295774647887323,471000000.0,0.0830394922,6485000000.0,1197000000.0,5164000000.0,3714000000.0,5288000000.0,1200000000.0,-1375000000.0,38630880000.0,37435880000.0,0.1435251798561151,1.39041464728056,0.20724749421742483,1.1228070175438596,0.07856491615792813,0.1435251798561151,0.17293233082706766,6.810803949224259,46.65565217391304,32.273082706766914,0.0,4.3341666666666665,0.0,0.8746337702390131,1.0277329025309638,0.031919814957594446,35.935702325581396,0.0830394922425952,1.5574499629355076,71.75476065771298,2.699332219708725,1.8244358338467048,0.8326848249027238,1.5875,1.2032520325203253,-0.41294426153741953,1.1947566138388714,6.179795321617983,Internet Retail,Consumer Cyclical,AMZN
2007Q3,2007,Q3,2007-10-25,2007-09-30,80000000.0,3262000000.0,123000000.0,0.0095,257000000.0,0.0787860208,4618000000.0,761000000.0,3424000000.0,2319000000.0,3857000000.0,970000000.0,-1581000000.0,38671740000.0,38578740000.0,0.09190821256038648,1.4764984907287624,0.27566045907319187,1.6727989487516426,0.03901417832334189,0.09190821256038648,0.10512483574244415,11.85522378908645,120.8491875,50.81700394218134,0.0,3.097938144329897,0.0,0.7063663923776526,1.0275981026304442,0.0173235166738848,230.18892857142856,0.07878602084610668,0.0,3.0912861699139027,2.5138635787480514,1.472024248529033,0.06198347107438017,0.02564102564102564,0.0603448275862069,0.45121854275920376,1.1908504716171289,2.0366215789171886,Internet Retail,Consumer Cyclical,AMZN
2007Q2,2007,Q2,2007-07-26,2007-06-30,78000000.0,2886000000.0,116000000.0,0.0095,242000000.0,0.0838530839,3984000000.0,550000000.0,2859000000.0,1936000000.0,3434000000.0,735000000.0,-1661000000.0,28184920000.0,28436920000.0,0.06674757281553398,1.4767561983471074,0.3152610441767068,2.2836363636363637,0.045134835832510246,0.06674757281553398,0.14181818181818182,9.766084546084546,90.33628205128205,51.245309090909096,0.0,3.5972789115646258,0.0,0.7243975903614458,1.0583677685950412,0.01957831325301205,112.29051792828685,0.08385308385308385,-0.2692307692307692,1.762796053822977,2.2775228446473594,1.3484928067501243,-0.11355311355311355,-0.2972972972972973,-0.2,0.0032099260673518555,1.0462476928082924,1.6840837505546085,Internet Retail,Consumer Cyclical,AMZN
2007Q1,2007,Q1,2007-04-26,2007-03-31,111000000.0,3015000000.0,145000000.0,0.013,273000000.0,0.0905472637,3661000000.0,353000000.0,2600000000.0,1847000000.0,3308000000.0,754000000.0,-1740000000.0,16393480000.0,16896480000.0,0.042839805825242716,1.4076881429344883,0.34170991532368206,3.543909348441926,0.06968256442227765,0.042839805825242716,0.31444759206798867,5.43730679933665,36.92225225225226,46.440453257790374,0.0,3.636604774535809,0.0,0.8235454793772193,0.9626421223605848,0.030319584812892653,-52.375335463258786,0.09054726368159204,0.12577319587628857,5.1961116608220745,2.2213305429399086,1.2208214955598393,-0.18507462686567164,0.14432989690721648,-0.2639593908629442,-0.02172773007584171,0.9296936087559238,1.3820266487449333,Internet Retail,Consumer Cyclical,AMZN
