Quarters,Year,Quarter,FillingDate,Date,NetIncome,Revenue,OperatingIncome,EPSDiluted,GrossProfit,GrossProfitRatio,TotalAssets,CommonStockEquity,CurrentAssets,CurrentLiability,TotalLiability,Inventory,RetainedEarnings,MarketCap,EnterpriseValue,bookValuePerShare,currentRatio,debtToAssets,debtToEquity,roic,shareholdersEquityPerShare,roe,priceToSalesRatio,peRatio,pbRatio,payoutRatio,inventoryTurnover,dividendYield,assetTurnover,quickRatio,returnOnAssets,priceToFreeCashFlowsRatio,grossProfitMargin,epsdilutedGrowth,fiveYNetIncomeGrowthPerShare,fiveYRevenueGrowthPerShare,fiveYShareholdersEquityGrowthPerShare,grossProfitGrowth,netIncomeGrowth,operatingIncomeGrowth,threeYNetIncomeGrowthPerShare,threeYRevenueGrowthPerShare,threeYShareholdersEquityGrowthPerShare,Industry,Sector,Symbol
2023Q1,2023,Q1,2023-05-02,2023-03-31,-24332000.0,46925000.0,-17935000.0,-0.19,32213000.0,0.686478423,969922000.0,563732000.0,830141000.0,91515000.0,406190000.0,57693000.0,-948527000.0,1254905010.0,1334541010.0,4.406876118854606,9.071092170682402,0.26581106521967746,0.45733788395904434,-0.0215547578842213,4.406876118854606,-0.04316235374255852,26.74278124667022,-12.893566188558278,2.2260666593345775,0.0,0.2550049399407207,0.0,0.04838017902470508,8.235742774408568,-0.02508655335171282,47.64436804738221,0.6864784230154501,-1.4222222222222223,0.6985369630109255,136.26924737876809,0.6402621006019688,-0.6989551792456357,-1.3592340513486778,-1.2840738100894908,-0.2908835348672655,1.87163237387047,30.85779347186529,Drug Manufacturers—Specialty & Generic,Healthcare,DVAX
2022Q4,2022,Q4,2023-02-23,2022-12-31,67733000.0,184492000.0,63135000.0,0.45,107004000.0,0.5799926284,985850000.0,581013000.0,683841000.0,150074000.0,404837000.0,59446000.0,-924195000.0,1357546960.0,1413552960.0,4.5537859846852005,4.556692031930914,0.26171324237967236,0.4440692376934767,0.07186109685266474,4.5537859846852005,0.11657742597842045,7.358297161936561,5.010655662675505,2.336517358475628,0.0,1.303502338256569,0.0,0.18714003144494598,5.14352919226515,0.06870517827255668,40.6926339138515,0.5799926284066518,0.046511627906976785,2.1810912673558045,4199.729143316953,0.39220352679136467,0.005667239969549158,0.06149602720619348,0.028307572031206738,2.2113094955025754,10.473227481930675,45.0695926373436,Drug Manufacturers—Specialty & Generic,Healthcare,DVAX
2022Q3,2022,Q3,2022-11-03,2022-09-30,63809000.0,167735000.0,61397000.0,0.43,106401000.0,0.6343398814,999337000.0,500576000.0,932944000.0,244080000.0,498761000.0,102609000.0,-991928000.0,1326527280.0,1385763280.0,3.939620028017818,3.8222877745001638,0.2579830427573481,0.5150306846512818,0.07689788720688945,3.939620028017818,0.12747115323147734,7.908470384833219,5.197257753608425,2.6500017579748127,0.0,0.5977448371975168,0.0,0.16784628208502236,2.940036053752868,0.06385133343406679,22.006457970437467,0.6343398813604794,-0.5057471264367817,2.308348378140457,1434.9239791716598,0.11096537080538069,-0.38530286836708166,-0.5044153625101938,-0.5211850858243584,2.1272699434582725,8.375668921034176,6.556673353363628,Drug Manufacturers—Specialty & Generic,Healthcare,DVAX
2022Q2,2022,Q2,2022-08-04,2022-06-30,128755000.0,256464000.0,128227000.0,0.87,173095000.0,0.6749290349,1022999000.0,422799000.0,955405000.0,345198000.0,600200000.0,73979000.0,-1055737000.0,1590708730.0,1599363730.0,3.3463319271529994,2.7677014351183957,0.25195137043144716,0.6096182819732308,0.17791778433654928,3.3463319271529994,0.30453004855735233,6.20246401054339,3.0886348685487945,3.762328505980383,0.0,1.12692791197502,0.0,0.2506981922758478,2.0058372296479123,0.12586033808439695,115.78895981947882,0.6749290348742903,2.782608695652174,3.4927263326098323,959.7902047535757,0.18349282899018748,1.338173713359449,2.714800923254472,3.1682215648668857,2.552887592446215,14.915928892073259,19.571028756567287,Drug Manufacturers—Specialty & Generic,Healthcare,DVAX
2022Q1,2022,Q1,2022-05-05,2022-03-31,34660000.0,113992000.0,30763000.0,0.23,74030000.0,0.6494315391,1008975000.0,287484000.0,940515000.0,466203000.0,721491000.0,79038000.0,-1184492000.0,1350176200.0,1428736200.0,2.3080887961141663,2.017393710465184,0.25568621620951953,0.8973751582696776,0.05568876318534647,2.3080887961141663,0.12056323134504877,11.844482068917117,9.738720427005193,4.696526415383117,0.0,0.5056048989093853,0.0,0.11297802225030353,1.3731185771005334,0.03435169355038529,-26.064674427134612,0.6494315390553723,-0.661764705882353,1.4603179901617949,257.66600557443957,-0.008713352278783735,-0.38847494589370385,-0.6581685487450072,-0.6943566815697964,1.4473569545411873,9.110730769702274,2.4107668675958505,Drug Manufacturers—Specialty & Generic,Healthcare,DVAX
2021Q4,2021,Q4,2022-02-28,2021-12-31,101395000.0,195070000.0,100650000.0,0.68,121058000.0,0.6205874814,1039246000.0,222374000.0,972520000.0,556402000.0,816872000.0,61335000.0,-1217351000.0,1707816600.0,1746923600.0,1.8320481133629922,1.7478729407874163,0.45734696116222723,2.1373721748046086,0.1386071674449686,1.8320481133629922,0.45596607517065846,8.754891064745989,4.210800828443217,7.679929308282444,0.0,1.2066846009619303,0.0,0.18770339265198038,1.2181228679983178,0.09756592760520608,14.539435216795361,0.6205874814169272,3.8333333333333335,2.480971404625292,7.4948061635676835,-0.2083669187401131,1.5126193441261935,4.566479071403447,5.264002987303958,2.31030411025292,17.94615113483395,0.8212705053386099,Drug Manufacturers—Specialty & Generic,Healthcare,DVAX
2021Q3,2021,Q3,2021-11-04,2021-09-30,-28430000.0,108270000.0,16068000.0,-0.24,48180000.0,0.44499861457467443,919711000.0,67576000.0,852670000.0,528935000.0,852135000.0,67297000.0,-1317130000.0,2245706630.0,2257396630.0,0.5780518891730752,1.6120506300396078,0.28056748261138553,3.8185302474251213,0.044211482108217424,0.5780518891730752,-0.42071149520539836,20.741725593423848,-19.747684048540275,33.23231073162069,0.0,0.8929075590293772,0.0,0.11772176259716367,1.1618005993174965,-0.030911884276691264,35.88422597552012,0.44499861457467443,-13.0,0.7300440511613787,219.1727358009062,-0.7943888137668699,0.27050261062180264,-7.355913257321708,0.7518534670737026,0.6240612385582954,38.71488779347612,-0.6267000210621962,Drug Manufacturers—Specialty & Generic,Healthcare,DVAX
2021Q2,2021,Q2,2021-08-04,2021-06-30,4473000.0,52767000.0,9172000.0,0.02,37922000.0,0.7186688650103285,647909000.0,83380000.0,583906000.0,204642000.0,564529000.0,86451000.0,-1288700000.0,1129095650.0,1255832650.0,0.727390101981174,2.853304795691989,0.39564969771989583,3.0744183257375868,0.024386417839414427,0.727390101981174,0.05364595826337251,21.397760911175546,63.10617315001117,13.541564523866635,0.0,0.17171576962672497,0.0,0.0814419926255076,2.207288826340634,0.006903747285498426,10.29041905525733,0.7186688650103285,1.0,1.0518240932639404,5.694676012375504,-0.7982156851922803,-0.3540793731902572,4.02020202020202,-0.6785025763258439,1.0616782495117256,21.886477703125554,-0.6546430033727181,Drug Manufacturers—Specialty & Generic,Healthcare,DVAX
2021Q1,2021,Q1,2021-05-06,2021-03-31,891000.0,83335000.0,28529000.0,0.01,58710000.0,0.7045059098818024,490119000.0,99762000.0,427533000.0,109422000.0,390357000.0,68846000.0,-1293173000.0,1101304050.0,1239289050.0,0.8904538760208863,3.9071941657070792,0.4428312307827283,2.175577875343317,0.08060109675578396,0.8904538760208863,0.008931256390208697,13.215384292314154,309.00787037037037,11.039314067480603,0.0,0.3576823635360079,0.0,0.17003013553851207,2.8940066896967704,0.001817925850660758,30.3514964861513,0.7045059098818024,1.0714285714285714,1.0113223138288843,29.37858790147187,-0.7916600791926368,2.789697908597986,1.0576065171009246,3.3984026902059687,1.0126043975760006,277.3457139340926,-0.6685684585227678,Drug Manufacturers—Specialty & Generic,Healthcare,DVAX
2020Q4,2020,Q4,2021-02-25,2020-12-31,-15467000.0,19550000.0,-11895000.0,-0.14,15492000.0,0.7924296675191815,353272000.0,58693000.0,290015000.0,77411000.0,294579000.0,63689000.0,-1294064000.0,490283200.0,641268200.0,0.5327203746732501,3.7464313857203755,0.5181786272334066,3.118906854309713,-0.042514484232648406,0.5327203746732501,-0.263523759221713,25.078424552429667,-7.924665416693606,8.353350484725606,0.0,0.0637158693023913,0.0,0.05533979483231052,2.4246812468512227,-0.04378212821848321,-29.692538759689924,0.7924296675191815,-4.5,0.7991648046118744,8.954702204409243,-0.8905707680802317,0.6510710860066077,-4.514428538968416,0.13960216998191682,0.6876687315578649,514.4898698878332,-0.8371343785351419,Drug Manufacturers—Specialty & Generic,Healthcare,DVAX
2020Q3,2020,Q3,2020-11-05,2020-09-30,4401000.0,13414000.0,-13825000.0,0.04,9383000.0,0.6994930669449828,353395000.0,69284000.0,290003000.0,66625000.0,284111000.0,59033000.0,-1278597000.0,474405120.00000006,624599120.0,0.6309098856268668,4.352765478424015,0.5175002475982965,2.6395993302927083,-0.04753570765453833,0.6309098856268668,0.06352115928641533,35.366417176084695,26.94871165644172,6.847253622770048,0.0,0.06828384124133959,0.0,0.03795752628079062,3.184750469043152,0.012453486891438758,-16.891160008545185,0.6994930669449828,1.0754716981132075,1.048601151374155,2.7562084873405626,-0.8908631174985288,5.259506337558372,1.0853254231373233,0.4076438579202194,1.1044101925690095,131.86669227840463,-0.8220846096716354,Drug Manufacturers—Specialty & Generic,Healthcare,DVAX
2020Q2,2020,Q2,2020-08-06,2020-06-30,-51579000.0,2668000.0,-23339000.0,-0.53,1499000.0,0.5618440779610195,329314000.0,58295000.0,265466000.0,53222000.0,271019000.0,54392000.0,-1282998000.0,863396929.9999999,985612929.9999999,0.5988863662047073,4.9878997407087295,0.5547926902591448,3.1340766789604597,-0.08327267796997202,0.5988863662047073,-0.8847928638819796,323.61204272863563,-4.184827788441032,14.810823055150527,0.0,0.021492131195764083,0.0,0.008101690180192765,3.7881139378452517,-0.15662559138087054,-38.361262273959206,0.5618440779610195,-1.12,0.34109048416487436,-0.48125569799460416,-0.76427206482644,-0.7608105951811074,-3.0951965065502183,-0.208523198011599,-0.2961685224814699,11.973765225997118,-0.7881926434039441,Drug Manufacturers—Specialty & Generic,Healthcare,DVAX
2020Q1,2020,Q1,2020-05-07,2020-03-31,-12595000.0,10919000.0,-19312000.0,-0.25,6267000.0,0.5739536587599597,259256000.0,11824000.0,194147000.0,29279000.0,247432000.0,48099000.0,-1231419000.0,301733810.0,446368810.0,0.138329609134621,6.6309300181017115,0.704068565433394,15.437584573748309,-0.08243092696377427,0.138329609134621,-1.0652063599458728,27.633831852733767,-5.989158594680429,25.518759303112315,0.0,0.09671718746751491,0.0,0.042116672323880645,4.70193654154855,-0.04858132502237171,-8.331045612678778,0.5739536587599597,0.4318181818181818,0.8478843358517028,4.51409298404027,-0.9501299951883031,0.07311643835616438,0.6573348568941125,0.2948994121727701,0.7562529004192741,35.104367730974886,-0.9405896797599368,Drug Manufacturers—Specialty & Generic,Healthcare,DVAX
2019Q4,2019,Q4,2020-03-11,2019-12-31,-36756000.0,10570000.0,-27389000.0,-0.44,5840000.0,0.5525070955534531,279068000.0,8290000.0,208653000.0,53047000.0,270778000.0,41332000.0,-1218824000.0,479724960.0,729612960.0,0.09884580531311107,3.9333609817708823,0.6399909699428097,21.544149577804586,-0.12187188523423038,0.09884580531311107,-4.433775633293124,45.38552128666036,-3.2629023832843616,57.867908323281064,0.0,0.11443917545727282,0.0,0.03787607321513036,3.0150809659358684,-0.13170983416228302,-19.31026687598116,0.5525070955534531,0.10204081632653059,0.4828428288619646,0.45558774743145214,-0.9741302224465656,0.31917777275807546,-0.09853850981798619,0.10578210192954389,0.2230211037735717,-0.3338242439906547,-0.957288452820164,Drug Manufacturers—Specialty & Generic,Healthcare,DVAX
2019Q3,2019,Q3,2019-11-07,2019-09-30,-33459000.0,10575000.0,-30629000.0,-0.49,4427000.0,0.418628841607565,301015000.0,39156000.0,228835000.0,46348000.0,261859000.0,39356000.0,-1182068000.0,268503950.0,546470950.0,0.5213431683221048,4.93732199879175,0.5900536518113715,4.536086423536623,-0.12071255443671547,0.5213431683221048,-0.8545050566962917,25.390444444444444,-2.0062161899638364,6.857287516600265,0.0,0.15621506250635228,0.0,0.03513113964420378,3.964960731854665,-0.11115392920618573,-8.615837183930175,0.418628841607565,0.2575757575757576,0.607220285241546,0.6757677517902355,-0.8872595827324242,0.14600051773233239,0.2166553508299581,0.21405660619434966,0.5054843699692313,32.47239605061883,-0.8145599222474794,Drug Manufacturers—Specialty & Generic,Healthcare,DVAX
2019Q2,2019,Q2,2019-08-07,2019-06-30,-42713000.0,8301000.0,-38971000.0,-0.66,3863000.0,0.4653656186001687,267081000.0,10588000.0,191450000.0,44573000.0,256493000.0,36629000.0,-1148609000.0,259701120.0,508381120.0,0.16267207472959685,4.295201130729366,0.6613574159150221,16.682659614658103,-0.1756518603655376,0.16267207472959685,-4.034095202115602,31.285522226237802,-1.5200355863554422,24.527873063845863,0.0,0.1211608288514565,0.0,0.031080458737237016,3.322100823368407,-0.15992526611776953,-5.920868177465688,0.4653656186001687,-0.06451612903225812,0.3037958885168188,0.09986828704106958,-0.9716200011711048,1.2723529411764707,-0.07665355918531962,-0.02950811010725419,0.12846172101799924,0.8547746488761696,-0.954873357434672,Drug Manufacturers—Specialty & Generic,Healthcare,DVAX
2019Q1,2019,Q1,2019-05-09,2019-03-31,-39672000.0,5773000.0,-37854000.0,-0.62,1700000.0,0.2944742768058202,296600000.0,43159000.0,222524000.0,42251000.0,253441000.0,27569000.0,-1105896000.0,473232760.0,607855760.0,0.6767067013703785,5.266715580696315,0.5922892784895483,4.070367710095229,-0.1490854955338154,0.6767067013703785,-0.9192057276581941,81.9734557422484,-2.9821584492841295,10.964868509465003,0.0,0.1477384018281403,0.0,0.019463924477410653,4.473432581477361,-0.13375590020229264,-9.318540485192187,0.2944742768058202,0.03125000000000003,-0.18125982703369364,-0.31988996691478827,-0.89769741362279,0.24178232286340395,0.007430758838099527,0.002818682331866916,0.11442692872429933,2.696787802754499,-0.8416706082483157,Drug Manufacturers—Specialty & Generic,Healthcare,DVAX
2018Q4,2018,Q4,2019-02-27,2018-12-31,-39969000.0,5318000.0,-37961000.0,-0.64,1369000.0,0.2574276043625423,210884000.0,63065000.0,174364000.0,38033000.0,147819000.0,19022000.0,-1066224000.0,573650100.0,721361100.0,1.0059176316712923,4.584545000394394,0.478324576544451,1.5994767303575677,-0.23155987702518055,1.0059176316712923,-0.6337746769206375,107.86951861602105,-3.5880938977707726,9.096172203282327,0.0,0.20760172431920934,0.0,0.02521765520380873,3.9239607709094733,-0.18953073727736575,-16.39984276280054,0.2574276043625423,0.015384615384615398,-0.2833806504316483,-0.2169252657314044,-0.8580838312228848,1.2176816664016537,0.013792933280694829,0.02406355245905854,0.08795127264706791,3.758727816885584,-0.7933685305806847,Drug Manufacturers—Specialty & Generic,Healthcare,DVAX
2018Q3,2018,Q3,2018-11-06,2018-09-30,-40528000.0,1461000.0,-38897000.0,-0.65,-6289000.0,-4.304585900068446,236388000.0,97013000.0,198784000.0,31598000.0,139375000.0,12452000.0,-1026255000.0,735511000.0,938627000.0,1.5484916201117318,6.291031077916323,0.42438279438888604,1.0340779070846176,-0.19711450753045628,1.5484916201117318,-0.4177584447445188,503.4298425735797,-4.537054628898539,7.5815715419582945,0.0,0.6223899775136524,0.0,0.006180516777501396,5.751250079118932,-0.17144694316124337,-20.11186459216319,-4.304585900068446,-0.03174603174603177,0.2446819826610711,-0.8541824775305239,-0.6085308120668415,-0.01093071853399775,-0.027481999797180814,-0.019660785907148662,0.21549646086412919,-0.28288938869944463,-0.7321367887099561,Drug Manufacturers—Specialty & Generic,Healthcare,DVAX
2018Q2,2018,Q2,2018-08-07,2018-06-30,-39444000.0,1254000.0,-38147000.0,-0.63,-6221000.0,-4.960925039872408,263863000.0,131313000.0,226342000.0,25522000.0,132550000.0,5112000.0,-985727000.0,950776500.0,1209138500.0,2.1061976710614956,8.868505603009169,0.37811667418319356,0.7597952982568367,-0.16507849959322152,2.1061976710614956,-0.30038153115076194,758.194976076555,-6.026116139336781,7.240535971305202,0.0,1.462245696400626,0.0,0.004752466241951315,8.516064571742026,-0.14948666542865047,-27.42439931927659,-4.960925039872408,0.0,0.32578498243722875,-0.8915379844994671,-0.5449380046930966,-1.531949531949532,-0.012474973047897736,0.00435872005011223,0.21329466219754242,-0.6193346599569728,-0.17097857609772207,Drug Manufacturers—Specialty & Generic,Healthcare,DVAX
2018Q1,2018,Q1,2018-05-09,2018-03-31,-38958000.0,165000.0,-38314000.0,-0.63,-2457000.0,-14.89090909090909,295333000.0,165887000.0,255396000.0,23542000.0,129446000.0,550000.0,-946283000.0,1225618400.0,1503496400.0,2.6866902047162475,10.848526038569366,0.3360003792329337,0.5981903343842495,-0.14451623610529613,2.6866902047162475,-0.23484661245305538,7427.990303030303,-7.864998203193182,7.388272739877146,0.0,4.7672727272727276,0.0,0.0005586913754981665,10.684861099311869,-0.13191211276762163,-30.435779383644988,-14.89090909090909,-0.39999999999999997,0.4460064337214544,-0.9765646759607086,-0.498347499809295,0.0,-0.42073593231464934,-0.3761718329083007,0.34863123451001266,-0.8846467928697099,-0.031405826453648644,Drug Manufacturers—Specialty & Generic,Healthcare,DVAX
2017Q4,2017,Q4,2018-03-08,2017-12-31,-27421000.0,21000.0,-27841000.0,-0.45,0.0,0.0,218785000.0,199549000.0,198023000.0,18593000.0,19236000.0,312000.0,-907325000.0,1140830900.0,1114246900.0,3.270919730522727,10.650406066799333,0.0,0.0,-0.1395196167357391,3.270919730522727,-0.13741487053305204,54325.280952380956,-10.401069435833849,5.717046439721572,0.0,0.0,0.0,9.598464245720684e-05,10.364545796805249,-0.1253330895628128,-63.224944579915764,0.0,-0.1842105263157895,0.6046681057020994,-0.9965561519627371,-0.4853028656319136,0.0,-0.23919920462762112,-0.24340136662051717,0.4696113591041917,-0.996024430812741,-0.14393973972167481,Drug Manufacturers—Specialty & Generic,Healthcare,DVAX
2017Q3,2017,Q3,2017-11-03,2017-09-30,-22128000.0,53000.0,-22391000.0,-0.38,0.0,0.0,217827000.0,204434000.0,197096000.0,12889000.0,13393000.0,0.0,-879904000.0,1239475000.0,1219379000.0,3.546123156981787,15.291799208627511,0.0,0.0,-0.10952679104258588,3.546123156981787,-0.10824031227682283,23386.32075471698,-14.00346845625452,6.06295919465451,0.0,0.0,0.0,0.0002433123533813531,14.932345410815424,-0.10158520293627511,-71.81615389072368,0.0,0.07317073170731701,0.616252820464346,-0.9943102589776693,-0.5150248920232893,0.0,-0.08908357121763953,-0.10186506569558584,0.6615819041434348,-0.9890583040208059,-0.2331511589822271,Drug Manufacturers—Specialty & Generic,Healthcare,DVAX
2017Q2,2017,Q2,2017-08-07,2017-06-30,-20318000.0,105000.0,-20321000.0,-0.41,0.0,0.0,151968000.0,140527000.0,132205000.0,11088000.0,11441000.0,0.0,-857776000.0,479605000.0,441930000.0,2.8275050301810865,11.92325036075036,0.0,0.0,-0.14460566296868219,2.8275050301810865,-0.14458431475801803,4567.666666666667,-5.901232896938675,3.412902858525408,0.0,0.0,0.0,0.0006909349336702464,11.523358585858587,-0.1336991998315435,-27.563505747126438,0.0,0.3166666666666667,0.5462826401160105,-0.9867999464746752,-0.6723304094823522,0.0,0.19650413255823151,0.20159515951595158,0.5662874370166594,-0.9817801791061329,-0.5067094977510914,Drug Manufacturers—Specialty & Generic,Healthcare,DVAX
2017Q1,2017,Q1,2017-05-08,2017-03-31,-25287000.0,148000.0,-25452000.0,-0.6,0.0,0.0,110132000.0,97396000.0,89652000.0,12378000.0,12736000.0,0.0,-837458000.0,248888500.0,227416500.0,2.3283767630886922,7.242850218128939,0.0,0.0,-0.2613249004065875,2.3283767630886922,-0.2596307856585486,1681.679054054054,-2.460636888519793,2.5554283543472014,0.0,0.0,0.0,0.0013438419351323866,7.014137986750686,-0.2296062906330585,-9.766461309056663,0.0,-0.07142857142857129,0.4307126199922176,-0.9765985035681406,-0.5905114012789933,0.0,-0.1631019732303022,-0.3173231199213291,-0.14799944828987122,-0.9734158749502978,-0.6480026510123216,Drug Manufacturers—Specialty & Generic,Healthcare,DVAX
2016Q4,2016,Q4,2017-03-13,2016-12-31,-21741000.0,7292000.0,-19321000.0,-0.56,0.0,0.0,109680000.0,89201000.0,89599000.0,20036000.0,20479000.0,0.0,-812171000.0,152248800.0,127959800.0,2.314264217517642,4.471900578957876,0.0,0.0,-0.21660071075436374,2.314264217517642,-0.243730451452338,20.87888096544158,-1.750710638885056,1.706805977511463,0.0,0.0,0.0,0.06648431801604668,4.1304152525454185,-0.19822210065645515,-5.531693492715184,0.0,0.3777777777777777,-1.0546494284381775,-0.7426671137445368,-0.6398594297226826,0.0,0.3733498587652044,0.4454044434238475,-0.13548373454592763,0.7465086288786794,-0.6735005919496645,Drug Manufacturers—Specialty & Generic,Healthcare,DVAX
2016Q3,2016,Q3,2016-11-07,2016-09-30,-34694000.0,162000.0,-34838000.0,-0.9,0.0,0.0,139298000.0,108272000.0,117514000.0,30485000.0,31026000.0,0.0,-790430000.0,403990880.0,380969880.0,2.811383464894059,3.8548138428735443,0.0,0.0,-0.3217637062213684,2.811383464894059,-0.3204337224767253,2493.770864197531,-2.9111004784688994,3.731259051278262,0.0,0.0,0.0,0.0011629743427759192,3.668722322453666,-0.24906315955720829,-13.553102522812667,0.0,-0.20000000000000004,0.26607750978736117,-0.9555456641227426,-0.037220085826434546,0.0,-0.19692265231491066,-0.19087987967457443,-0.051850574712643684,-0.9736973493919128,-0.28926318510436977,Drug Manufacturers—Specialty & Generic,Healthcare,DVAX
2016Q2,2016,Q2,2016-08-08,2016-06-30,-28986000.0,2647000.0,-29254000.0,-0.75,0.0,0.0,167613000.0,138770000.0,147126000.0,28223000.0,28843000.0,0.0,-755736000.0,561271680.0,536484680.0,3.6047901080631752,5.212982319384899,0.0,0.0,-0.2108092527203286,3.6047901080631752,-0.2088779995676299,212.04068001511143,-4.840885944938936,4.044618289255603,0.0,0.0,0.0,0.015792331143765697,4.990716791269532,-0.17293408029210144,-20.239134573777587,0.0,-0.0714285714285715,0.1655191710427739,-0.8885077082366309,-0.07293261772472595,0.0,-0.07264182363172113,-0.07181065435626878,0.19758553485925137,-0.6292108094849844,-0.2211543095994996,Drug Manufacturers—Specialty & Generic,Healthcare,DVAX
2016Q1,2016,Q1,2016-05-09,2016-03-31,-27023000.0,942000.0,-27294000.0,-0.7,0.0,0.0,189644000.0,164431000.0,170739000.0,24513000.0,25213000.0,0.0,-726750000.0,740201279.9999999,701343279.9999999,4.274043460178832,6.965242932321625,0.0,0.0,-0.16599059787996182,4.274043460178832,-0.1643424901630471,785.7763057324839,-6.847882174443992,4.501592035565069,0.0,0.0,0.0,0.00496720170424585,6.853955044262229,-0.1424933032418637,-24.884897629853754,0.0,0.0,0.5598031725709609,-0.8375234830621484,0.35530333873860936,-1.0,-0.005993596902687812,-0.012914718325539969,0.3832748968583067,-0.7852723759856743,-0.20196061907000235,Drug Manufacturers—Specialty & Generic,Healthcare,DVAX
2015Q4,2015,Q4,2016-03-08,2015-12-31,-26862000.0,685000.0,-26946000.0,-0.7,685000.0,1.0,216633000.0,187079000.0,199946000.0,28785000.0,29554000.0,0.0,-699727000.0,928444640.0,883632640.0,4.868172473912931,6.946187250303978,0.0,0.0,-0.1440354075016437,4.868172473912931,-0.14358639932862588,1355.3936350364963,-8.640874097237733,4.962847994697427,0.0,0.0,0.0,0.003162029792321576,6.861872503039778,-0.12399772887787179,-37.78773463573464,1.0,0.14634146341463414,0.465065054399863,-0.8831922304570913,0.08110404274730444,-0.4234006734006734,0.10828575222414022,0.05256495903800851,0.3851948521120824,-0.8216653054818817,-0.2339663983340377,Drug Manufacturers—Specialty & Generic,Healthcare,DVAX
2015Q3,2015,Q3,2015-11-05,2015-09-30,-30124000.0,1188000.0,-28441000.0,-0.82,1188000.0,1.0,238907000.0,211188000.0,224349000.0,19730000.0,27719000.0,0.0,-672865000.0,896495280.0,793464280.0,5.780904412569802,11.370957932083122,0.0,0.0,-0.1346714775460727,5.780904412569802,-0.1426406803416861,754.6256565656565,-7.440041827114593,4.245010511960906,0.0,0.0,0.0,0.004972646259841696,11.244804865686772,-0.12609090566622158,-35.04672713057076,1.0,-0.024999999999999883,-0.4324937376680662,-0.9757615892807238,1.1627576978877352,-0.2335483870967742,-0.2769276418973337,-0.22411121632090902,0.17559325694414152,-0.798739321284831,-0.20939160385075073,Drug Manufacturers—Specialty & Generic,Healthcare,DVAX
2015Q2,2015,Q2,2015-08-07,2015-06-30,-23591000.0,1550000.0,-23234000.0,-0.8,1550000.0,1.0,109494000.0,74528000.0,97896000.0,21964000.0,34966000.0,0.0,-642741000.0,687172375.0,660145375.0,2.540582921424919,4.457111637224549,0.08638829524905474,0.12691874194933447,-0.2766380511269601,2.540582921424919,-0.31653875053671104,443.33701612903224,-7.282145468610912,9.22032491144268,0.0,0.0,0.0,0.014156026814254662,4.281460571844837,-0.21545472811295596,-27.90887722362115,1.0,0.17525773195876282,0.7644855317486481,-0.8022207930750377,0.6267823747025333,1.4720893141945774,0.10016401571499409,0.12165431725389385,0.1074735667769915,-0.6698674187916602,-0.7055808012174899,Drug Manufacturers—Specialty & Generic,Healthcare,DVAX
2015Q1,2015,Q1,2015-05-07,2015-03-31,-26217000.0,627000.0,-26452000.0,-0.97,627000.0,1.0,112169000.0,75073000.0,101981000.0,20499000.0,37096000.0,0.0,-619150000.0,607067950.0,601861950.0,2.7738038056530576,4.974925606127128,0.08475603776444472,0.12663674023950022,-0.31274532986521636,2.7738038056530576,-0.3492200924433551,968.2104465709729,-5.7888769691421595,8.086368601228138,0.0,0.0,0.0,0.00558977970740579,4.805258793111859,-0.23372767877042677,-24.521062729733003,1.0,-0.1411764705882353,0.42660422128686193,-0.9849062685814254,9.382160649834509,-0.7246376811594203,-0.17638876424661223,-0.18020791504930175,0.08778528180024596,-0.8467751205726167,-0.5121747255383514,Drug Manufacturers—Specialty & Generic,Healthcare,DVAX
2014Q4,2014,Q4,2015-03-05,2014-12-31,-22286000.0,2277000.0,-22413000.0,-0.85,2277000.0,1.0,138290000.0,100482000.0,127437000.0,20279000.0,37808000.0,0.0,-592933000.0,443384280.0,476573280.0,3.8208989276751084,6.2841856107303125,0.06912285776267264,0.09513146633227842,-0.20367862887469215,3.8208989276751084,-0.2217909675364742,194.72300395256917,-4.973798348739118,4.412574192392667,0.0,0.0,0.0,0.016465398799623977,6.084077124118546,-0.16115409646395257,-25.58921221215444,1.0,0.22727272727272735,0.847802195380873,-0.7849665851502551,2.25783170175862,0.0,0.25262416580032865,0.2548126475379858,-2.086913097477002,-0.882227003937203,-0.4054003391795457,Drug Manufacturers—Specialty & Generic,Healthcare,DVAX
2014Q3,2014,Q3,2014-11-05,2014-09-30,-29819000.0,2209000.0,-30077000.0,-1.1,0.0,0.0,146896000.0,121576000.0,134877000.0,22820000.0,25320000.0,0.0,-570647000.0,375958440.0,356302440.0,4.62427921554308,5.910473269062226,0.0,0.0,-0.24739257748239785,4.62427921554308,-0.24527044811475948,170.1939520144862,-3.1520040913511522,3.0923738237810094,0.0,0.0,0.0,0.015037849907417493,5.7536809815950924,-0.2029939549068729,-16.082407494545922,0.0,-0.2222222222222223,0.52091843184749,-0.8837046943472799,0.02687027619567122,-1.0,-0.20349517697864955,-0.2101472599983906,0.07598043125916787,-0.1120528873639191,0.583620022615072,Drug Manufacturers—Specialty & Generic,Healthcare,DVAX
2014Q2,2014,Q2,2014-08-07,2014-06-30,-24777000.0,3048000.0,-24854000.0,-0.9,3048000.0,1.0,173465000.0,150670000.0,160583000.0,20183000.0,22795000.0,0.0,-540828000.0,420577600.0,403545600.0,5.731926759770373,7.956349402962889,0.0,0.0,-0.1649565275104533,5.731926759770373,-0.16444547686998076,137.98477690288715,-4.243629172216168,2.7913824915377976,0.0,0.0,0.0,0.017571267979131236,7.709706188376356,-0.14283573055083157,-18.185566653694817,1.0,-0.8,-1.9155960532775267,-0.970855802770274,-0.045165183884200086,-0.12864493996569468,-0.7902456647398844,-0.7794802033364359,-0.04463902685588168,-0.8119837813815605,0.4741169880287482,Drug Manufacturers—Specialty & Generic,Healthcare,DVAX
2014Q1,2014,Q1,2014-05-05,2014-03-31,-13840000.0,3498000.0,-13967000.0,-0.5,3498000.0,1.0,193585000.0,173853000.0,181732000.0,15982000.0,19732000.0,0.0,-516051000.0,475057995.0,448307995.0,6.614756530936818,11.371042422725566,0.0,0.0,-0.08033798668990469,6.614756530936818,-0.07960748448401811,135.80846054888508,-8.58124990968208,2.732526876153992,0.0,0.0,0.0,0.01806958183743575,11.225691402828181,-0.07149314254720149,-41.04527345775013,1.0,-0.006533394607843107,-1.4117803230324892,-0.9725553090262153,0.40805818486866274,0.22866174920969443,-0.06004901960784314,-0.07504618226600986,0.6699909304364801,-0.11684701470264945,1.097545730371816,Drug Manufacturers—Specialty & Generic,Healthcare,DVAX
2013Q4,2013,Q4,2014-03-10,2013-12-31,-13056000.0,2847000.0,-12992000.0,-0.49675450678395594,2847000.0,1.0,204622000.0,186294000.0,192378000.0,16192000.0,18328000.0,0.0,-502211000.0,515138960.00000006,492016960.00000006,7.088111526256915,11.881052371541502,0.0,0.0,-0.06973922939010381,7.088111526256915,-0.07008277239202551,180.94097646645594,-9.864027267156864,2.7651935113315513,0.0,0.0,0.0,0.013913459940768832,11.796133893280633,-0.06380545591383135,-42.37734123066799,1.0,0.44805054801782673,-1.639401113943376,-0.9638268660617274,1.090945723050304,-0.027331738981892725,0.16708133971291866,0.16546762589928057,0.6198425337119423,-0.29016177150527117,0.5740991239615585,Drug Manufacturers—Specialty & Generic,Healthcare,DVAX
2013Q3,2013,Q3,2013-11-08,2013-09-30,-15675000.0,2927000.0,-15568000.0,-0.9,2927000.0,1.0,91698000.0,72396000.0,79753000.0,15563000.0,19302000.0,0.0,-489155000.0,217796180.0,205605180.0,3.9555900383560445,5.124526119642742,0.0,0.0,-0.21503950494502458,3.9555900383560445,-0.21651748715398642,74.40935428766656,-3.4736232854864437,3.0084007403723962,0.0,0.0,0.0,0.03191999825514188,5.0525605603032835,-0.1709415690636655,-17.091436867299695,1.0,0.0,0.3706008151944793,-0.9280792858964482,0.6073771354596981,-0.13708726415094338,0.08675134001398276,0.08686726494222535,-0.48784535942864427,-0.8807988146178205,0.47986927210574765,Drug Manufacturers—Specialty & Generic,Healthcare,DVAX
2013Q2,2013,Q2,2013-08-01,2013-06-30,-17164000.0,3392000.0,-17049000.0,-0.9,3392000.0,1.0,104012000.0,84659000.0,92427000.0,14906000.0,19353000.0,0.0,-473480000.0,195716910.0,178131910.0,4.628375238501364,6.20065745337448,0.0,0.0,-0.20138437732550585,4.628375238501364,-0.20274276804592542,57.699560731132074,-2.850689087625262,2.3118263858538373,0.0,0.0,0.0,0.03261162173595354,6.117402388300014,-0.1650194208360574,-12.246083719184082,1.0,0.18181818181818185,0.3855446522039459,-0.9260196622210934,0.3336984562312529,0.6268585131894484,0.1757983193277311,0.1834379041141817,0.7251908004469867,-0.30586123897761136,1.9636345257649426,Drug Manufacturers—Specialty & Generic,Healthcare,DVAX
2013Q1,2013,Q1,2013-05-09,2013-03-31,-20825000.0,2085000.0,-20879000.0,-1.1,2085000.0,1.0,119621000.0,97927000.0,108137000.0,17060000.0,21694000.0,0.0,-456316000.0,393121050.0,368105050.0,5.355679885368642,6.33862837045721,0.0,0.0,-0.21320983998284437,5.355679885368642,-0.21265840881472933,188.54726618705035,-4.7193403361344535,4.014429626150092,0.0,0.0,0.0,0.017430049907624916,6.2672919109026966,-0.17409150567208098,-20.242060141084394,1.0,0.0,0.6354304893893714,-0.9281489688853463,0.10591023116931239,0.15448504983388706,-0.013727303704424865,-0.04384561543845616,0.32581870394907,-0.9257057285072456,17.184334701955578,Drug Manufacturers—Specialty & Generic,Healthcare,DVAX
2012Q4,2012,Q4,2013-03-08,2012-12-31,-20543000.0,1806000.0,-20002000.0,-1.1,1806000.0,1.0,139752000.0,114826000.0,128187000.0,19014000.0,24926000.0,0.0,-435491000.0,514952250.0,507353250.0,6.355037772919722,6.741716629851688,0.0,0.0,-0.17419399787504572,6.355037772919722,-0.17890547436991622,285.1341362126246,-6.266760575378475,4.484631094003101,0.0,0.0,0.0,0.012922891980078998,6.633796150205112,-0.14699610739023414,-58.543912005457024,1.0,-0.10000000000000009,0.6254256589853766,-0.9572175536695173,-0.17883995519450743,-0.37160751565762007,-0.15468495306615704,-0.16991285020763877,0.7958070474363614,-0.7517659870418767,4.418526874012042,Drug Manufacturers—Specialty & Generic,Healthcare,DVAX
2012Q3,2012,Q3,2012-11-02,2012-09-30,-17791000.0,2874000.0,-17097000.0,-1.0,2874000.0,1.0,164822000.0,130058000.0,154383000.0,29365000.0,34764000.0,0.0,-414948000.0,846661200.0,836463200.0,7.31196941586552,5.257381236165503,0.08768246957323658,0.11111965430807794,,7.31196941586552,-0.13679281551307879,294.59331941544883,-11.89732448991063,6.509874056190315,0.0,0.0,0.0,0.017436992634478406,5.175004256768261,-0.10794068752957736,-66.8188146160524,1.0,-0.11111111111111108,0.7674876335449083,-0.3665446441670218,-0.1746941505141907,0.07078986587183309,-0.1774321641297154,-0.1671103829612943,0.5775086288573328,-0.7763575049786252,0.6237004089992711,Drug Manufacturers—Specialty & Generic,Healthcare,DVAX
2012Q2,2012,Q2,2012-08-03,2012-06-30,-15110000.0,2684000.0,-14649000.0,-0.9,2684000.0,1.0,175895000.0,144708000.0,165628000.0,25259000.0,31187000.0,0.0,-397157000.0,724451040.0,703826040.0,8.629134689350435,6.5571875371154835,0.07905284402626567,0.09609005721867485,-0.09235686860471715,8.629134689350435,-0.10441717113082898,269.914694485842,-11.986284579748512,5.0062957127456675,0.0,0.0,0.0,0.01525910344239461,6.393087612336197,-0.08590352198754939,-44.82989108910891,1.0,0.18181818181818185,0.7977416029379758,-0.6466350222921896,-0.2832920044944917,0.14212765957446807,0.08451984247197819,0.07565623422513881,-1.8752266191136322,-0.9597727348148704,0.43745699825977385,Drug Manufacturers—Specialty & Generic,Healthcare,DVAX
2012Q1,2012,Q1,2012-05-04,2012-03-31,-16505000.0,2350000.0,-15848000.0,-1.1,2350000.0,1.0,120676000.0,88379000.0,110124000.0,25817000.0,32297000.0,0.0,-382047000.0,781817930.0,775421930.0,5.686060052370506,4.265561451756595,0.11068480890980809,0.15113318774822074,,5.686060052370506,-0.18675250908021138,332.68848085106384,-11.842137685549833,8.846195702599033,0.0,0.0,0.0,0.01947363187377772,4.193206027036449,-0.13677118896880905,-85.7914989575332,1.0,-3.006892430278885,0.6777269336174802,-0.6972568511886095,-0.6515869640921074,-0.7943467226743677,-2.8680571830325756,-2.347697507393325,-1.830377767466864,-0.9688228016134799,0.21037008073540256,Drug Manufacturers—Specialty & Generic,Healthcare,DVAX
2011Q4,2011,Q4,2012-03-12,2011-12-31,-4267000.0,11427000.0,-4734000.0,-0.2745269605162419,11427000.0,1.0,134102000.0,99880000.0,124618000.0,27219000.0,34222000.0,0.0,-365542000.0,516030920.00000006,496899920.00000006,6.426002534886863,4.578346008303024,0.09552430239668312,0.12825390468562275,,6.426002534886863,-0.04272126551862235,45.15891485079199,-30.23382470119522,5.166509010812976,0.0,0.0,0.0,0.08521125710280235,4.536830890187002,-0.031819063101221456,-88.18026657552974,1.0,0.7712275329031317,0.9337214672717792,0.1979719664796803,-0.6687009412590189,8.733390119250426,0.7198108871232517,0.6805668016194332,-1.3533593394008512,-0.7544942992864905,0.8956279774745016,Drug Manufacturers—Specialty & Generic,Healthcare,DVAX
2011Q3,2011,Q3,2011-10-31,2011-09-30,-15229000.0,1174000.0,-14820000.0,-1.2,1174000.0,1.0,64719000.0,36229000.0,55397000.0,10058000.0,28490000.0,0.0,-361275000.0,230768340.00000003,258187340.00000003,2.9200686714650717,5.507755020878903,0.19070133963750985,0.34066631703883626,,2.9200686714650717,-0.42035386016726933,196.5658773424191,-3.7883042222076306,6.369713213171769,0.0,0.0,0.0,0.018139958899241335,5.369258301849274,-0.23530956906009054,-17.940475783254296,1.0,-0.33333333333333326,0.6908617615733385,-0.8180910213238046,-0.8116213787858846,-0.8384922272664741,-0.4319699106723084,-0.4679080824088748,0.0979512099846595,-0.9574460988513467,0.18658697462890497,Drug Manufacturers—Specialty & Generic,Healthcare,DVAX
2011Q2,2011,Q2,2011-08-03,2011-06-30,-10635000.0,7269000.0,-10096000.0,-0.9,7269000.0,1.0,74430000.0,45830000.0,64651000.0,10284000.0,28600000.0,0.0,-346046000.0,324126000.0,342766000.0,3.8883798275979093,6.286561649163749,0.15953244659411528,0.2590879336679031,,3.8883798275979093,-0.2320532402356535,44.5901774659513,-7.61932299012694,7.072354353043858,0.0,0.0,0.0,0.09766223297057638,6.112699338778685,-0.14288593309149536,-32.71686686181488,1.0,0.4375,0.819596851188769,2.5599997536489782,-0.7963474153722283,3.1680045871559632,0.4240766814686451,0.43682713225860437,0.40915615776247377,-0.7539640711907879,0.12046364135921798,Drug Manufacturers—Specialty & Generic,Healthcare,DVAX
2011Q1,2011,Q1,2011-05-06,2011-03-31,-18466000.0,1744000.0,-17927000.0,-1.6,1744000.0,1.0,65507000.0,36495000.0,55845000.0,11467000.0,29012000.0,0.0,-335411000.0,319403760.0,342071760.0,3.153569638629176,4.870061916804744,0.1741340620086403,0.31256336484449926,,3.153569638629176,-0.5059871215234963,183.14435779816515,-4.324214231560706,8.751986847513358,0.0,0.0,0.0,0.026623108980719616,4.73794366442836,-0.2818935380951654,-16.26623344876757,1.0,-0.2244517920909933,0.40471050075757026,0.5952830152448217,-0.8563874203494045,-0.01245753114382786,-0.2211347705329983,-0.14806276016650657,0.4892303737243512,-0.905042270200004,-0.34881004789089237,Drug Manufacturers—Specialty & Generic,Healthcare,DVAX
2010Q4,2010,Q4,2011-03-11,2010-12-31,-15122000.0,1766000.0,-15615000.0,-1.3067072222318235,1766000.0,1.0,84249000.0,52111000.0,74515000.0,14701000.0,32138000.0,0.0,-316945000.0,370323200.0,409353200.0,4.502963897481983,5.068702809332699,0.1398473572386616,0.22609429870852604,,4.502963897481983,-0.29018825200053733,209.6960362400906,-6.122258960454967,7.106430504116213,0.0,0.0,0.0,0.020961673135586178,4.976192095775797,-0.179491744709136,-20.377659164694876,1.0,-1.1778453703863725,0.5453368741819037,-0.22460464084705822,-0.8153895615527437,-0.8483990042063696,-2.025610244097639,-1.3129906680491779,0.5694986184457346,-0.934682474231462,-0.41815388547801,Drug Manufacturers—Specialty & Generic,Healthcare,DVAX
2010Q3,2010,Q3,2010-11-05,2010-09-30,-4998000.0,11649000.0,-6751000.0,-0.6,11649000.0,1.0,61790000.0,23208000.0,50224000.0,21026000.0,38582000.0,0.0,-301823000.0,158891580.0,161188580.0,2.672932071038629,2.3886616569961,0.18585531639423855,0.4948293691830403,,2.672932071038629,-0.21535677352637023,13.639933041462786,-7.947758103241297,6.8464141675284385,0.0,0.0,0.0,0.1885256513999029,2.3060020926471987,-0.08088687489885095,-12.935893511357161,1.0,0.8235294117647058,0.8280116152316622,7.219591538830478,-0.8665582684047821,4.316750342309447,0.8215254963576631,0.5851155358898722,0.8661880623216595,4.259819066821667,-0.6983047455423095,Drug Manufacturers—Specialty & Generic,Healthcare,DVAX
2010Q2,2010,Q2,2010-08-02,2010-06-30,-28004000.0,2191000.0,-16272000.0,-3.4,2191000.0,1.0,71678000.0,12808000.0,60177000.0,29135000.0,58870000.0,0.0,-296825000.0,152542320.0,165115320.0,1.5617226747305273,2.0654539214003775,0.18556600351572308,1.0384915677701436,,1.5617226747305273,-2.1864459712679576,69.62223642172523,-1.3617904585059277,11.909925046845721,0.0,0.0,0.0,0.03056725913111415,2.015685601510211,-0.3906917045676498,-11.02821862348178,1.0,-1.0,0.015097009136182511,-0.30631942685530267,-0.9323800042236099,-0.7374161073825504,-2.0492160278745644,-0.8178974416266339,0.2335037118547164,-0.4101640207124161,-0.8702883698034068,Drug Manufacturers—Specialty & Generic,Healthcare,DVAX
2010Q1,2010,Q1,2010-05-10,2010-03-31,-9184000.0,8344000.0,-8951000.0,-1.7,8344000.0,1.0,44284000.0,-1799000.0,32690000.0,16361000.0,46083000.0,0.0,-268821000.0,70673200.0,53443200.0,-0.33091751894636157,1.998044129331948,0.29017252280733447,-7.142857142857143,,-0.33091751894636157,5.1050583657587545,8.469942473633749,-1.9238131533101046,-39.28471372984992,0.0,0.0,0.0,0.18842019691084816,1.9089297720188252,-0.20738867310992684,-9.420581178352439,1.0,0.6946851668318467,-1.8237513019478462,-0.701178961335153,-1.0125299702920647,2.811786203746003,0.6965972910472414,0.2292922335112795,0.48729613061805216,2.0733144235630316,-1.0202769538747911,Drug Manufacturers—Specialty & Generic,Healthcare,DVAX
2009Q4,2009,Q4,2010-03-16,2009-12-31,-30270000.0,2189000.0,-11614000.0,-5.568022956368185,2189000.0,1.0,50470000.0,6376000.0,38882000.0,14478000.0,44094000.0,0.0,-259637000.0,77196880.0,49818880.0,1.1728349643146199,2.685591932587374,0.18510005944125224,1.4651819322459223,,1.1728349643146199,-4.7474905897114175,35.26582000913659,-0.6375692104393789,12.10741530740276,0.0,0.0,0.0,0.04337230037646127,2.5980798452824976,-0.5997622349910838,-8.372763557483731,1.0,-1.3200095651534103,-1.6661371978952986,-0.5945227770683876,-0.9515752121254157,-0.24543260944501896,-2.1843046496949294,-0.08430585379516385,-0.34427741104611886,-0.34387524008704073,-0.9395333074292372,Drug Manufacturers—Specialty & Generic,Healthcare,DVAX
2009Q3,2009,Q3,2009-10-30,2009-09-30,-9506000.0,2901000.0,-10711000.0,-2.4,2901000.0,1.0,61644000.0,18082000.0,49301000.0,11520000.0,44120000.0,0.0,-249038000.0,73078460.0,48343460.0,4.5032749732274056,4.2796006944444445,0.0,0.0,,4.5032749732274056,-0.5257161818382923,25.190782488796966,-1.9219035346097202,4.04150315230616,0.0,0.0,0.0,0.04706054117189021,4.133333333333334,-0.1542080332230225,-7.926080260303688,1.0,-3.4,-0.4445931641004523,-0.5142166663332426,-0.8271903603421958,-0.8173633845378998,-3.312895377128954,-4.735960934775026,0.40375543385261053,0.388925816665826,-0.7094860341147431,Drug Manufacturers—Specialty & Generic,Healthcare,DVAX
2009Q2,2009,Q2,2009-08-06,2009-06-30,4110000.0,15884000.0,2867000.0,1.0,15884000.0,1.0,69148000.0,23966000.0,56457000.0,11576000.0,44540000.0,0.0,-239532000.0,51500670.0,27741670.0,6.003055882573955,4.877073255010366,0.0,0.0,,6.003055882573955,0.1714929483434866,3.242298539410728,3.1326441605839417,2.1489055328381874,0.0,0.0,0.0,0.2297101868456065,4.713113337940567,0.05943772777231446,-6.920272776135447,1.0,-0.23076923076923078,1.870370375313489,0.7817031580402616,-0.7808467575465742,-0.17886683209263854,-0.1942756322289747,-0.3398572415381073,1.2058289451350204,21.966413749113546,-0.685591968800442,Drug Manufacturers—Specialty & Generic,Healthcare,DVAX
2009Q1,2009,Q1,2009-04-30,2009-03-31,5101000.0,19344000.0,4343000.0,1.3,19344000.0,1.0,78144000.0,18739000.0,65218000.0,24120000.0,57780000.0,0.0,-243642000.0,25528960.0,2608960.0,4.697786357141067,2.7038971807628522,0.0,0.0,,4.697786357141067,0.27221303164523186,1.3197353184449958,1.251174279553029,1.3623437750146752,0.0,0.0,0.0,0.24754299754299755,2.6313847429519073,0.06527692465192465,-3.1724816701876475,1.0,0.6733042917070023,1.3587979599934048,0.6412500069909286,-0.9268596402814566,0.6194223524487233,0.6460148434979025,1.2954545454545454,1.4770770305856216,50.33520937267585,-0.7860642716963527,Drug Manufacturers—Specialty & Generic,Healthcare,DVAX
2008Q4,2008,Q4,2009-03-06,2008-12-31,3099000.0,11945000.0,1892000.0,0.7769059139111033,11945000.0,1.0,90623000.0,13522000.0,76542000.0,40854000.0,74467000.0,0.0,-248743000.0,33506760.0,5403760.0,3.3899069919025293,1.873549713614334,0.0,0.0,,3.3899069919025293,0.22918207365774293,2.8050866471326916,2.703030009680542,2.477944091110783,0.0,0.0,0.0,0.13180980545777563,1.8329416948156851,0.03419661675292145,7.956960341961529,1.0,1.5549327956507881,1.0308537745106106,-0.23632369074535448,1.0084969169582387,0.34865078469007565,1.5717712177121772,1.328643390654855,1.2703210522415864,14.215857964183943,-0.8610221555583659,Drug Manufacturers—Specialty & Generic,Healthcare,DVAX
2008Q3,2008,Q3,2008-11-06,2008-09-30,-5420000.0,8857000.0,-5757000.0,-1.4,8857000.0,1.0,87559000.0,9802000.0,72502000.0,19890000.0,74184000.0,0.0,-251842000.0,56560020.0,33942020.0,2.4608972910547062,3.645148315736551,0.0,0.0,,2.4608972910547062,-0.5529483778820649,6.385911708253359,-2.6088570110701106,5.770253009589879,0.0,0.0,0.0,0.10115465000742356,3.5433383609854197,-0.061901118103221825,23.391240694789083,1.0,0.06666666666666672,0.940724069946915,16.431442409397096,0.0,-0.1123471637602726,0.10840598782694522,0.1320669380370873,0.5934342999947352,12.62312745359043,-0.8771437555954353,Drug Manufacturers—Specialty & Generic,Healthcare,DVAX
2008Q2,2008,Q2,2008-08-06,2008-06-30,-6079000.0,9978000.0,-6633000.0,-1.5,9978000.0,1.0,96938000.0,13814000.0,77009000.0,15442000.0,77838000.0,0.0,-246422000.0,58116760.0,43246760.0,3.470331105863438,4.986983551353451,0.0,0.0,,3.470331105863438,-0.44006080787606777,5.824489877731009,-2.3900625102812962,4.207091356594758,0.0,0.0,0.0,0.10293177082258763,2.793873850537495,-0.06271018589201345,-5.75470442618081,1.0,0.5161290322580645,0.9314227479889347,3.6373159825151986,0.0,0.5802977510294584,0.510901922922198,0.5130670973425341,0.5595116821304155,5.508629022848961,-0.8497404318204886,Drug Manufacturers—Specialty & Generic,Healthcare,DVAX
2008Q1,2008,Q1,2008-05-02,2008-03-31,-12429000.0,6314000.0,-13622000.0,-3.1,6314000.0,1.0,105332000.0,19267000.0,85167000.0,16547000.0,79290000.0,0.0,-240343000.0,77978600.0,62120600.0,4.842779942189267,5.146975282528555,0.0,0.0,,4.842779942189267,-0.645092645455961,12.35011086474501,-1.5684809719205086,4.047262158094151,0.0,0.0,0.0,0.05994379675692097,4.792469934127032,-0.11799832909277333,-4.414799297967503,1.0,-0.021310864524677103,0.8835271430057798,0.0,0.0,-0.3207100591715976,-0.029231533620404107,0.028180067061425413,-2.5233246451154243,-0.6910177762252704,-0.8166313799286226,Drug Manufacturers—Specialty & Generic,Healthcare,DVAX
2007Q4,2007,Q4,2008-03-17,2007-12-31,-12076000.0,9295000.0,-14017000.0,-3.035314817142139,9295000.0,1.0,120449000.0,30790000.0,101939000.0,19904000.0,81318000.0,0.0,-227914000.0,203301350.0,189008350.0,7.73909764986804,5.121533360128617,0.0,0.0,,7.73909764986804,-0.39220526144852225,21.872119419042495,-4.208789127194436,6.602836960051965,0.0,0.0,0.0,0.07716959044906974,3.207948151125402,-0.10025820056621475,11.891749532054282,1.0,0.2941128332227584,0.8794565503236282,-0.40419198026734576,1.0193983109919258,8.166666666666666,0.2938424653529033,0.2689960886571056,-0.4534002112993988,1.3526760820059551,-0.6804630033735759,Drug Manufacturers—Specialty & Generic,Healthcare,DVAX
2007Q3,2007,Q3,2007-11-06,2007-09-30,-17101000.0,1014000.0,-19175000.0,-4.3,1014000.0,1.0,87996000.0,35220000.0,73499000.0,13807000.0,42434000.0,263000.0,-215838000.0,174913200.0,160271200.0,8.859708701230096,5.323314260882161,0.0,0.0,,8.859708701230096,-0.4855479840999432,172.49822485207102,-2.557060990585346,4.966303236797274,0.0,0.0,0.0,0.011523251056866222,2.6432244513652496,-0.19433837901722806,-9.809500308451574,1.0,0.04444444444444448,0.812607632269394,0.9995668907678831,0.0,-0.43666666666666665,0.034060099412562134,0.12129960590230043,-1.6249276799735515,-0.8284933645589383,-0.660015638122267,Drug Manufacturers—Specialty & Generic,Healthcare,DVAX
2007Q2,2007,Q2,2007-08-03,2007-06-30,-17704000.0,1800000.0,-21822000.0,-4.5,1800000.0,1.0,98482000.0,47848000.0,86096000.0,13589000.0,38671000.0,248000.0,-198737000.0,164925150.0,158422150.0,12.039958732794847,6.335712708808595,0.0,0.0,,12.039958732794847,-0.3700050158836315,91.62508333333334,-2.328924960460913,3.4468556679485034,0.0,0.0,0.0,0.018277451717065046,3.5750975053351977,-0.17976889177717756,-8.530317058032482,1.0,-0.3636363636363637,0.7999543631613942,-0.16207443194685592,0.0,0.0,-0.35248281130634074,-0.35717395360407983,-2.766327292353084,-0.7971699236166707,-0.5604578656419124,Drug Manufacturers—Specialty & Generic,Healthcare,DVAX
2007Q1,2007,Q1,2007-05-02,2007-03-31,-13090000.0,1984000.0,-16079000.0,-3.3,0.0,0.0,87033000.0,64834000.0,74886000.0,12100000.0,22199000.0,246000.0,-181033000.0,216114880.0,203135880.0,16.319883202859515,6.188925619834711,0.0,0.0,,16.319883202859515,-0.20190023752969122,108.92887096774193,-4.127480519480519,3.3333571891291607,0.0,0.0,0.0,0.022795950961129685,5.284380165289257,-0.1504027208070502,-13.844643177450353,0.0,0.20328714676390164,0.8771537852669394,0.0,0.0,-1.0,0.2044971133394105,0.2688372516029285,0.07551117338067176,-0.8309802310284069,-0.7459139183272324,Drug Manufacturers—Specialty & Generic,Healthcare,DVAX
