Quarters,Year,Quarter,FillingDate,Date,NetIncome,Revenue,OperatingIncome,EPSDiluted,GrossProfit,GrossProfitRatio,TotalAssets,CommonStockEquity,CurrentAssets,CurrentLiability,TotalLiability,Inventory,RetainedEarnings,MarketCap,EnterpriseValue,bookValuePerShare,currentRatio,debtToAssets,debtToEquity,roic,shareholdersEquityPerShare,roe,priceToSalesRatio,peRatio,pbRatio,payoutRatio,inventoryTurnover,dividendYield,assetTurnover,quickRatio,returnOnAssets,priceToFreeCashFlowsRatio,grossProfitMargin,epsdilutedGrowth,fiveYNetIncomeGrowthPerShare,fiveYRevenueGrowthPerShare,fiveYShareholdersEquityGrowthPerShare,grossProfitGrowth,netIncomeGrowth,operatingIncomeGrowth,threeYNetIncomeGrowthPerShare,threeYRevenueGrowthPerShare,threeYShareholdersEquityGrowthPerShare,Industry,Sector,Symbol
2023Q1,2023,Q1,2023-05-10,2023-03-31,18228000.0,71798000.0,45749000.0,0.42,71798000.0,1.0,7897995000.0,702559000.0,3130128000.0,5922000.0,7195436000.0,0.0,440556000.0,481930110.06,1772057110.06,16.123297502686857,528.5592705167173,0.1807986710551222,2.0324940681138526,0.019482124311567133,16.123297502686857,0.025945151937417355,6.7123054968104965,6.609750247695852,0.6859638977794036,0.3871516348474874,0.0,0.014643202100656063,0.00909066161728388,188.73505572441744,0.0023079275183131923,19.476645249757517,1.0,-0.125,0.2515139735319995,0.5595526065932703,0.34145078112063076,0.23417275461968198,-0.13876683203401843,0.08361164404651934,0.6028838623213164,0.4459848553673057,0.1413990745754262,Banks—Regional,Financial Services,HBNC
2022Q4,2022,Q4,2023-03-15,2022-12-31,21165000.0,58175000.0,42219000.0,0.48,58175000.0,1.0,7872518000.0,677375000.0,1159169000.0,5380000.0,7195143000.0,0.0,429385000.0,657098197.08,1789653197.08,15.545340171974894,215.4589219330855,0.1599071605806427,1.8584565417973795,0.0193790778789564,15.545340171974894,0.031245617272559513,11.295198918435755,7.761613478384125,0.9700656166525189,0.33342782896291046,0.0,0.010739642919977192,0.0073896306111970785,215.4589219330855,0.002688466383944756,43.84161976781425,1.0,-0.12727272727272737,1.3944085565774993,0.2778226023151148,0.28256759741965193,-0.0409186079100516,-0.11149825783972125,0.3183961527652,0.17800847127539524,0.17692459860981785,0.06566385862056548,Banks—Regional,Financial Services,HBNC
2022Q3,2022,Q3,2022-11-09,2022-09-30,23821000.0,60657000.0,32023000.0,0.55,60657000.0,1.0,7718695000.0,644993000.0,1128224000.0,1961000.0,7073702000.0,0.0,415277000.0,782577725.2,1834021725.2,14.802458474063402,575.3309535951046,0.1507919408656515,1.8045420647976025,0.016323503985029037,14.802458474063402,0.03693218376013383,12.901688596534614,8.213107396834726,1.213311966486458,0.296419125981277,0.0,0.009022745949222425,0.007858452756586443,575.3309535951046,0.0030861434478237576,31.547920873982104,1.0,-0.03508771929824545,1.266114776600982,0.3593658401623402,0.27880736403453893,-0.036349193740567165,-0.04175550102578543,-0.04117012994790107,0.1988949618648702,0.1878946290688373,0.037283375586376205,Banks—Regional,Financial Services,HBNC
2022Q2,2022,Q2,2022-08-08,2022-06-30,24859000.0,62945000.0,33398000.0,0.57,62945000.0,1.0,7640936000.0,657865000.0,1178864000.0,2402000.0,6983071000.0,0.0,398517000.0,759038106.32,1721343106.3200002,15.098067151807289,490.7843463780183,0.14068328801602317,1.6340008968405373,0.016616766631261784,15.098067151807289,0.037787387989937145,12.058751391214553,7.63343362886681,1.153790072917696,0.28327768614988535,0.0,0.009277531577619094,0.008237865099249621,492.3659450457952,0.0032533972277741887,34.22173608295762,1.0,0.05555555555555539,1.0919377443397005,0.40673249279569024,0.4057941971805399,0.0529265151134976,0.055001485379620595,0.0769032341276239,0.5445672767975012,0.29193417960016044,0.08585399888984978,Banks—Regional,Financial Services,HBNC
2022Q1,2022,Q1,2022-05-05,2022-03-31,23563000.0,59781000.0,31013000.0,0.54,59781000.0,1.0,7420328000.0,677450000.0,1264988000.0,1420000.0,6742878000.0,0.0,380700000.0,813166491.71,1532466491.71,15.553999862196314,890.8366197183099,0.11378203227674033,1.2462912392058454,0.017718612526793832,15.553999862196314,0.03478190272344823,13.60242370836888,8.627578106671479,1.2003343297807958,0.28031235411450156,0.0,0.008122567847219589,0.008056382413284156,890.8366197183099,0.00317546609799459,31.303325700042347,1.0,0.10204081632653071,1.1881521378450597,0.4258435674069402,0.48426362338720846,-0.003666605556574057,0.09978996499416569,0.04607548824501636,0.9418368034279724,0.29829355514409817,-0.009224719801350626,Banks—Regional,Financial Services,HBNC
2021Q4,2021,Q4,2022-03-09,2021-12-31,21425000.0,60001000.0,29647000.0,0.49,60001000.0,1.0,7355432000.0,723209000.0,876098000.0,2235000.0,6632223000.0,0.0,363742000.0,907690113.3000001,1081217113.3000002,16.612396046905364,391.99015659955256,0.10493156622207914,1.0672115529535722,0.016658178466209685,16.612396046905364,0.029624907875869907,15.127916423059617,10.591483235705951,1.2550868605064371,0.3092648774795799,0.0,0.007299848156228672,0.008157372673692041,798.7646532438479,0.002912813278676222,54.91500473712869,1.0,-0.057692307692307744,1.919056028413099,0.5459604362123673,0.619706689444864,0.0,-0.07134497854449309,0.0,0.43778578337645313,0.3064662650119016,0.2955168912920853,Banks—Regional,Financial Services,HBNC
2021Q3,2021,Q3,2021-11-08,2021-09-30,23071000.0,59943000.0,0.0,0.52,0.0,0.0,7534240000.0,708542000.0,4817562000.0,0.0,6825698000.0,0.0,348943000.0,796040945.9300001,604644945.9300001,16.172796394234847,0.0,0.10434868015884814,1.1095855997245048,0.0,16.172796394234847,0.032561231373722375,13.279965065645698,8.625990918577434,1.1234915445097116,0.2876771704737549,0.0,0.008337510820182893,0.007956077852577036,0.0,0.003062153581515853,28.86402501649806,0.0,0.040000000000000036,1.577046258074357,0.34019029221594055,0.5113056668176815,0.0,0.04049970685067424,0.0,0.5463792665515669,0.28860290353017876,0.29916930102692524,Banks—Regional,Financial Services,HBNC
2021Q2,2021,Q2,2021-08-03,2021-06-30,22173000.0,54732000.0,0.0,0.5,0.0,0.0,6109227000.0,710374000.0,4003755000.0,0.0,5398853000.0,0.0,332509000.0,766057232.43,1009324232.43,16.16304669655529,0.0,0.09075321640528335,0.7804790152792754,0.0,16.16304669655529,0.03121313561588684,13.99651451490901,8.63727542991476,1.078385797382787,0.2590538041762504,0.0,0.0074981342866244265,0.008958907567193034,0.0,0.0036294280765799014,26.85564355582822,0.0,0.08695652173913039,1.1854184524904448,0.16354557541352685,0.5762205416246179,0.0,0.08574086769170502,0.0,0.3706231695142497,0.16597080097367098,0.31725428173756265,Banks—Regional,Financial Services,HBNC
2021Q1,2021,Q1,2021-04-30,2021-03-31,20422000.0,53589000.0,0.0,0.46,0.0,0.0,6055528000.0,689379000.0,4366298000.0,0.0,5366149000.0,0.0,316080000.0,816025220.42,875438220.42,15.69640435060023,0.0,0.0985433475000033,0.8656080327367094,0.0,15.69640435060023,0.029623762835827606,15.227476168989904,9.989536044706687,1.1837105865133692,0.28209773773381647,0.0,0.007059830818751988,0.00884959990276653,0.0,0.0033724557131929703,25.30075405140607,0.0,-0.07999999999999996,1.32330703137467,0.2406127921553302,0.6143420164007966,0.0,-0.06719042616361394,0.0,0.3911245572938149,0.15487345037362954,0.30593347132552073,Banks—Regional,Financial Services,HBNC
2020Q4,2020,Q4,2021-02-26,2020-12-31,21893000.0,60394000.0,0.0,0.5,0.0,0.0,5886614000.0,692216000.0,4317304000.0,0.0,5194398000.0,0.0,301419000.0,695658219.1,917671219.1,15.781522389260878,0.0,0.08165797859346646,0.6944205276965572,0.0,15.781522389260878,0.03162741109711419,11.518664421962447,7.943842998903759,1.0049727528690466,0.24249760197323345,0.0,0.0076316211815458165,0.010259548188483226,0.0,0.003719115946790464,48.579484574022345,0.0,0.08695652173913039,1.1710121983794914,0.3919668115303849,0.588538228009729,0.0,0.07783576211106735,0.0,1.4604891625552556,0.3178444891853086,0.3020538007208723,Banks—Regional,Financial Services,HBNC
2020Q3,2020,Q3,2020-11-02,2020-09-30,20312000.0,57221000.0,0.0,0.46,0.0,0.0,5790143000.0,670293000.0,4327234000.0,0.0,5119850000.0,0.0,284835000.0,442571969.15,1036762969.15,15.281709736360966,0.0,0.12133206381949461,1.048093893267571,0.0,15.281709736360966,0.030303165928929586,7.734432623512347,5.447173704583498,0.6602664344547832,0.26220953131153996,0.0,0.012034200923816008,0.009882484767647363,0.0,0.003508030803384303,21.417536253871464,0.0,0.3939393939393939,1.820131501826073,0.26995157578635165,0.5073699355141171,0.0,0.3875264703873215,0.0,0.9195658443132374,0.2739115665829659,0.3202106244809596,Banks—Regional,Financial Services,HBNC
2020Q2,2020,Q2,2020-08-04,2020-06-30,14639000.0,51429000.0,0.0,0.33,0.0,0.0,5739262000.0,652206000.0,4344935000.0,0.0,5087056000.0,0.0,269849000.0,468021551.81,986973551.81,14.896925393791301,0.0,0.12167661974658066,1.0707261202748826,0.0,14.896925393791301,0.022445362354838808,9.100343226778666,7.992717258863309,0.7175977402998439,0.36143179178905666,0.0,0.01130503494879218,0.00896090821433139,0.0,0.0025506763761612558,39.7706961089395,0.0,0.2692307692307693,0.4702815754301258,0.03179814387211908,0.5322105110205783,0.0,0.256027456027456,0.0,0.22603761361087063,0.14389363307801653,0.38706571270723295,Banks—Regional,Financial Services,HBNC
2020Q1,2020,Q1,2020-05-11,2020-03-31,11655000.0,50889000.0,0.0,0.26,0.0,0.0,5351325000.0,630842000.0,3981636000.0,0.0,4720483000.0,0.0,260501000.0,440332928.32,1105622928.32,14.125907285043443,0.0,0.1422053416677178,1.206303638629007,0.0,14.125907285043443,0.018475307604756817,8.65281157656861,9.445150757614757,0.6980082624809382,0.45105105105105103,0.0,0.011938693797116208,0.009509607433672969,0.0,0.002177965270283528,16.840667316326922,0.0,-0.3658536585365853,0.010021938082156947,0.04115399065969163,0.4683126180350777,0.0,-0.3714609286523216,0.0,0.055577481236250656,0.18375964295213898,0.34798576033738926,Banks—Regional,Financial Services,HBNC
2019Q4,2019,Q4,2020-02-28,2019-12-31,18543000.0,51015000.0,0.0,0.41,0.0,0.0,5246829000.0,656023000.0,3934028000.0,0.0,4590806000.0,0.0,269738000.0,854461844.0,1194286844.0,14.58747056702979,0.0,0.08521547014396695,0.6815477506124024,0.0,14.58747056702979,0.028265777266955578,16.749227560521415,11.520005446799333,1.30248763229338,0.2924014452893275,0.0,0.00634551447565867,0.009723015558540216,0.0,0.0035341346173088546,95.20466228412256,0.0,-0.10869565217391314,0.7272493428060186,0.06973186246010069,0.5552358505302883,0.0,-0.0970930515654672,0.0,1.4456486854245123,0.2724193076349857,0.4222766898155937,Banks—Regional,Financial Services,HBNC
2019Q3,2019,Q3,2019-11-07,2019-09-30,20537000.0,52779000.0,0.0,0.46,0.0,0.0,5186714000.0,642711000.0,3937482000.0,0.0,4544003000.0,0.0,256617000.0,781860044.56,1254967044.56,14.270409439171406,0.0,0.11044391497198419,0.8912886196128587,0.0,14.270409439171406,0.03195370858753001,14.81384726046344,9.517700303841847,1.2165032877296327,0.26483907094512343,0.0,0.006956487977411424,0.01017580687888324,0.0,0.003959539700858771,27.721601352999574,0.0,0.2432432432432433,0.9056026097816062,0.07494250660358873,0.5579989077445541,0.0,0.23404638865520971,0.0,1.2314850359102716,0.1478637247813014,0.3335325646538342,Banks—Regional,Financial Services,HBNC
2019Q2,2019,Q2,2019-08-09,2019-06-30,16642000.0,50379000.0,0.0,0.37,0.0,0.0,5098682000.0,626461000.0,3940250000.0,0.0,4472221000.0,0.0,241519000.0,742958879.3299999,1132609879.33,13.904325229030034,0.0,0.0965792728395299,0.7860457394793929,0.0,13.904325229030034,0.026565101418923126,14.747392352567536,11.160901323909385,1.1859619023849848,0.3274846773224372,0.0,0.007335533838581764,0.00988078879992908,0.0,0.003263980769932308,34.4042083505441,0.0,0.3214285714285713,0.5972823041577275,0.04336290163351218,0.5335399862413202,0.0,0.538646449704142,0.0,0.6000567070598986,0.04474747854678108,0.3559499922806888,Banks—Regional,Financial Services,HBNC
2019Q1,2019,Q1,2019-05-09,2019-03-31,10816000.0,41043000.0,0.0,0.28,0.0,0.0,5051639000.0,609468000.0,3887484000.0,0.0,4442171000.0,0.0,230327000.0,630089872.89,1041069872.89,15.698817050701702,0.0,0.10157059916593407,0.8418784907493092,0.0,15.698817050701702,0.017746624925344727,15.351944860024851,14.563837668500371,1.0338358583059324,0.4182692307692308,0.0,0.007179928125570416,0.00812468982839035,0.0,0.0021410872788019887,5.647687224512844,0.0,-0.1764705882352941,0.5833598672673334,0.15475459947973716,0.7956208431436095,0.0,-0.17642579760907637,0.0,0.39203099590072005,0.0749136842687745,0.6145901575074973,Banks—Regional,Financial Services,HBNC
2018Q4,2018,Q4,2019-02-28,2018-12-31,13133000.0,40476000.0,0.0,0.34,0.0,0.0,4246688000.0,491992000.0,3231627000.0,0.0,3754696000.0,0.0,224035000.0,605446598.16,925626598.16,12.822986839127177,0.0,0.09287614253743152,0.801671571895478,0.0,12.822986839127177,0.026693523471926373,14.958162816483842,11.525291216020712,1.2306025263825426,0.2932307926597122,0.0,0.0063605940006988115,0.009531192307982127,0.0,0.0030925276356539495,79.05034575793184,0.0,0.0,0.6139285170107058,0.0943425458452556,0.5122706754520752,0.0,0.0052047455032529655,0.0,0.4888290152536726,0.06648945658115787,0.29073762903131256,Banks—Regional,Financial Services,HBNC
2018Q3,2018,Q3,2018-11-09,2018-09-30,13065000.0,40736000.0,0.0,0.34,0.0,0.0,4150561000.0,477594000.0,3178305000.0,0.0,3672967000.0,0.0,214753000.0,738149891.9599999,1183962891.96,12.448567235579766,0.0,0.12420248732641202,1.0793896070721156,0.0,12.448567235579766,0.02735587130491589,18.120333168695993,14.124567393034825,1.545559391365888,0.2944508228090318,0.0,0.005211678606068897,0.009814576872861283,0.0,0.003147767253631497,41.383074057296625,0.0,-0.081081081081081,0.38014847639171623,0.05383929298454845,0.47689072402304566,0.0,-0.07438894792773645,0.0,1.0738595018506136,0.03362580882027256,0.22791208018373454,Banks—Regional,Financial Services,HBNC
2018Q2,2018,Q2,2018-08-07,2018-06-30,14115000.0,40957000.0,0.0,0.37,0.0,0.0,4076611000.0,470535000.0,3134347000.0,0.0,3606076000.0,0.0,205535000.0,793412092.2800001,1286985092.2800002,12.270255576800976,0.0,0.13800458272815336,1.1956411319030464,0.0,12.270255576800976,0.02999776849756129,19.371831244475917,14.052640670917466,1.6861914465023857,0.2743181013106624,0.0,0.0048801877834671915,0.010046825659843434,0.0,0.003462434850909248,54.35073929853405,0.0,0.11000111000111001,0.2598090656722945,-0.05963784887053491,0.48541592679272005,0.0,0.10238987816307404,0.0,0.6185264803206236,-0.06186654645389343,0.2620466351747314,Banks—Regional,Financial Services,HBNC
2018Q1,2018,Q1,2018-05-07,2018-03-31,12804000.0,40472000.0,0.0,0.333333,0.0,0.0,3969750000.0,460416000.0,3048193000.0,0.0,3509334000.0,0.0,195292000.0,766384552.8464999,1260792552.8465,12.019298605363412,0.0,0.14056275584104794,1.211945284264665,0.0,12.019298605363412,0.027809633027522936,18.93616704997282,14.963772118996015,1.664548045347034,0.3005310840362387,0.0,0.005020978026902795,0.010195100447131431,0.0,0.0032253920272057434,26.507490068016736,0.0,0.6666649999999998,0.2202818925347098,-0.08367113294733046,0.43609853774949997,0.0,0.6737254901960784,0.0,0.29359152145415096,-0.034663597602015164,0.2493418968473878,Banks—Regional,Financial Services,HBNC
2017Q4,2017,Q4,2018-02-28,2017-12-31,7650000.0,39401000.0,0.0,0.2,0.0,0.0,3964303000.0,457078000.0,3046379000.0,13386000.0,3507225000.0,0.0,185570000.0,698912982.96,1021432982.96,12.12048410021426,227.5794860301808,0.10063837199124286,0.872851023238922,0.0,12.12048410021426,0.01673674952633905,17.738457982284714,22.840293560784314,1.529089089739607,0.45437908496732027,0.0,0.004973437444642429,0.009938947653597619,44.99850590168833,0.0019297213154493994,59.40611839864004,0.0,-0.1666666666666666,-0.23921380164091863,-0.019025109812886572,0.4783332376535915,0.0,-0.0637620854240607,0.0,-0.15022256655367422,-0.014735112240943654,0.2922193269777903,Banks—Regional,Financial Services,HBNC
2017Q3,2017,Q3,2017-11-08,2017-09-30,8171000.0,34685000.0,0.0,0.24,0.0,0.0,3519501000.0,392055000.0,2634065000.0,0.0,3127446000.0,0.0,181396000.0,658664396.208,1081761396.208,11.575205844422715,0.0,0.1408605935898299,1.2645139074874698,0.0,11.575205844422715,0.02084146357016235,18.989891774772953,20.152502637620856,1.6800305982783026,0.35466895116876757,0.0,0.004399812737236277,0.009855090252851185,0.0,0.0023216359364580377,71.41541756565108,0.0,-0.12195014871969356,-0.048312997152066176,-0.13721148603712643,0.42091277369645036,0.0,-0.09931657848324515,0.0,0.008164896047536774,-0.060651376968762,0.2637449639690297,Banks—Regional,Financial Services,HBNC
2017Q2,2017,Q2,2017-08-09,2017-06-30,9072000.0,34160000.0,0.0,0.273333,0.0,0.0,3321178000.0,357259000.0,2464569000.0,0.0,2963919000.0,0.0,176123000.0,584350952.7899001,1041223952.7899001,10.73988438854561,0.0,0.15743389845410274,1.4635488539127075,0.0,10.73988438854561,0.025393342085153908,17.10629252897834,16.103145744871583,1.6356507541864587,0.3195546737213404,0.0,0.004961059764100904,0.010285507130301358,0.0,0.002731560910014459,79.1267370060799,0.0,0.10810525931721712,-0.0708744212968732,-0.12182781789484907,0.37547583687065134,0.0,0.10311284046692606,0.0,0.17934196917913459,-0.04178214319322775,0.18452653301411262,Banks—Regional,Financial Services,HBNC
2017Q1,2017,Q1,2017-05-09,2017-03-31,8224000.0,32020000.0,0.0,0.246667,0.0,0.0,3169643000.0,348575000.0,2343145000.0,0.0,2821068000.0,0.0,169950000.0,581442291.72,878671291.72,10.479270405280728,0.0,0.11279156674742234,1.0256300652657246,0.0,10.479270405280728,0.02359320088933515,18.158722414740787,17.675166941877432,1.6680550576489996,0.29754377431906615,0.0,0.004208500198293763,0.010102084051737056,0.0,0.0025946139675666943,32.298760788801246,0.0,0.4799990400019199,-0.10486571080247205,-0.12338167936475757,0.3864195611676272,0.0,0.4677851151169017,0.0,0.4051246301175827,0.05145507441888107,0.1986123731417703,Banks—Regional,Financial Services,HBNC
2016Q4,2016,Q4,2017-02-28,2016-12-31,5603000.0,29628000.0,0.0,0.166667,0.0,0.0,3141156000.0,340855000.0,2355467000.0,19972000.0,2800301000.0,0.0,164173000.0,620356470.4440999,750014470.4440999,10.256422446831452,117.93846384938915,0.06382682044444785,0.5881973273092664,0.0,10.256422446831452,0.01643807484120814,20.938182477524634,27.679656900058,1.8200010868084668,0.43833660538996966,0.0,0.003959014078215066,0.009432196299706222,26.20548768275586,0.001783738216121708,42.82750917805315,0.0,-0.166665,-0.2005133099851633,-0.19909767905792228,0.41025770646236825,0.0,-0.1513177824901545,0.0,-0.20505689011891606,-0.07518874026497592,0.20958456060049888,Banks—Regional,Financial Services,HBNC
2016Q3,2016,Q3,2016-11-09,2016-09-30,6602000.0,32984000.0,0.0,0.2,0.0,0.0,3325650000.0,345736000.0,2430254000.0,0.0,2979914000.0,0.0,161026000.0,421873073.7984,945478073.7983999,10.70120806751787,0.0,0.18261873618691082,1.7566177661568365,0.0,10.70120806751787,0.019095494828424,12.790233864855686,15.975199704574372,1.2202173733669621,0.33732202362920327,0.0,0.0052788389169966645,0.009918061130906741,0.0,0.0019851758302888156,-257.23967914536587,0.0,-0.13461496856488872,-0.0024002779960759823,-0.0808696249495513,0.5041558728771972,0.0,0.043629465697122984,0.0,-0.17182977140284436,0.013274294465097425,0.2695850559883056,Banks—Regional,Financial Services,HBNC
2016Q2,2016,Q2,2016-08-09,2016-06-30,6326000.0,29329000.0,0.0,0.231111,0.0,0.0,2918080000.0,281002000.0,2162815000.0,0.0,2637078000.0,0.0,156651000.0,306185504.1827,722718504.1826999,10.254305327029911,0.0,0.1801722365390942,1.8710080355299963,0.0,10.254305327029911,0.022512295286154546,10.439684414153227,12.100280753347295,1.0896203734589078,0.2993993044577932,0.0,0.00618579251508215,0.010050786818730124,0.0,0.0021678638008553568,142.94374611704015,0.0,0.18181492769334617,0.24379531736905025,0.12098404080749743,0.40639645338657093,0.0,0.17561791488570896,0.0,-0.20988884640979508,-0.05767781363607428,0.2413684748151619,Banks—Regional,Financial Services,HBNC
2016Q1,2016,Q1,2016-05-06,2016-03-31,5381000.0,26443000.0,0.0,0.195556,0.0,0.0,2627918000.0,261417000.0,1868266000.0,0.0,2366501000.0,0.0,152219000.0,295390459.72620004,711121459.7262001,9.723097206870472,0.0,0.17631562324242994,1.7724287249872808,0.0,9.723097206870472,0.02058397120309697,11.170837640441707,13.723771591070433,1.1299588769138964,0.34324475004645977,0.0,0.006252740869532484,0.010062338322580841,0.0,0.0020476285789739253,32.18462189215516,0.0,-0.13725420992027954,0.2030771590886638,0.06280056851053475,0.3924412658947329,0.0,-0.128582995951417,0.0,-0.2693328584635753,-0.14699905799651103,0.16174213984100788,Banks—Regional,Financial Services,HBNC
2015Q4,2015,Q4,2016-02-29,2015-12-31,6175000.0,26568000.0,0.0,0.226667,0.0,0.0,2652401000.0,266832000.0,1902021000.0,0.0,2385569000.0,0.0,148685000.0,333766312.0935,476861312.0935,9.93461920588053,0.0,0.07229110530421305,0.7185982191041554,0.0,9.93461920588053,0.023141902020747136,12.562718762929089,13.51280615763158,1.2508481445010344,0.29700404858299595,0.0,0.005494862523711591,0.010016584973388263,0.0,0.0023280793515007723,26.90362019131872,0.0,0.41666875000000003,0.3314449139433674,-0.08843682208800567,0.47059146656066336,0.0,0.4400652985074627,0.0,-0.13777260326709373,-0.07126208588197283,0.2117236947017069,Banks—Regional,Financial Services,HBNC
2015Q3,2015,Q3,2015-11-09,2015-09-30,4288000.0,26825000.0,0.0,0.16,0.0,0.0,2607914000.0,264738000.0,1872106000.0,0.0,2343176000.0,0.0,144344000.0,275640479.253,634144479.253,10.137995575153122,0.0,0.15593267262647464,1.5360809555107313,0.0,10.137995575153122,0.016197145857413744,10.275507148294503,16.070457046000467,1.041182147077488,0.4274720149253731,0.0,0.0066499666702348114,0.010285998694742235,0.0,0.0016442259982499424,56.01310287604146,0.0,-0.26530687213584475,-0.1686531681497369,-0.06649292503656103,0.40119562019878185,0.0,-0.09306260575296109,0.0,-0.3522196167232506,-0.13452112001068808,0.24448822820321836,Banks—Regional,Financial Services,HBNC
2015Q2,2015,Q2,2015-08-10,2015-06-30,4728000.0,23669000.0,0.0,0.217778,0.0,0.0,2219307000.0,202131000.0,1639191000.0,0.0,2017176000.0,0.0,141889000.0,230629829.02629998,604727829.0263,9.722505678327924,0.0,0.18832680652113476,2.06774319624402,0.0,9.722505678327924,0.023390771331463257,9.74396168094554,12.194893666788282,1.1409918766854168,0.28320642978003385,0.0,0.005805840491896244,0.010665040933949202,0.0,0.0021303947583637597,70.63700735874426,0.0,-0.10908838016069118,0.5007579885483681,0.1598540712980554,0.3849479527422746,0.0,-0.11758118701007839,0.0,-0.225221259455184,-0.0264223929629276,0.24517836045241967,Banks—Regional,Financial Services,HBNC
2015Q1,2015,Q1,2015-05-04,2015-03-31,5358000.0,22695000.0,0.0,0.244444,0.0,0.0,2153965000.0,199491000.0,1572747000.0,0.0,1954474000.0,0.0,138500000.0,215561337.492,649980337.492,9.620503911453806,0.0,0.21963913062654222,2.371510494207759,0.0,9.620503911453806,0.026858354512233635,9.498186274157304,10.057919815789473,1.0805567042723732,0.24916013437849943,0.0,0.006193132848090373,0.010536382903157665,0.0,0.002487505600137421,23.908755267524402,0.0,0.07842782584143253,1.3884889141349461,0.2138744231278554,0.37640423755114133,0.0,0.08286176232821342,0.0,-0.06449200484349317,-0.003312286607121663,0.2728037635528421,Banks—Regional,Financial Services,HBNC
2014Q4,2014,Q4,2015-03-13,2014-12-31,4948000.0,21980000.0,0.0,0.226667,0.0,0.0,2076922000.0,194414000.0,1502789000.0,0.0,1882508000.0,0.0,134477000.0,240806218.4478,346445218.44780004,9.379587386733597,0.0,0.07179614833874358,0.7669972327095785,0.0,9.379587386733597,0.025450842017550178,10.955696926651502,12.166846122059418,1.238625914017509,0.2698059822150364,0.0,0.005543876767822714,0.010582968450428085,0.0,0.002382371605674166,-67.58524233730003,0.0,0.0,0.8963992189643901,0.11999976110893548,0.35494529673407466,0.0,-0.002016942315449778,0.0,0.13201002541575074,-0.04734671139667783,0.28969291818364346,Banks—Regional,Financial Services,HBNC
2014Q3,2014,Q3,2014-11-07,2014-09-30,4958000.0,22588000.0,0.0,0.226667,0.0,0.0,2037045000.0,189780000.0,1457932000.0,0.0,1847265000.0,0.0,130864000.0,212168601.6,557566601.6,9.15944765316302,0.0,0.18787802920406765,2.0166297818526715,0.0,9.15944765316302,0.026124986826852145,9.392978643527536,10.698295764421138,1.1179713436610814,0.2517144009681323,0.0,0.005882114462689657,0.011088611199065313,0.0,0.00243391775832149,17.093828681920723,0.0,0.02000252000252002,0.668065498450679,0.17371038299611052,0.3220516438787738,0.0,0.037672666387609875,0.0,0.1682020375355864,-0.018518284109390982,0.28744688383692263,Banks—Regional,Financial Services,HBNC
2014Q2,2014,Q2,2014-08-11,2014-06-30,4778000.0,22143000.0,0.0,0.222222,0.0,0.0,2073251000.0,187336000.0,1452324000.0,0.0,1885915000.0,0.0,127154000.0,200557098.1106,522518098.1106,9.066816225059311,0.0,0.17979733278797405,1.9898204296024256,0.0,9.066816225059311,0.025504975018149207,9.057358899453552,10.493778678871912,1.0705742522024597,0.2724989535370448,0.0,0.006491916827007509,0.010680327659313803,0.0,0.0023045931245179673,93.98177043608247,0.0,0.3157872922452024,0.8204132441920485,0.10354619564752457,0.3743087127861274,0.0,0.3983026046239391,0.0,0.24595573029620346,0.12247162352738804,0.24353018325080703,Banks—Regional,Financial Services,HBNC
2014Q1,2014,Q1,2014-05-09,2014-03-31,3417000.0,17779000.0,0.0,0.168889,0.0,0.0,1806583000.0,169783000.0,1206647000.0,0.0,1636800000.0,0.0,123678000.0,192297485.9806,425045485.9806,8.74283516514413,0.0,0.14866075901300965,1.5818309253576623,0.0,8.74283516514413,0.020125689851162955,10.815989987097137,14.069175152224174,1.1326074223014082,0.2903131401814457,0.0,0.005158673785782505,0.009841230654777555,0.0,0.001891416004689516,450.34540042295083,0.0,-0.155555,0.08498169306571647,-0.06503532752410703,0.33475155034842813,0.0,-0.16962332928311058,0.0,0.05770060902323158,-0.010682550859453514,0.2520582902596148,Banks—Regional,Financial Services,HBNC
2013Q4,2013,Q4,2014-02-28,2013-12-31,4115000.0,18704000.0,0.0,0.2,0.0,0.0,1758276000.0,164520000.0,1170545000.0,0.0,1593756000.0,0.0,121253000.0,218430139.968,294245139.968,8.47929345405967,0.0,0.06115990891077396,0.6536348164356917,0.0,8.47929345405967,0.025012156576707998,11.678258124893071,13.270360872904009,1.3276813759299781,0.24763061968408262,0.0,0.004665107114564334,0.010637692830932117,0.0,0.002340360671475923,58.62322597101449,0.0,-0.13461496856488872,0.6239228349423634,0.1994958736208581,0.33305831640201666,0.0,-0.1400208986415883,0.0,0.22824139929220005,-0.11163783045658426,0.25516402164894386,Banks—Regional,Financial Services,HBNC
2013Q3,2013,Q3,2013-11-07,2013-09-30,4785000.0,19539000.0,0.0,0.231111,0.0,0.0,1781024000.0,163459000.0,1190272000.0,0.0,1617565000.0,0.0,118157000.0,201253354.504,435706354.504,8.428902039326179,0.0,0.15437916614262356,1.682091533656758,0.0,8.428902039326179,0.029273395775087332,10.300084677004964,10.514804310553814,1.2312161123217444,0.21442006269592476,0.0,0.005098051669889595,0.010970655083816951,0.0,0.002686656664929838,11.152859767470213,0.0,-0.16129207856116365,2.009815330478462,0.283565551432882,0.8242862477724829,0.0,-0.1553398058252427,0.0,0.2492109045206353,-0.08439834059909278,0.16497788276160683,Banks—Regional,Financial Services,HBNC
2013Q2,2013,Q2,2013-08-08,2013-06-30,5665000.0,22022000.0,0.0,0.275556,0.0,0.0,1785907000.0,160165000.0,1226767000.0,0.0,1625742000.0,0.0,114398000.0,180880822.11220002,464391822.1122,8.26048472719332,0.0,0.17651871010080591,1.9682577342115943,0.0,8.26048472719332,0.03536977491961415,8.2136419086459,7.982384029664608,1.129340505804639,0.1706972639011474,0.0,0.005346061504520207,0.012330989239641259,0.0,0.003172057671536088,44.333534831421574,0.0,0.06896631985662087,0.5871674603458307,0.39409532571644396,0.8226661418511606,0.0,0.0666541141028055,0.0,0.9280830811627866,0.1571051686942599,0.17668652403942087,Banks—Regional,Financial Services,HBNC
2013Q1,2013,Q1,2013-05-08,2013-03-31,5311000.0,22356000.0,0.0,0.257778,0.0,0.0,1734250000.0,162277000.0,1186128000.0,0.0,1571973000.0,0.0,109700000.0,172349530.9922,386565530.9922,8.369410795584244,0.0,0.13912008072653884,1.4867726171915923,0.0,8.369410795584244,0.03272798979522668,7.709318795500089,8.112856853332705,1.0620699852240305,0.19073620787045753,0.0,0.005877590697046024,0.012890875018019316,0.0,0.003062418913074816,11.648386793200864,0.0,0.035714716198787445,0.7553032658152878,0.5391163872321603,0.8157578563092063,0.0,0.02727272727272727,0.0,1.5319797231395151,0.2787954311143835,0.1974105089374284,Banks—Regional,Financial Services,HBNC
2012Q4,2012,Q4,2013-03-12,2012-12-31,5170000.0,20651000.0,0.0,0.248889,0.0,0.0,1848227000.0,158968000.0,1299446000.0,0.0,1689259000.0,0.0,105402000.0,169332556.2234,285545556.2234,8.198749640136533,0.0,0.07950754966787088,0.924387298072568,0.0,8.198749640136533,0.03252226863268079,8.199726706861654,8.18822805722437,1.0651990100108197,0.20019342359767892,0.0,0.006112232774863017,0.011173411058273686,0.0,0.0027972754428974363,26.359364293804482,0.0,0.037037500000000036,1.149054427675407,0.4190449656447446,0.8801011277544318,0.0,0.06597938144329897,0.0,1.118226204099145,0.12489774198876974,0.18436523974556168,Banks—Regional,Financial Services,HBNC
2012Q3,2012,Q3,2012-11-08,2012-09-30,4850000.0,22709000.0,0.0,0.24,0.0,0.0,1846776000.0,155862000.0,1278632000.0,0.0,1690914000.0,0.0,101267000.0,162018616.1058,485888616.10580003,8.146316972230645,0.0,0.1978756492395396,2.344586878135787,0.0,8.146316972230645,0.03111727040587186,7.134555291109252,8.351475056999998,1.0395004305462525,0.19216494845360824,0.0,0.005752425384200254,0.01229656439113352,0.0,0.0026261983045047154,61.23152536122449,0.0,-0.129033662848931,0.8074632427025221,0.6868093902737886,0.9486028481629691,0.0,-0.012219959266802444,0.0,0.7670568945604492,0.2778603496248048,0.17581890879369125,Banks—Regional,Financial Services,HBNC
2012Q2,2012,Q2,2012-08-08,2012-06-30,4910000.0,19561000.0,0.0,0.275556,0.0,0.0,1563265000.0,130612000.0,1077588000.0,0.0,1432653000.0,0.0,97349000.0,130352337.3608,477211337.3608,7.808122906019163,0.0,0.23706921091433633,2.837426882675405,0.0,7.808122906019163,0.03759225798548372,6.663889236787485,6.63708438700611,0.9980119541910392,0.15458248472505093,0.0,0.005822680401189715,0.012512913677463515,0.0,0.003140862233850307,28.858166340668586,0.0,0.05681883554945338,1.358682799990121,0.7174896017567938,1.0023363369453309,0.0,0.06438326468675483,0.0,1.3106561581501774,0.20413478362039722,0.18352143397247206,Banks—Regional,Financial Services,HBNC
2012Q1,2012,Q1,2012-05-10,2012-03-31,4613000.0,18340000.0,0.0,0.260741,0.0,0.0,1546831000.0,126238000.0,1062363000.0,0.0,1420593000.0,0.0,93198000.0,91548904.98949999,414087904.9895,7.558513092858559,0.0,0.2208308470673267,2.705904719656522,0.0,7.558513092858559,0.03654208716868138,4.991761449809159,4.961462442526555,0.7252087722357768,0.1738564925211359,0.0,0.008760345086508503,0.011856498867684964,0.0,0.002982226241910073,15.852624240606058,0.0,0.2364418914971607,1.4108310254242666,0.6831115754004715,0.8863477568798093,0.0,0.3097671777399205,0.0,0.7031349581301726,0.12143828863259398,0.15394341520283425,Banks—Regional,Financial Services,HBNC
2011Q4,2011,Q4,2012-03-12,2011-12-31,3522000.0,18591000.0,0.0,0.21088010831166404,0.0,0.0,1547162000.0,121465000.0,1066150000.0,0.0,1425697000.0,0.0,89387000.0,85758518.1684,466098518.1684,7.272729232276057,0.0,0.25904656396679854,3.2996089408471576,0.0,7.272729232276057,0.028996007080228873,4.612905070647088,6.087345128364566,0.7060348097674227,0.18710959681998865,0.0,0.007684367851435497,0.012016194813471374,0.0,0.0022764261273221552,13.007510718701655,0.0,0.33447307901701656,0.5200044609154885,0.6358879360911807,0.8917604381329782,0.0,0.030728709394205442,0.0,0.6146938838869623,0.38507188819907984,0.14337028651649575,Banks—Regional,Financial Services,HBNC
2011Q3,2011,Q3,2011-11-14,2011-09-30,3417000.0,18529000.0,0.0,0.158025,0.0,0.0,1490810000.0,118680000.0,1006874000.0,0.0,1372130000.0,0.0,86524000.0,87319809.02749999,435605809.0275,7.114427607192238,0.0,0.24600586258476936,3.0902258173238963,0.0,7.114427607192238,0.028791708796764407,4.712602354552323,6.388631038008486,0.7357584178252443,0.25197541703248466,0.0,0.009860305577727978,0.012428813866287455,0.0,0.0022920425808788513,27.407347466258628,0.0,-0.03614494574598517,0.67255634356965,0.6721901270884396,0.9217391635866973,0.0,0.10475266731328807,0.0,1.4986368733849416,0.4150375331208811,0.5397915866170437,Banks—Regional,Financial Services,HBNC
2011Q2,2011,Q2,2011-08-12,2011-06-30,3093000.0,15911000.0,0.0,0.163951,0.0,0.0,1413737000.0,121507000.0,911608000.0,0.0,1292230000.0,0.0,84417000.0,88548967.404,328487967.404,7.291191116372468,0.0,0.18445510020604963,2.1461397285753083,0.0,7.291191116372468,0.025455323561605504,5.565267261894287,7.157207193986422,0.7287560996814999,0.2592951826705464,0.0,0.009057135543330699,0.01125456856544039,0.0,0.0021878185263595703,13.120309290857906,0.0,0.12162300835311594,0.6199967479334877,0.4962103644005031,1.1366210449030962,0.0,0.118625678119349,0.0,0.008235595939770345,0.1719051364750369,0.6087926581148014,Banks—Regional,Financial Services,HBNC
2011Q1,2011,Q1,2011-05-12,2011-03-31,2765000.0,15381000.0,0.0,0.146173,0.0,0.0,1382390000.0,116060000.0,893154000.0,0.0,1266330000.0,0.0,82169000.0,89629924.6586,313185924.6586,6.982770078005953,0.0,0.18443782145414825,2.196837842495261,0.0,6.982770078005953,0.02382388419782871,5.827314521721605,8.103971488119349,0.7722723131018439,0.2875226039783002,0.0,0.008869805514488065,0.011126382569318355,0.0,0.0020001591446697385,26.50204750402129,0.0,-0.15347441686306626,0.8308278754343276,0.499567800245541,1.0210788730162115,0.0,-0.036585365853658534,0.0,0.0660516743035325,0.23529076579434097,0.5149238025966766,Banks—Regional,Financial Services,HBNC
2010Q4,2010,Q4,2011-03-11,2010-12-31,2870000.0,18036000.0,0.0,0.17267404897360922,0.0,0.0,1400919000.0,112283000.0,966135000.0,0.0,1288636000.0,0.0,80240000.0,87259782.75,362901782.75,6.7555262163427745,0.0,0.2079527795682691,2.5945601738464417,0.0,6.7555262163427745,0.025560414310269588,4.838089529274784,7.601026371951219,0.7771415330014338,0.30278745644599303,0.0,0.009958768777704755,0.012874406014908786,0.0,0.002048655204190963,44.61134087423313,0.0,-0.006632749954787183,0.32385167054135783,0.5945979725363677,1.0125076056648827,0.0,-0.12473315035071668,0.0,0.3917012902350594,0.44578115194537243,0.5491474938743427,Banks—Regional,Financial Services,HBNC
2010Q3,2010,Q3,2010-11-12,2010-09-30,3279000.0,18268000.0,0.0,0.173827,0.0,0.0,1485058000.0,120112000.0,1044325000.0,0.0,1364946000.0,0.0,78280000.0,72962857.3205,403837857.3205,7.235246406004956,0.0,0.23506017946773797,2.90627081390702,0.0,7.235246406004956,0.027299520447582257,3.9940254718907378,5.562889396195487,0.6074568512763088,0.2665446782555657,0.0,0.011978697546901533,0.012301203050655261,0.0,0.002207994569909054,6.569087721301882,0.0,0.35384555473343976,0.5150586667165056,0.5489785654962719,1.0783172486511796,0.0,0.30377733598409545,0.0,0.4083643399598115,0.5638852034482866,0.7306743405592802,Banks—Regional,Financial Services,HBNC
2010Q2,2010,Q2,2010-08-12,2010-06-30,2515000.0,16291000.0,0.0,0.128395,0.0,0.0,1464415000.0,116512000.0,1010793000.0,0.0,1347903000.0,0.0,75916000.0,69927546.0247,357387546.0247,7.020123506502044,0.0,0.21351597736980296,2.683637736885471,0.0,7.020123506502044,0.021585759406756385,4.29240353721073,6.951048312594433,0.6001746260016136,0.3455268389662028,0.0,0.012427148518740374,0.011124578756704896,0.0,0.0017174093409313617,7.67843922528824,0.0,0.477264882527556,0.394807973834659,0.5599856997347434,1.054790455974546,0.0,0.40424343941931884,0.0,0.21768952960144028,0.4416549960617767,0.8002596214356537,Banks—Regional,Financial Services,HBNC
2010Q1,2010,Q1,2010-05-13,2010-03-31,1791000.0,14927000.0,0.0,0.086914,0.0,0.0,1301660000.0,115716000.0,895121000.0,0.0,1185944000.0,0.0,74310000.0,63114429.7179,338357429.7179,6.989591901119346,0.0,0.23129849576694375,2.6018182446679803,0.0,6.989591901119346,0.015477548480763248,4.228205916654384,8.809942730025126,0.5454252628668464,0.48743718592964824,0.0,0.013832019142088627,0.011467664367039011,0.0,0.0013759353440990735,216.1453072530822,0.0,-0.3095478021487523,0.2736513608081417,0.5278453834526302,1.160123252707607,0.0,-0.14059500959692897,0.0,-0.05574119021080083,0.3819688392052799,0.7443643798988767,Banks—Regional,Financial Services,HBNC
2009Q4,2009,Q4,2010-03-12,2009-12-31,2084000.0,15675000.0,0.0,0.12587982234032213,0.0,0.0,1387020000.0,114605000.0,1004463000.0,0.0,1272415000.0,0.0,73431000.0,53042079.9447,296193079.9447,6.922484183931199,0.0,0.22483670026387506,2.721111644343615,0.0,6.922484183931199,0.018184197897124908,3.383864749263158,6.363013429066699,0.4628251816648488,0.4169865642994242,0.0,0.016383218774716074,0.011301206904010036,0.0,0.0015025017663768366,-28.27402982126866,0.0,0.04469784670043429,0.0426922032194781,0.5188426627840954,1.1057013125153499,0.0,-0.11582520152736529,0.0,-0.09266979693619747,0.39145924509905794,0.8006557503398077,Banks—Regional,Financial Services,HBNC
2009Q3,2009,Q3,2009-11-12,2009-09-30,2357000.0,15261000.0,0.0,0.120494,0.0,0.0,1321224000.0,113833000.0,935252000.0,0.0,1207391000.0,0.0,72255000.0,55498500.4082,379907500.4082,6.928207151038421,0.0,0.25712596804175525,2.984380627761721,0.0,6.928207151038421,0.02070577073432133,3.6366227906559203,5.886561350042427,0.48754315890998223,0.36953754773016545,0.0,0.015694117743608585,0.01155065303082596,0.0,0.0017839518507081313,7.549789199863964,0.0,0.17307916974960086,0.23090710168606526,0.516873399431121,1.1037357287797036,0.0,0.14195736434108527,0.0,0.1713471265162718,0.3983211352706727,0.8714375562880318,Banks—Regional,Financial Services,HBNC
2009Q2,2009,Q2,2009-08-14,2009-06-30,2064000.0,15779000.0,0.0,0.102716,0.0,0.0,1343296000.0,107194000.0,973761000.0,0.0,1236102000.0,0.0,70807000.0,52154461.6198,405187461.6198,6.597365017557236,0.0,0.28090309209585973,3.520122394910163,0.0,6.597365017557236,0.01925480903781928,3.305308423841815,6.317158626429264,0.4865427320540329,0.42296511627906974,0.0,0.016738740519729053,0.011746480299204345,0.0,0.001536519129067607,14.53985548363535,0.0,-0.25714533672760936,0.0718240573592145,0.6449939847888986,1.215942632417975,0.0,-0.21669829222011386,0.0,0.10878353450168764,0.5218698442267652,0.9333012552321338,Banks—Regional,Financial Services,HBNC
2009Q1,2009,Q1,2009-05-15,2009-03-31,2635000.0,15910000.0,0.0,0.138272,0.0,0.0,1442851000.0,106427000.0,1078553000.0,0.0,1336424000.0,0.0,69654000.0,35625369.1852,364663369.1852,6.550159213422057,0.0,0.2417387519570628,3.277298054065228,0.0,6.550159213422057,0.024758754827252483,2.2391809670144562,3.3800160517267557,0.33473995494752273,0.2838709677419355,0.0,0.020996273641726775,0.011026779618962734,0.0,0.0018262453988665496,22.49076337449495,0.0,0.05873879950235636,0.6098133299313166,0.7799613406313715,1.0084153103848557,0.0,0.24175306314797362,0.0,0.7847930257624237,0.5867429375952927,0.8958648578216178,Banks—Regional,Financial Services,HBNC
2008Q4,2008,Q4,2009-03-20,2008-12-31,2122000.0,13058000.0,0.0,0.13060067323970048,0.0,0.0,1306857000.0,103350000.0,967771000.0,0.0,1203507000.0,0.0,67804000.0,40117941.7382,211462941.7382,6.360782082621605,0.0,0.16071000882269446,2.032172230285438,0.0,6.360782082621605,0.020532172230285438,3.0722883855261145,4.726430459260133,0.3881755368959845,0.26107445805843543,0.0,0.013809282729788836,0.009991911892425874,0.0,0.0016237430721188317,138.81640739861592,0.0,0.6125928932644401,0.9529736758196695,0.486732173455181,1.0722055495477534,0.0,0.5930930930930931,0.0,0.001284909167955979,0.18097989795978123,0.8949112044424884,Banks—Regional,Financial Services,HBNC
2008Q3,2008,Q3,2008-11-13,2008-09-30,1332000.0,12754000.0,0.0,0.080988,0.0,0.0,1188631000.0,75072000.0,923754000.0,0.0,1113559000.0,0.0,66239000.0,71411593.5902,405976593.5902,4.620383478534776,0.0,0.29973894337266993,4.745830669224212,0.0,4.620383478534776,0.01774296675191816,5.599152704265329,13.403076875037538,0.9512413894687768,0.41516516516516516,0.0,0.007743840631444606,0.010729991056938613,0.0,0.001120616911387975,9.13775989637876,0.0,-0.5543449550977284,-0.38972737774267585,0.2561403139321788,0.5559196759922221,0.0,-0.5545150501672241,0.0,-0.3711814182467176,0.1049278654772187,0.32720050430514447,Banks—Regional,Financial Services,HBNC
2008Q2,2008,Q2,2008-08-13,2008-06-30,2990000.0,13233000.0,0.0,0.181728,0.0,0.0,1194447000.0,73613000.0,908386000.0,0.0,1120834000.0,0.0,65460000.0,56340779.4627,357521779.4627,4.53208875587259,0.0,0.2689612850130646,4.364174806080448,0.0,4.53208875587259,0.04061782565579449,4.2575968761958745,4.710767513603679,0.765364534290139,0.18494983277591973,0.0,0.009815270666713257,0.011078766994265965,0.0,0.0025032504581618104,80.71744908696276,0.0,0.17948518244479933,0.5706569933995709,0.36443956129116034,0.5277957087056923,0.0,0.18275316455696203,0.0,0.6944057404223591,0.2947948988528137,0.32654257614859833,Banks—Regional,Financial Services,HBNC
2008Q1,2008,Q1,2008-05-15,2008-03-31,2528000.0,12136000.0,0.0,0.154074,0.0,0.0,1249676000.0,74671000.0,977854000.0,0.0,1175005000.0,0.0,63023000.0,73248300.0,305731300.0,4.609320987654321,0.0,0.2271076663071068,3.800819595291345,0.0,4.609320987654321,0.03385517804770259,6.035621292023731,7.243700553797468,0.9809470878922204,0.19264240506329114,0.0,0.006648618466230616,0.009711317173411348,0.0,0.002022924341989444,15.786271551724138,0.0,0.24179044776119396,0.36206898112342806,0.29961718232720475,0.6261921545875725,0.0,0.25771144278606967,0.0,0.8372092633334279,0.2694307669103619,0.42450397469282564,Banks—Regional,Financial Services,HBNC
2007Q4,2007,Q4,2008-03-14,2007-12-31,2010000.0,12159000.0,0.0,0.12407407407407407,0.0,0.0,1258874000.0,70645000.0,991737000.0,261291000.0,1188229000.0,0.0,60982000.0,82080540.0,348805540.0,4.360802469135803,3.7955268264119315,0.22773446746854728,4.058164059735296,0.0,4.360802469135803,0.028452119753698067,6.75059955588453,10.2090223880597,1.161873310213037,0.2427860696517413,0.0,0.005945379988971807,0.009658631443655204,0.09897394093175808,0.0015966649561433472,6.7734395114705395,0.0,-0.10268113519675663,0.05542534493226976,0.27187428647397394,0.5846578032159584,0.0,-0.1145374449339207,0.0,0.02773476521878251,0.20400883916018908,0.3264815402820863,Banks—Regional,Financial Services,HBNC
2007Q3,2007,Q3,2007-11-13,2007-09-30,2270000.0,11389000.0,0.0,0.138272,0.0,0.0,1194246000.0,67666000.0,931446000.0,81070000.0,1126580000.0,0.0,59460000.0,84117285.583,386509285.583,4.18059379309156,11.489404218576539,0.2698773954444897,4.763101114296693,0.0,4.18059379309156,0.033547128543138356,7.385835945473703,9.264018236013216,1.2431248423580528,0.21497797356828194,0.0,0.0058014235316530965,0.009536561144018903,0.3239422721105218,0.0019007809111355617,70.74624523380993,0.0,0.1290367358270257,0.3831169347313635,0.13855072938323643,0.5499955723041149,0.0,0.1259920634920635,0.0,0.20338982791461582,0.149123536844315,0.2694286325897715,Banks—Regional,Financial Services,HBNC
2007Q2,2007,Q2,2007-08-14,2007-06-30,2016000.0,11030000.0,0.0,0.122469,0.0,0.0,1192283000.0,63172000.0,935860000.0,88474000.0,1129111000.0,0.0,57678000.0,86783400.0,357872400.0,3.899506172839506,10.577796866876145,0.251945217704186,4.755113024757804,0.0,3.899506172839506,0.03191287279174318,7.8679419764279235,10.761830357142857,1.3737636927752803,0.24156746031746032,0.0,0.005611672278338945,0.009251159330460973,0.40051314510477654,0.001690873727126865,41.503299856527974,0.0,0.08771415629746072,0.45384617609088557,0.3545754141689509,0.5468344727516427,0.0,0.09327548806941431,0.0,0.049999965489616084,0.15330798736976983,0.30977775987474415,Banks—Regional,Financial Services,HBNC
2007Q1,2007,Q1,2007-05-15,2007-03-31,1844000.0,10501000.0,0.0,0.112593,0.0,0.0,1151886000.0,64493000.0,885440000.0,63998000.0,1087393000.0,0.0,56149000.0,85554349.2145,314475349.2145,4.0069563341602645,13.835432357261164,0.2179521237344668,3.892763555734731,0.0,4.0069563341602645,0.028592250321740342,8.147257329254357,11.599016975935466,1.32656798744825,0.24620390455531455,0.0,0.005306568329585923,0.009116353528040102,0.43585737054282947,0.0016008528621755972,-204.1869909653938,0.0,-0.18843999257187632,0.553571393810503,0.3057360736249788,0.2589771100621825,0.0,-0.174205105239588,0.0,0.13725488404458683,0.18596819654981958,0.2286163110479045,Banks—Regional,Financial Services,HBNC
