Quarters,Year,Quarter,FillingDate,Date,NetIncome,Revenue,OperatingIncome,EPSDiluted,GrossProfit,GrossProfitRatio,TotalAssets,CommonStockEquity,CurrentAssets,CurrentLiability,TotalLiability,Inventory,RetainedEarnings,MarketCap,EnterpriseValue,bookValuePerShare,currentRatio,debtToAssets,debtToEquity,roic,shareholdersEquityPerShare,roe,priceToSalesRatio,peRatio,pbRatio,payoutRatio,inventoryTurnover,dividendYield,assetTurnover,quickRatio,returnOnAssets,priceToFreeCashFlowsRatio,grossProfitMargin,epsdilutedGrowth,fiveYNetIncomeGrowthPerShare,fiveYRevenueGrowthPerShare,fiveYShareholdersEquityGrowthPerShare,grossProfitGrowth,netIncomeGrowth,operatingIncomeGrowth,threeYNetIncomeGrowthPerShare,threeYRevenueGrowthPerShare,threeYShareholdersEquityGrowthPerShare,Industry,Sector,Symbol
2023Q1,2023,Q1,2023-05-03,2023-03-31,122005000.0,1716335000.0,109491000.0,1.14,689732000.0,0.4018632726,2912134000.0,1598481000.0,2252322000.0,1148310000.0,1313653000.0,0.0,328112000.0,8574259399.999999,8248564399.999999,15.020494267994739,1.9614233090367583,0.07624443105983447,0.13890312115064238,0.03872211413485406,15.020494267994739,0.07632558660378197,4.995679398252672,17.569483627720174,5.364004576845142,0.4402852342117126,0.0,0.006264914261866162,0.5893736345923642,1.3558368384843813,0.041895393549884724,152.69187235103465,0.40186327261286403,-0.16788321167883224,0.4536274900100714,0.40937239105025885,0.6429080344436435,-0.04076924039735928,-0.17370456407929402,-0.2635894055770033,0.4431742630281562,0.21157738789661648,0.5046349843675646,Staffing & Employment Services,Industrials,RHI
2022Q4,2022,Q4,2023-02-10,2022-12-31,147653000.0,1727026000.0,148682000.0,1.37,719047000.0,0.4163498407,2964488000.0,1568558000.0,2285112000.0,1216202000.0,1395930000.0,558236000.0,318508000.0,7898333400.0,7477558400.0,14.662161151617125,1.878891828824488,0.0802334163605992,0.1516367262160532,0.052876036307003514,14.662161151617125,0.0941329552365931,4.573372607013444,13.373133969509594,5.035410485299236,0.3162143674696755,1.8056502984400862,0.005911373657637699,0.5825714254873017,1.3788112501048346,0.04980725170754612,41.615953338145644,0.41634984070882547,-0.10457516339869276,2.6060673281762528,0.4739621376341852,0.6306383635760913,-0.0870508082055944,-0.11162653574479862,-0.4145179328051412,0.3947721443585146,0.19742411807813018,0.4619303467512476,Staffing & Employment Services,Industrials,RHI
2022Q3,2022,Q3,2022-10-28,2022-09-30,166206000.0,1833455000.0,253948000.0,1.53,787609000.0,0.4295764008,2910585000.0,1490917000.0,2249850000.0,1234249000.0,1419668000.0,517600000.0,282992000.0,8250907500.0,7889569500.0,13.823346159195216,1.822849360218238,0.07971249765940525,0.15561563789265265,0.09569151573330383,13.823346159195216,0.1114790427636146,4.500196350605823,12.41066432619761,5.534115916580198,0.2789730815975356,2.0205680061823803,0.005619624265573211,0.6299266298699402,1.3730235957250116,0.057103984250588796,49.69348514779927,0.4295764008388534,-0.04375000000000004,1.248187538726756,0.5856926648427784,0.4986050944498102,-0.034256762639063104,-0.05468630027129865,-0.3161657587401948,0.514711976779029,0.2614852126222099,0.4320416196381318,Staffing & Employment Services,Industrials,RHI
2022Q2,2022,Q2,2022-08-03,2022-06-30,175821000.0,1862827000.0,371359000.0,1.6,815547000.0,0.437800719,2933835000.0,1467668000.0,2260742000.0,1266873000.0,1466167000.0,540020000.0,249670000.0,8150503370.0,7810185370.0,13.485505315483355,1.7845056292146095,0.08541414224044638,0.17074093051016986,0.13770067649943854,13.485505315483355,0.11979616643546089,4.37534101126943,11.589206309257712,5.55336995151492,0.27716256874889805,1.9393355801636976,0.005978894528081153,0.6349460688825377,1.3280786629756889,0.05992872809820593,38.33222045074026,0.43780071901470186,0.05263157894736847,1.5066019083440805,0.6301943585448772,0.5216837765664744,0.05661880737867398,0.045066839436753665,0.2928706708072804,0.6404467539401026,0.31366469419851317,0.4149101979317744,Staffing & Employment Services,Industrials,RHI
2022Q1,2022,Q1,2022-05-04,2022-03-31,168239000.0,1814834000.0,287236000.0,1.52,771846000.0,0.4252984019,2950766000.0,1452768000.0,2272037000.0,1289031000.0,1497998000.0,607772000.0,225145000.0,12470511240.0,12182870240.0,13.30154370158765,1.7625929865146766,0.08902400258102472,0.1808196491112139,0.10742781581909287,13.30154370158765,0.1158058272208639,6.871433552600403,18.530945916226322,8.583966084054715,0.28232455019347474,1.7160843210940946,0.003808825403055408,0.6150382646404358,1.2582614382431454,0.05701536482391352,230.18940913705583,0.42529840194750596,0.006622516556291397,1.4627389711987133,0.6203582663164773,0.5447955087976043,0.037262907227079575,0.0017565378935835755,0.29302878339080407,0.6423897587630296,0.32464060439546794,0.44581540335261444,Staffing & Employment Services,Industrials,RHI
2021Q4,2021,Q4,2022-02-14,2021-12-31,167944000.0,1769917000.0,222142000.0,1.51,744118000.0,0.4204253646,2952359000.0,1381051000.0,2268547000.0,1358673000.0,1571308000.0,0.0,167659000.0,12210101760.0,11856178760.0,12.613720225047494,1.6696784288787663,0.08978515146701332,0.1919393273673456,0.10202359596362132,12.613720225047494,0.12160593634847663,6.89868607397974,18.175852903348737,8.8411664449756,0.2517208116991378,0.0,0.0034622971070144464,0.5994924736456508,1.180336990578307,0.05688468102964443,91.76594812749423,0.42042536457924296,-0.013071895424836612,1.4945548382151252,0.61651032217946,0.46852581041362373,0.025906935768281066,-0.017129881606592106,-0.030705256589827166,0.6037612037038594,0.2954504970623147,0.40867710872409396,Staffing & Employment Services,Industrials,RHI
2021Q3,2021,Q3,2021-10-29,2021-09-30,170871000.0,1712566000.0,229179000.0,1.53,725327000.0,0.4235322901423945,2931718000.0,1316043000.0,2233751000.0,1341602000.0,1615675000.0,0.0,112915000.0,11053958080.0,10688870080.0,11.944915408074353,1.6649878279847525,0.0916292085391569,0.20412023011406163,0.09281707894591587,11.944915408074353,0.12983694301781934,6.454617270224914,16.172958079486865,8.399389746383667,0.24496842647377262,0.0,0.0037866979137304636,0.5841509995163245,1.2219361628858634,0.05828357297666419,51.14968340197122,0.4235322901423945,0.15037593984962402,1.1852619925301897,0.48193912154306046,0.39218980190643105,0.09092727622760471,0.1451482109467674,0.30065322383841364,0.6164706326038734,0.2733759577252908,0.281906427958253,Staffing & Employment Services,Industrials,RHI
2021Q2,2021,Q2,2021-08-04,2021-06-30,149213000.0,1580581000.0,176203000.0,1.33,664872000.0,0.42065038109404074,2741368000.0,1259250000.0,2053229000.0,1196312000.0,1482118000.0,0.0,60174000.0,9863303170.0,9601623170.0,11.358818700895716,1.7162989253639518,0.10254916523429178,0.22324796505856662,0.07080820635847583,11.358818700895716,0.1184935477466746,6.240302249615806,16.525542630333817,7.832680698828668,0.2828305844665009,0.0,0.004278688312893053,0.5765665171549387,1.2126869913534262,0.054430123938121404,62.01736137222477,0.42065038109404074,0.35714285714285726,0.8890794808742493,0.36389420646970244,0.36566071639798536,0.18365493999583415,0.3491473625201179,0.2761582641066682,0.4935988610953293,0.18699306136840224,0.24191681296366155,Staffing & Employment Services,Industrials,RHI
2021Q1,2021,Q1,2021-04-30,2021-03-31,110598000.0,1398380000.0,138073000.0,0.98,561711000.0,0.40168695204450866,2565169000.0,1197699000.0,1873920000.0,1076586000.0,1367470000.0,0.0,16962000.0,8698871680.0,8488527680.0,10.749021754738656,1.7406133834175812,0.11211191153487353,0.24011542132038183,0.05738854152754616,10.749021754738656,0.09234206591138508,6.220677984524951,19.663266243512542,7.2629865099661925,0.40034177833233875,0.0,0.005089970473044155,0.5451414702111245,1.2052943285534086,0.043115287920600945,149.16528079290774,0.40168695204450866,0.16666666666666669,0.5383454473156885,0.24555168241281022,0.32986295218480466,0.09212815971162315,0.1713904422979156,0.5522889778297432,0.2585407474499877,0.09671406757710632,0.1757039341174253,Staffing & Employment Services,Industrials,RHI
2020Q4,2020,Q4,2021-02-12,2020-12-31,94416000.0,1304086000.0,88948000.0,0.84,514327000.0,0.394396535197832,2557424000.0,1205289000.0,1842738000.0,1046626000.0,1352135000.0,0.0,29936000.0,7001446320.0,6729732320.0,10.755842904184403,1.7606461142757777,0.11836598076814794,0.25115304296313995,0.0357960214198257,10.755842904184403,0.07833473963505848,5.368853219802989,18.538823716319268,5.808935715832468,0.4091891204880529,0.0,0.005518002743181783,0.5099217024631035,1.231183823065737,0.03691839913913375,255.63919672849423,0.394396535197832,0.253731343283582,0.17373392985593553,0.16118573172702366,0.3948357087088639,0.10052723250011769,0.24643229613592257,0.16709747680841852,1.2013697991120977,0.06255039109912554,0.19620087999280797,Staffing & Employment Services,Industrials,RHI
2020Q3,2020,Q3,2020-11-02,2020-09-30,75749000.0,1189897000.0,76213000.0,0.67,467346000.0,0.39276172643514523,2563092000.0,1194029000.0,1853681000.0,1052785000.0,1369063000.0,0.0,42802000.0,5972108460.0,5685109460.0,10.584518965685362,1.7607403220980542,0.11704652037461004,0.2512510165163493,0.03139649757155073,10.584518965685362,0.0634398327008808,5.019012956583637,19.71018911140741,5.001644398921634,0.5067393628958798,0.0,0.006427378246241697,0.4642427973713,1.2132192232982042,0.029553757726995363,45.21413074913881,0.39276172643514523,0.6369291209690623,-0.08859895004656126,0.054895132274806226,0.3806474992051501,0.10463579915712742,0.6397307126158109,0.31585490080975154,-0.020376316299296253,-0.016091606727594094,0.1474800574045809,Staffing & Employment Services,Industrials,RHI
2020Q2,2020,Q2,2020-08-03,2020-06-30,46196000.0,1108326000.0,57919000.0,0.409303,423077000.0,0.3817261347293125,2402377000.0,1156706000.0,1720148000.0,977167000.0,1245671000.0,0.0,29697000.0,5962657950.0,5741899950.0,10.24858016214061,1.7603418862896516,0.1168538493333894,0.24269520517746082,0.02684371606978288,10.24858016214061,0.039937546792356914,5.379877355579495,32.26825888605074,5.154860396678153,0.8321066759026755,0.0,0.006446789388614854,0.46134557565278056,1.1941602612450073,0.019229288325687433,20.348423870756378,0.3817261347293125,-0.4818949367088608,-0.3954444736941287,0.022854646668360713,0.3382872574011076,-0.30724541809053946,-0.48622587999777567,-0.5572145008638747,-0.36493188634614615,-0.06473281237675306,0.15643409725736385,Staffing & Employment Services,Industrials,RHI
2020Q1,2020,Q1,2020-05-04,2020-03-31,89915000.0,1506691000.0,130806000.0,0.79,610717000.0,0.40533659522755494,2274852000.0,1129925000.0,1606655000.0,913354000.0,1144927000.0,0.0,22485000.0,4272809250.0,4023299250.0,9.98281604777934,1.7590715100607213,0.0001775939709484397,0.00035754585481337256,0.06347673984214966,9.98281604777934,0.07957607805827821,2.8358895420494314,11.880134710559973,3.781498108281523,0.4501584830117333,0.0,0.009472924633834286,0.6623248457482069,1.2081219330073554,0.039525648261952866,38.61553773158608,0.40533659522755494,-0.1938775510204081,0.35668339766425244,0.4694023707576037,0.34923032591187814,-0.04417758050783793,-0.20317789475549883,-0.14444371770553993,0.27005206073388105,0.29806370386621767,0.15936990034634096,Staffing & Employment Services,Industrials,RHI
2019Q4,2019,Q4,2020-02-14,2019-12-31,112842000.0,1537385000.0,152890000.0,0.98,638944000.0,0.4156044191923298,2311408000.0,1143683000.0,1628849000.0,940692000.0,1167725000.0,0.0,36067000.0,7201247100.0,6931226100.0,10.029315818089342,1.7315433744519992,0.00019771498584412618,0.0003995862489868259,0.07890550515968135,10.029315818089342,0.09866545187783678,4.6840883057919775,15.954270351464881,6.296541174433824,0.3184009500008862,0.0,0.004989274704932706,0.6651292199386695,1.1728334034944488,0.04881959394447021,108.62101000045251,0.4156044191923298,-0.02970297029702973,0.5701742881923139,0.4720997904142828,0.36512628287998034,-0.011604990981458622,-0.037028187163448,-0.05943944091736798,0.6092795849344013,0.3481567332185383,0.16764197055895705,Staffing & Employment Services,Industrials,RHI
2019Q3,2019,Q3,2019-11-12,2019-09-30,117181000.0,1552132000.0,162552000.0,1.01,646446000.0,0.4164890614973469,2311570000.0,1111830000.0,1631183000.0,977440000.0,1199740000.0,0.0,23595000.0,6410974460.0,6098742460.0,9.65289414052665,1.6688318464560485,0.00022019666287415046,0.0004578038009407913,0.08403516636917903,9.65289414052665,0.105394709622874,4.1304312133246395,13.677504160230754,5.7661463173326855,0.3050153181829819,0.0,0.005575127497856231,0.6714622529276639,1.192486495334752,0.05069325177260477,36.70419234424559,0.4164890614973469,0.03061224489795921,0.601024961253777,0.4754921320832336,0.33048703412887076,0.013967729134283128,0.022414755871985482,0.021947554711714373,0.43350267381407454,0.2847477166731496,0.1250528214071296,Staffing & Employment Services,Industrials,RHI
2019Q2,2019,Q2,2019-08-02,2019-06-30,114612000.0,1516385000.0,159061000.0,0.98,637541000.0,0.42043478404231116,2239419000.0,1109227000.0,1564919000.0,909510000.0,1130192000.0,0.0,22868000.0,6637208430.0,6368327430.0,9.5309973277425,1.7206176952424932,0.00024961831617933045,0.0005039545557401687,0.08252372415580533,9.5309973277425,0.10332600991501288,4.376994252778813,14.477560006805572,5.983634035233545,0.3147401668237183,0.0,0.005434965675772819,0.6771332207148372,1.222343899462348,0.051179346071458715,63.33637199049555,0.42043478404231116,0.05376344086021498,0.7653921348803292,0.5065997884020917,0.3159769702249138,0.04929820865454881,0.043844150166669704,0.09030276858116214,0.3821983395600614,0.24643637477109012,0.14590337088184216,Staffing & Employment Services,Industrials,RHI
2019Q1,2019,Q1,2019-05-06,2019-03-31,109798000.0,1468530000.0,145887000.0,0.93,607588000.0,0.4137389089770042,2204607000.0,1077029000.0,1532017000.0,900730000.0,1127578000.0,0.0,4485000.0,7793216759.999999,7524179759.999999,9.200029042949398,1.700861523430995,0.00027578611516701165,0.0005645159043999744,0.08024979690931651,9.200029042949398,0.1019452586699151,5.306814814814814,17.744441519881963,7.235846722790193,0.345060930071586,0.0,0.00486153550796398,0.6661187232010058,1.2168030375362207,0.04980388794919004,68.11716525797794,0.4137389089770042,-0.02105263157894727,1.0621717186596904,0.5656044733494671,0.33570012687869805,-0.02011734310439924,-0.03316191750906978,-0.049831312118172696,0.4535888156491385,0.24497295709055827,0.13822244129787756,Staffing & Employment Services,Industrials,RHI
2018Q4,2018,Q4,2019-02-15,2018-12-31,113564000.0,1481658000.0,153538000.0,0.95,620062000.0,0.4184919866797871,1903097000.0,1063198000.0,1473610000.0,819536000.0,839899000.0,0.0,0.0,6791699200.0,6515777200.0,8.954301980865113,1.7981028289178267,0.00034522675407506814,0.0006179469863562573,0.10575235753213082,8.954301980865113,0.1068135944574764,4.583850794177874,14.951259201859745,6.387990948064236,0.2969867211440245,0.0,0.004965914862660584,0.7785509619320508,1.3068675445618008,0.05967325890377632,63.03376613734025,0.4184919866797871,0.0,0.9336027506480084,0.5567844472128631,0.31658889324509576,0.01571581147578579,-0.014560663646934277,0.018771274442800363,0.3323829643680333,0.2451101020764218,0.16120886672807458,Staffing & Employment Services,Industrials,RHI
2018Q3,2018,Q3,2018-11-01,2018-09-30,115242000.0,1466226000.0,150709000.0,0.95,610468000.0,0.41635327705278724,2034907000.0,1119242000.0,1612400000.0,896280000.0,915665000.0,0.0,31313000.0,8335981000.000001,7974945000.000001,9.318086833451275,1.7989913866202527,0.00034596175648322013,0.000628997124839847,0.1020894403245882,9.318086833451275,0.10296432764317279,5.685331592810386,18.083643550094585,7.44788079789715,0.2925235591190712,0.0,0.004044035129158763,0.7205371056269402,1.3345014950685055,0.05663256355204439,47.52879900563323,0.41635327705278724,0.06741573033707858,0.9623953356021896,0.5410381267443763,0.4071411725663131,0.005517872967034415,0.054219457530988426,0.011001616700990816,0.3022366419826386,0.22080792237024402,0.21545375143535525,Staffing & Employment Services,Industrials,RHI
2018Q2,2018,Q2,2018-08-02,2018-06-30,109315000.0,1457054000.0,149069000.0,0.89,607118000.0,0.41667501684906666,1933583000.0,1109498000.0,1504129000.0,808876000.0,824085000.0,0.0,29240000.0,7897085699.999999,7589179699.999999,9.14619931248815,1.8595297672325548,0.00038788094434011886,0.0006759813897816851,0.09779997542870912,9.14619931248815,0.09852654083197987,5.419899125221165,18.060389013401636,7.117710622281427,0.3116315235786489,0.0,0.004313743233152453,0.75355130863273,1.3729310796710497,0.056534940574053456,57.03926110509208,0.41667501684906666,0.141025641025641,0.9480803291212551,0.5407422357234639,0.4475230005346051,0.0607163947544054,0.13672049663606017,0.11325277810969052,0.3310212996809121,0.2511099325985634,0.19433539084472118,Staffing & Employment Services,Industrials,RHI
2018Q1,2018,Q1,2018-05-03,2018-03-31,96167000.0,1395333000.0,133904000.0,0.78,572366000.0,0.4102002891066147,1893860000.0,1114797000.0,1468456000.0,764440000.0,779063000.0,0.0,30502000.0,7058759260.0,6767567260.0,9.142626338839044,1.9209565171890535,0.0004197775970768695,0.0007131343195218502,0.08573207792494293,9.142626338839044,0.08626413598170789,5.058834887442639,18.35026375991764,6.331878593142967,0.3631079268356089,0.0,0.00494690337406407,0.7367667092604522,1.4087122599549997,0.05077830462652994,65.20613063841186,0.4102002891066147,1.0526315789473684,0.938573726313,0.5349437302924234,0.46910228994425895,0.034746703401995135,1.0440623206580653,0.04329668788518625,0.3469273084351735,0.2631826034316767,0.2356742482083838,Staffing & Employment Services,Industrials,RHI
2017Q4,2017,Q4,2018-02-20,2017-12-31,47047000.0,1346282000.0,128347000.0,0.38,553146000.0,0.41086934238146244,1867454000.0,1105265000.0,1431869000.0,747896000.0,762189000.0,0.0,37033000.0,6827032340.0,6533119340.0,8.991669446229693,1.9145295602597152,0.00044981027645125396,0.0007599987333354445,0.042306166923083234,8.991669446229693,0.04256626238956268,5.07102697651755,36.27772408442621,6.176828489095374,0.6360022955767637,0.0,0.004382870698397776,0.7209184269063655,1.3733968359237114,0.025193123900240647,130.49856331835994,0.41086934238146244,-0.44117647058823534,-0.0935457514099593,0.4702067270518823,0.4825215373857731,0.012346266471449487,-0.4445454545454545,-0.02575527554273569,-0.3926804023190007,0.1959111759065448,0.2238884995402871,Staffing & Employment Services,Industrials,RHI
2017Q3,2017,Q3,2017-11-03,2017-09-30,84700000.0,1324709000.0,131740000.0,0.68,546400000.0,0.4124679457903585,1932852000.0,1139818000.0,1437323000.0,778348000.0,793034000.0,0.0,84416000.0,6220463460.0,5873010460.0,9.22414197735678,1.8466328685883435,0.00045683787480883174,0.0007746850813024536,0.07395505997776966,9.22414197735678,0.07431010915777782,4.695720690355391,18.36028175914994,5.4574181667599575,0.3498229043683589,0.0,0.0047633106746036566,0.6853649425822567,1.395567278389615,0.043821254808955885,50.55273476419963,0.4124679457903585,0.06250000000000006,0.6395331072350047,0.4310633428335254,0.5219737151538661,0.01478721784123706,0.054584391652970764,0.010648091321959003,0.07868745029460898,0.1738160535339078,0.27139085161121035,Staffing & Employment Services,Industrials,RHI
2017Q2,2017,Q2,2017-08-03,2017-06-30,80316000.0,1308428000.0,130352000.0,0.64,538438000.0,0.4115151922765334,1836138000.0,1104384000.0,1347106000.0,719443000.0,731754000.0,0.0,66627000.0,5972892810.0,5676019810.0,8.862225860035148,1.872429087502415,0.0005037747707416328,0.000837570989800649,0.07246648844284123,8.862225860035148,0.07272470445062587,4.564938086008554,18.59185221500075,5.408347830102573,0.3841202251108123,0.0,0.005165168868985613,0.712597854845333,1.3987084452833651,0.04374181025609186,48.281796878157614,0.4115151922765334,0.03225806451612906,0.9704901500210367,0.41495711069588076,0.5174930284305514,0.023981225800071507,0.02286012659033889,0.04050192372164307,0.15536168206662293,0.21406808945001912,0.22363743642978176,Staffing & Employment Services,Industrials,RHI
2017Q1,2017,Q1,2017-05-05,2017-03-31,78521000.0,1287370000.0,125278000.0,0.62,525828000.0,0.4084513387759541,1775210000.0,1080943000.0,1295922000.0,682600000.0,694267000.0,0.0,64187000.0,6129971710.0,5870794710.0,8.610553064036898,1.8985086434222092,0.0005441609725046615,0.000893664143252697,0.07244738489208724,8.610553064036898,0.07264120309766565,4.761623861050047,19.51698179467913,5.670948153602918,0.3896664586543727,0.0,0.004991377031983072,0.7251930757487847,1.4072106651040142,0.0442319500228142,54.16844174435559,0.4084513387759541,0.016393442622950834,0.8037413516742485,0.4076302273133085,0.47137765824553624,0.012761892288550507,0.009423047256646269,0.0071550310319323405,0.375253224619618,0.2798794556319643,0.2501174470687055,Staffing & Employment Services,Industrials,RHI
2016Q4,2016,Q4,2017-02-13,2016-12-31,77788000.0,1265073000.0,124388000.0,0.61,519202000.0,0.41041267974259193,1777971000.0,1086599000.0,1284234000.0,679896000.0,691372000.0,0.0,84562000.0,6170913900.0,5911719900.0,8.589375913995495,1.8888682975043243,0.0005663759420148022,0.0009267448249078087,0.07141142231940263,8.589375913995495,0.07158850689168682,4.877911314208745,19.83247383915257,5.679108760453488,0.36254949349514065,0.0,0.004570149649957034,0.7115262284930407,1.4170240742701825,0.04375099481375118,99.5549552311043,0.41041267974259193,-0.14048794921833724,1.0107757316622579,0.4318479727160513,0.4955828788031906,-0.06028318090746033,-0.14111892590179864,-0.14826658267198936,0.24312243104792242,0.24758695214622475,0.2629322701467382,Staffing & Employment Services,Industrials,RHI
2016Q3,2016,Q3,2016-11-03,2016-09-30,90569000.0,1338541000.0,146041000.0,0.709705,552509000.0,0.4127695752315394,1871981000.0,1094930000.0,1493573000.0,729676000.0,777051000.0,0.0,90333000.0,4831503900.0,4540098900.0,8.579947498334835,2.046898897592904,0.0005587663550003979,0.0009553122117395632,0.08247793176644407,8.579947498334835,0.08271670335089915,3.6095300031900406,13.336527675032297,4.412614413706812,0.30989632214112994,0.0,0.0058091643059627876,0.7150398428189175,1.4188146519825238,0.048381367118576525,36.140687132534445,0.4127695752315394,-0.0004154929577463862,1.2407093062507457,0.48544143310983934,0.5107836336830537,-0.00805037047144219,-0.011428134823611597,-0.021061380988450427,0.4516128685727545,0.3241575662642965,0.29567341442047496,Staffing & Employment Services,Industrials,RHI
2016Q2,2016,Q2,2016-08-04,2016-06-30,91616000.0,1344160000.0,149183000.0,0.71,556993000.0,0.4143799845256517,1783008000.0,1069508000.0,1408112000.0,668179000.0,713500000.0,0.0,74919000.0,4906841760.0,4669212760.0,8.317452910892321,2.1073873917019244,0.000608522227606382,0.0010144851651413547,0.08544270139256165,8.317452910892321,0.08566181833141968,3.6504893465063684,13.389696559552917,4.587943016789028,0.31814311910583304,0.0,0.005940073355860573,0.7538721082575064,1.453064223808291,0.051382831709111794,-543.4535120168347,0.4143799845256517,0.10937499999999992,1.763612886230859,0.5745966184922484,0.43901112127687253,0.047034430383554024,0.09830248393593555,0.11655564703240776,0.5402478245918803,0.3409033739462673,0.3163614724578785,Staffing & Employment Services,Industrials,RHI
2016Q1,2016,Q1,2016-05-06,2016-03-31,83416000.0,1302625000.0,133610000.0,0.64,531972000.0,0.40838460800307075,1744864000.0,1044953000.0,1380201000.0,655317000.0,699911000.0,0.0,57705000.0,6021908980.0,5808911980.0,8.082804124349286,2.1061577831797433,0.0006430300585031269,0.0010737325028015614,0.07963401298869988,8.082804124349286,0.07982751377334675,4.622902969004894,18.047823499088903,5.7628515158098015,0.34463412295003354,0.0,0.00477390144810857,0.7465481550424561,1.4473865320142771,0.04780659123003283,100.91006401233327,0.40838460800307075,-0.09859154929577459,2.4466960369572197,0.631752508990074,0.37272921267680764,-0.015014414504490993,-0.10730605823871237,-0.0732147192453092,0.5859727935348436,0.35152511591490676,0.29880251124430063,Staffing & Employment Services,Industrials,RHI
2015Q4,2015,Q4,2016-02-17,2015-12-31,93443000.0,1304594000.0,144165000.0,0.71,540081000.0,0.41398396742588117,1702960000.0,1003781000.0,1343681000.0,655549000.0,699179000.0,0.0,34467000.0,6136308080.0,5912891080.0,7.711189810404695,2.049703378389716,0.0006811669093813125,0.0011556305608494283,0.09288692172019625,7.711189810404695,0.09309102284263202,4.703615132370684,16.417249232152223,6.113194093133861,0.293141273289599,0.0,0.004463921896177025,0.7660743646356931,1.4174638356553058,0.0548709306149293,67.27375271339926,0.41398396742588117,-0.02739726027397263,3.1307943858981147,0.6788710308918168,0.3183875758189834,-0.01767912390119334,-0.033931248384595505,-0.0936780958847271,0.7000795123711611,0.3453220188144578,0.27139960395099305,Staffing & Employment Services,Industrials,RHI
2015Q3,2015,Q3,2015-11-02,2015-09-30,96725000.0,1312718000.0,159066000.0,0.73,549801000.0,0.4188264349235708,1715272000.0,1006476000.0,1383372000.0,664169000.0,708796000.0,0.0,47729000.0,6716540600.0,6465918600.0,7.666344212971779,2.0828614403864076,0.0006972655065785485,0.0011883045398002536,0.09584396553780855,7.666344212971779,0.09610263930784241,5.116514437982872,17.359887826311706,6.673324152786553,0.2717808219178082,0.0,0.003913919615106622,0.7653118572447984,1.4806351997759606,0.05639047334766731,89.44296538958358,0.4188264349235708,0.08955223880597006,4.080915121441036,0.7401567135368574,0.28229496672026444,0.03637875069274008,0.07824448754821305,0.0665048576236867,0.7622598329691076,0.3347632302388622,0.2649387240685678,Staffing & Employment Services,Industrials,RHI
2015Q2,2015,Q2,2015-08-03,2015-06-30,89706000.0,1272058000.0,149147000.0,0.67,530502000.0,0.41704230467478687,1723200000.0,1014675000.0,1397434000.0,663799000.0,708525000.0,0.0,59588000.0,7353694500.0,7041794500.0,7.657982324394901,2.105206545957436,0.0007143686165273909,0.001213196343656836,0.08824940762608875,7.657982324394901,0.08840860374011383,5.7809427714774015,20.49387582770383,7.247339788602262,0.29547633380152943,0.0,0.003604446717224927,0.7381952181987,1.5067211610743614,0.052057799442896936,58.48426490003022,0.41704230467478687,0.1551724137931036,6.953633625650337,0.7863098058107739,0.32218810891725763,0.0737015950632176,0.15122815122815123,0.1642831493653495,1.069942971481867,0.29379375831991944,0.3112884926030945,Staffing & Employment Services,Industrials,RHI
2015Q1,2015,Q1,2015-05-08,2015-03-31,77922000.0,1205563000.0,128102000.0,0.58,494087000.0,0.40983922034767156,1637286000.0,984623000.0,1316289000.0,607705000.0,652663000.0,0.0,47359000.0,8053820040.0,7794201040.0,7.398896879250358,2.1659999506339425,0.0007732308222265383,0.0012857713053625601,0.07899289714871546,7.398896879250358,0.07913891915992212,6.680546798466774,25.83936513436514,8.179597714048931,0.35131285131285134,0.0,0.003399008155637905,0.736317906584433,1.51740729465777,0.04759217387799077,113.22040149576856,0.40983922034767156,-0.06451612903225812,8.96552275111734,0.7725569250419981,0.19006063653649088,-0.013319833771669691,-0.07294207226392871,-0.03803494859837647,0.688563024113697,0.24349445931428781,0.2643289557392997,Staffing & Employment Services,Industrials,RHI
2014Q4,2014,Q4,2015-02-13,2014-12-31,84053000.0,1221450000.0,133167000.0,0.62,500757000.0,0.40996929878423183,1647267000.0,979858000.0,1323283000.0,623362000.0,667409000.0,0.0,36836000.0,7786257360.0,7500437360.0,7.346804426716252,2.1228162768984955,0.0007885789006882309,0.0013257022956387559,0.08556827276792285,7.346804426716252,0.08578079680933359,6.374601792951001,23.15877291708803,7.946311975816904,0.29567058879516495,0.0,0.0031917773650369037,0.741500922436982,1.515644200320199,0.051025729283716605,138.41004995111547,0.40996929878423183,-0.015873015873015886,5.7195109073676145,0.7913360000142793,0.17768831609464836,-0.008833775384980801,-0.013277141247182569,-0.036787628478224706,1.0608542371248373,0.31129390679365015,0.2792262237130538,Staffing & Employment Services,Industrials,RHI
2014Q3,2014,Q3,2014-10-31,2014-09-30,85184000.0,1224308000.0,138253000.0,0.63,505220000.0,0.4126575992315659,1627013000.0,972583000.0,1314505000.0,623905000.0,654430000.0,0.0,34393000.0,6568646000.0,6279103000.0,7.255158369015471,2.1068992875517907,0.0008192927776237805,0.0013705771126988648,0.08739717614205425,7.255158369015471,0.08758532690783204,5.365190785325261,19.277816256574006,6.753815355604612,0.2828935011269722,0.0,0.003668640386466252,0.7524881485273934,1.5194316442407096,0.05235606599332642,81.53832594744225,0.4126575992315659,0.14545454545454536,8.749163473659683,0.8397317537474979,0.11909523313975913,0.05596475240571519,0.1336704817673676,0.1201014348329809,1.0062540306898955,0.2934108206629881,0.27751067542248675,Staffing & Employment Services,Industrials,RHI
2014Q2,2014,Q2,2014-08-01,2014-06-30,75140000.0,1164914000.0,123429000.0,0.55,478444000.0,0.4107118637083939,1588445000.0,975561000.0,1273919000.0,580890000.0,612884000.0,0.0,35436000.0,6430530260.0,6124117260.0,7.24252592818061,2.193046876344919,0.0008593309809278886,0.0013991949247663651,0.07677539784572777,7.24252592818061,0.07702234919190086,5.520175961487285,21.395163228639873,6.59162293285607,0.3228639872238488,0.0,0.0037726282311281744,0.7333675386935021,1.5923462273408047,0.0473041244739352,68.21251548710116,0.4107118637083939,0.2222222222222223,14.105664829168923,0.6913961940769854,0.1051010307521032,0.09110480165110206,0.22077626683563223,0.21275153277786513,1.1637465507310758,0.30269134244461604,0.25303689343879804,Staffing & Employment Services,Industrials,RHI
2014Q1,2014,Q1,2014-05-09,2014-03-31,61551000.0,1084342000.0,101776000.0,0.45,438495000.0,0.40438809895770894,1503331000.0,932146000.0,1187317000.0,537546000.0,571185000.0,0.0,6837000.0,5677219350.0,5410879350.0,6.887795290136182,2.2087728306042647,0.0009292697350084579,0.0014986922649456202,0.06577886686495053,6.887795290136182,0.06603150150298344,5.2356353899415495,23.059005337037583,6.0904829822796005,0.39632174944355086,0.0,0.004296821823521756,0.7212929155322414,1.5905355076588794,0.040943079069080596,121.3547806848788,0.40438809895770894,-0.08163265306122446,6.601479103781904,0.4293810426966199,0.04897555931846115,-0.010651691274683224,-0.07974882260596547,-0.018222157912506632,1.4295158181683953,0.29757405586043617,0.16977693140236227,Staffing & Employment Services,Industrials,RHI
2013Q4,2013,Q4,2013-12-31,2013-12-31,66885000.0,1083864000.0,103665000.0,0.49,443216000.0,0.4089221525947905,1490271000.0,919643000.0,1172528000.0,535853000.0,570628000.0,0.0,13315000.0,5677845810.0,5403509810.0,6.801137414120797,2.1881523477520886,0.0009582149823756887,0.0015527764578211329,0.0724564926200052,6.801137414120797,0.07272930909059276,5.238522369965236,21.22241836734694,6.173967300354594,0.35247065859310756,0.0,0.00415210289058554,0.7272932238498904,1.544582189518394,0.0448810988068613,-663.6098422159888,0.4089221525947905,0.020833333333333353,0.8624905499213225,0.18940603671713152,0.015295908793718817,0.013116088123288485,0.007941770396937822,0.0017877850792423658,1.8463964830590311,0.34275447342070897,0.16279527396874297,Staffing & Employment Services,Industrials,RHI
2013Q3,2013,Q3,2013-09-30,2013-09-30,66358000.0,1075119000.0,103480000.0,0.48,437478000.0,0.40691123494236453,1474704000.0,898784000.0,1166214000.0,551928000.0,575920000.0,0.0,11635000.0,5297424810.0,5019135810.0,6.621998570660223,2.1129821281036656,0.000988672981154184,0.001622191761313063,0.0735456923332002,6.621998570660223,0.07383086481290277,4.92729159283763,19.957747407999037,5.893991003400149,0.3274058892673076,0.0,0.004101238012663742,0.7290405396608404,1.532489745039208,0.04499750458397075,77.77863145839757,0.40691123494236453,0.04347826086956513,0.12040801418431896,0.029944317696634658,-0.03868375689349177,0.01242744869338221,0.05181568894736008,0.031088082901554404,2.371672224197271,0.3785493461732843,0.1076146858131749,Staffing & Employment Services,Industrials,RHI
2013Q2,2013,Q2,2013-06-30,2013-06-30,63089000.0,1063228000.0,100360000.0,0.46,432108000.0,0.40641141881139325,1428324000.0,861751000.0,1119099000.0,534895000.0,566573000.0,0.0,59000.0,4567533650.0,4322049650.0,6.318517432268944,2.092184447414913,0.0010410803151105772,0.0017255564542425828,0.07291267540024945,6.318517432268944,0.07321024286597869,4.295911742354415,18.09956430598044,5.300293994436909,0.3465738876824803,0.0,0.004787047381687051,0.7443885280930658,1.50362594527898,0.04416995023538077,50.17723832227446,0.40641141881139325,0.15,-0.051632434977097706,-0.0268200479761617,-0.0511480163640424,0.053177021131394865,0.1293521651182357,0.12672893838692295,4.434301454280522,0.45051514064497283,0.09092294302109379,Staffing & Employment Services,Industrials,RHI
2013Q1,2013,Q1,2013-03-31,2013-03-31,55863000.0,1023684000.0,89072000.0,0.4,410290000.0,0.40079751173213607,1387745000.0,854524000.0,1076401000.0,499081000.0,533221000.0,0.0,0.0,5131312070.0,4909169070.0,6.2232741732272,2.156766136158259,0.00231166388637682,0.003754136805987895,0.06490720854056789,6.2232741732272,0.0653732370302063,5.012593798476874,22.963822521167856,6.004877651183582,0.3941965164778118,0.0,0.004291494982101138,0.7376600167898281,1.5485482316497723,0.040254513617415305,259.1179149623794,0.40079751173213607,-0.043901206093587365,-0.11161625893437514,-0.060080985705615125,-0.06364681379074551,-0.014732544876028096,-0.04701547279892185,-0.08089813438996203,5.924077508179707,0.4587264843114691,0.0009699749568930308,Staffing & Employment Services,Industrials,RHI
2012Q4,2012,Q4,2013-02-15,2012-12-13,58619000.0,1034213000.0,96912000.0,0.4183668074359624,416425000.0,0.4026491641470374,1174621000.0,842011000.0,1064685000.0,501637000.0,539260000.0,0.0,0.0,4098215548.7999997,3812125548.7999997,6.065118933843815,2.122421193014072,9.96065965107043e-05,0.00013895305405748856,0.06937196107193967,6.065118933843815,0.06961785534868309,3.9626416887043576,17.478187741176068,4.867175783689286,0.36571760009553217,0.0,0.005231057211297066,0.8804652734797012,1.5957495160843398,0.04990460752872629,48.09660535161017,0.4026491641470374,0.020406847404786363,-0.17193896434176442,-0.05623408106813091,-0.04733683155265952,0.0028320357183280395,0.01663198057578911,0.029675198419022726,3.5020371047113246,0.4571275609087891,-0.027765094965939454,Staffing & Employment Services,Industrials,RHI
2012Q3,2012,Q3,2012-11-08,2012-09-30,57660000.0,1033173000.0,94119000.0,0.41,415249000.0,0.40191623280902616,1406707000.0,835872000.0,1104824000.0,532642000.0,570835000.0,0.0,8685000.0,3630001760.0,3342148760.0,6.060644730927073,2.074233725466636,0.0011196361431342846,0.0018842597909727804,0.06859847917204215,6.060644730927073,0.06898185368094636,3.5134500804802293,15.738821366631981,4.3427722904942385,0.36103017689906347,0.0,0.005734707963337186,0.7344621161336369,1.588342639145993,0.040989346040078,56.4348397126955,0.40191623280902616,0.2812499999999999,-0.10419469147628888,0.006922810096550705,-0.02313878276424068,-0.0001300255476122253,0.27203335612963003,0.30744439968327614,5.414204289928943,0.5090224185807526,-0.06515636418086,Staffing & Employment Services,Industrials,RHI
2012Q2,2012,Q2,2012-08-03,2012-06-30,45329000.0,1028383000.0,71987000.0,0.32,415303000.0,0.4038407869441638,1344399000.0,809360000.0,1040664000.0,496317000.0,535039000.0,0.0,0.0,3959459160.0,3702482160.0,5.8400438710422256,2.096772828655879,0.001190866699543811,0.001978106157951962,0.055674992994349304,5.8400438710422256,0.0560059800336068,3.850179514830564,21.837340113393193,4.89208653751112,0.4601469258090847,0.0,0.005267891183400916,0.7649388314034747,1.5925829661285025,0.03371692481175603,51.58971660868546,0.4038407869441638,-0.058823529411764754,-0.2769047066518458,0.03823479594670585,-0.06622648841490773,0.03287878373370672,-0.06217155625439649,-0.10049981257028615,7.856936598022026,0.45125963912515743,-0.1088967349893174,Staffing & Employment Services,Industrials,RHI
2012Q1,2012,Q1,2012-05-04,2012-03-31,48334000.0,1015444000.0,80030000.0,0.34,402083000.0,0.39596767522384296,1308637000.0,815680000.0,1006549000.0,454911000.0,492957000.0,0.0,0.0,4223335200.0,3980510200.0,5.852034666819721,2.2126284042373126,0.0012440424655576756,0.001995880737544135,0.0589656384856186,5.852034666819721,0.05925608081600628,4.159102028275316,21.844535937435346,5.177686347587289,0.4348077957545413,0.0,0.004976161967915784,0.7759554406607791,1.688035681704773,0.036934612119327206,328.86896122099364,0.39596767522384296,0.11182807807807814,-0.196473890734761,0.08765408357958829,-0.0821362643545826,0.03811040942678185,0.1339620870870871,0.11449977718360071,4.795708259197612,0.2996562558257753,-0.10876542068995335,Staffing & Employment Services,Industrials,RHI
2011Q4,2011,Q4,2012-02-17,2011-12-31,42624000.0,973473000.0,71808000.0,0.30580267462549504,387322000.0,0.3978764690957017,1311836000.0,800505000.0,1006678000.0,473001000.0,511331000.0,0.0,0.0,3966868640.0,3689188640.0,5.743162773345578,2.128278798564908,0.0012623529160657276,0.0020686941368261284,0.052876530086811244,5.743162773345578,0.05324638821743774,4.07496524300109,23.266637575075077,4.9554576673474875,0.47576482732732733,0.0,0.005112092645447418,0.7420691305925435,1.6335335443265449,0.03249186636134395,48.482280099241024,0.3978764690957017,-0.013539759272596635,-0.33526573158404555,0.07927433494915907,-0.09754320207648168,-0.01168911694985749,-0.03495743524723782,-0.0033172789984315795,0.151448042546233,0.03634427710749387,-0.14264198585260543,Staffing & Employment Services,Industrials,RHI
2011Q3,2011,Q3,2011-11-04,2011-09-30,44168000.0,984668000.0,72047000.0,0.31,391903000.0,0.39800521597127153,1308535000.0,791950000.0,1004992000.0,483398000.0,516585000.0,0.0,0.0,2959107780.0,2718068780.0,5.679137175598248,2.079015635149504,0.0012892280298196074,0.002130184986425911,0.0555385591234445,5.679137175598248,0.055771197676621,3.0051832495826005,16.749161044194892,3.736483086053412,0.4464091650063394,0.0,0.0066631570952782266,0.7524964941709622,1.569665162040389,0.03375377808006664,50.62371101568782,0.39800521597127153,0.24,-0.2896263506638701,0.13505141941083565,-0.04929564290998219,0.052687704143029056,0.21257378174330815,0.18020836746060348,-0.2741589964816252,-0.08188331716739466,-0.17555904679268164,Staffing & Employment Services,Industrials,RHI
2011Q2,2011,Q2,2011-07-29,2011-06-30,36425000.0,937966000.0,61046000.0,0.25,372288000.0,0.3969099093144101,1301781000.0,816630000.0,995110000.0,453228000.0,485151000.0,0.0,0.0,3818960580.0,3559608580.0,5.779978200246309,2.195605743687504,0.0013204986092130704,0.0021049924690496307,0.044337490949595944,5.779978200246309,0.04460404344684864,4.071534128102725,26.211122717913522,4.676488226001983,0.5494303363074812,0.0,0.005240431154175464,0.720525188184495,1.6690319221230816,0.02798089694042239,69.28699481113247,0.3969099093144101,0.38888888888888895,-0.36988817853800887,0.13460122548172854,-0.0872997215215924,0.10115383819053562,0.3639767833739,0.37602560634748894,-0.4714451194601927,-0.17125423375088025,-0.13202047165882305,Staffing & Employment Services,Industrials,RHI
2011Q1,2011,Q1,2011-05-06,2011-03-31,26705000.0,880869000.0,44364000.0,0.18,338089000.0,0.3838130300873342,1290595000.0,839959000.0,984641000.0,420438000.0,450636000.0,0.0,0.0,4365181800.0,4085100800.0,5.88812713367402,2.3419410234089213,0.0013551888857464968,0.0020822444905048937,0.03157626289693369,5.88812713367402,0.03179321847852098,4.955540267622087,40.864836173001315,5.196898658148791,0.7599325968919678,0.0,0.0046490618099800565,0.682529375985495,1.7799770715301662,0.020692006400148767,994.5732057416268,0.3838130300873342,0.03580233965308581,-0.521612314718463,0.0950221342234677,-0.014275998006082473,0.034205446809031315,0.07724889068172651,0.004892633867898886,-0.5912165075071073,-0.2214970421396356,-0.11407300257803515,Staffing & Employment Services,Industrials,RHI
2010Q4,2010,Q4,2011-02-17,2010-12-31,24790000.0,851572000.0,44148000.0,0.17377832923247322,326907000.0,0.38388650636704824,1273984000.0,834371000.0,971860000.0,408460000.0,439613000.0,0.0,0.0,4365181800.0,4051823800.0,5.848955156919238,2.379327229104441,0.0013964068622525872,0.0021321450529800294,0.030264767239892312,5.848955156919238,0.029711003857996025,5.126027863762547,44.02159943525615,5.231703642624204,0.7655909640984268,0.0,0.004347814333872646,0.6684322566060484,1.8075503109239583,0.01945864312267658,71.81228901391768,0.38388650636704824,0.24127378023195142,-0.5497724074010789,0.1293850616316466,0.008429118655798687,0.05747234262793556,0.2019976726144298,0.18946007112835433,-0.6592012406811346,-0.24373638714150933,-0.08129020837424167,Staffing & Employment Services,Industrials,RHI
2010Q3,2010,Q3,2010-11-05,2010-09-30,20624000.0,817258000.0,37116000.0,0.14,309140000.0,0.3782648808576973,1284232000.0,850338000.0,970675000.0,404720000.0,433894000.0,0.0,0.0,3697980000.0,3388732000.0,5.97861210715039,2.3983865388416685,0.0014078453114390547,0.0021262133410479126,0.024103067465404745,5.97861210715039,0.024253884925758935,4.524862405751917,44.82617339022498,4.348835404274536,0.9201900698215671,0.0,0.005131990978858728,0.6363787851416255,1.8255238189365488,0.01605940359685789,86.2965555866704,0.3782648808576973,0.7500000000000001,-0.6252122758324616,0.10380871596442705,0.08868959191703255,0.06652222812549594,0.6931286429685576,0.6649172385950747,-0.6892997273837347,-0.22765373247678036,-0.03636088903729316,Staffing & Employment Services,Industrials,RHI
2010Q2,2010,Q2,2010-08-02,2010-06-30,12181000.0,769090000.0,22293000.0,0.08,289858000.0,0.37688436983968066,1214270000.0,828821000.0,897623000.0,357659000.0,385449000.0,0.0,0.0,3370005000.0,3081798000.0,5.791900768693221,2.50971735647642,0.0015128431073813896,0.002216401370139029,0.014602704868194493,5.791900768693221,0.014696780125020964,4.38180837093188,69.16519579673262,4.066022699714414,1.5632542484196699,0.0,0.005650436720420296,0.6333764319302956,1.8863945825492998,0.010031541584655801,111.11493949685119,0.37688436983968066,0.6,-0.7511806490674078,0.10084487896293474,0.1040970067629867,0.08104338226518677,0.43728613569321534,0.8286440816996145,-0.8118135570953904,-0.24802422609065794,-0.073924162393341,Staffing & Employment Services,Industrials,RHI
2010Q1,2010,Q1,2010-05-07,2010-03-31,8475000.0,737173000.0,12191000.0,0.05,268128000.0,0.36372466164658773,1271045000.0,896769000.0,906452000.0,346600000.0,374276000.0,0.0,0.0,4389192770.0,4041693770.0,6.2172436026317435,2.615268320830929,0.0014672965945344185,0.0020796883032308208,0.00937407965183186,6.2172436026317435,0.009450594300204401,5.95408780571182,129.47471297935104,4.894451938013022,2.311740412979351,0.0,0.004463690939689577,0.5799739584357753,2.085530871321408,0.006667741897415119,703.058268460676,0.36372466164658773,-0.46688719692489644,-0.8065117980308755,0.12775195512301554,0.15376879518603984,-0.037183598280684994,-0.373521584861029,-0.45159694107062526,-0.86385014505505,-0.23698257163180697,-0.024854984047731492,Staffing & Employment Services,Industrials,RHI
2009Q4,2009,Q4,2010-02-19,2009-12-31,13528000.0,737423000.0,22230000.0,0.09378878112022407,278483000.0,0.3776434963379227,1283535000.0,899810000.0,922634000.0,366968000.0,383725000.0,0.0,0.0,3855508470.0,3491606470.0,6.238326666158251,2.5142083233415446,0.0014740540772164375,0.002102666118402774,0.014863001641917064,6.238326666158251,0.015034285015725542,5.228353970516244,71.25052613098758,4.284802869494671,1.3124630396215258,0.0,0.004605099466945277,0.5745250421686982,1.9843310588389178,0.010539642471767424,102.65751976994967,0.3776434963379227,0.5631463520037345,-0.6791727639123799,0.15169489590269686,0.1623139525666537,0.04531344426468877,0.419368376875459,0.28794901506373116,-0.79612795447284,-0.20994952417284085,-0.019735199971962398,Staffing & Employment Services,Industrials,RHI
2009Q3,2009,Q3,2009-10-29,2009-09-30,9531000.0,725912000.0,17260000.0,0.06,266411000.0,0.3670017853403718,1326244000.0,947998000.0,961552000.0,362098000.0,378246000.0,0.0,0.0,3658599540.0,3252877540.0,6.483057164545535,2.6555021016409923,0.0014469433980474182,0.002024265873978637,0.009941922691988715,6.483057164545535,0.010053818678942361,5.040004215386989,95.96578375826252,3.8592903571526525,1.8998006505088658,0.0,0.00494916150347518,0.5473442292670128,2.1325000414252497,0.00718646040999997,60.985806871030654,0.3670017853403718,0.6295273264401772,-0.7427301725692909,0.19229788276184667,0.2911141314865311,0.005108335188280256,0.7597858197932054,0.7666325486182191,-0.8538141245526261,-0.20200986644689256,0.0852829405283433,Staffing & Employment Services,Industrials,RHI
2009Q2,2009,Q2,2009-07-30,2009-06-30,5416000.0,749887000.0,9770000.0,0.03682049329671226,265057000.0,0.3534625883633134,1323811000.0,961169000.0,952488000.0,346637000.0,362642000.0,0.0,0.0,3464109200.0,3080236200.0,6.553722896495295,2.7477966864472054,0.0014692429659520882,0.002023577539433752,0.005373190111478906,6.553722896495295,0.005634805117518355,4.619508272579735,159.90164327917284,3.6040583913963102,3.3581979320531756,0.0,0.005250411851912751,0.5664607712128091,2.1920279716244946,0.004091218459432653,51.55538159304679,0.3534625883633134,-0.3863251117214623,-0.8056370986365694,0.36147898676201357,0.33908913280157,-0.09761071467480117,-0.3837050523441056,-0.3916562889165629,-0.9097423188133673,-0.12614489808008553,0.03488015100933627,Staffing & Employment Services,Industrials,RHI
2009Q1,2009,Q1,2009-05-08,2009-03-31,8788000.0,823325000.0,16060000.0,0.06,293728000.0,0.35675826678407674,1345117000.0,964432000.0,970768000.0,365211000.0,380685000.0,0.0,0.0,2618834739.9999995,2261497739.9999995,6.5662114135541065,2.6581017548759482,0.0014660434742851365,0.002044726844401679,0.00875549741290655,6.5662114135541065,0.00911209914229308,3.180803133634955,74.50030553026855,2.7154166804917295,2.0595129722348657,0.0,0.006911089013581667,0.6120843019603499,2.11226934566593,0.006533260675465406,76.65256080784427,0.35675826678407674,-0.7740801886792453,-0.3352003396847444,0.67777476829449,0.4300051340049923,-0.27003424572425483,-0.774712879409352,-0.7592637006835352,-0.8471020662241625,-0.005952737920234159,0.09924124353409768,Staffing & Employment Services,Industrials,RHI
2008Q4,2008,Q4,2009-02-19,2008-12-31,39008000.0,989837000.0,66712000.0,0.26558095834638273,402386000.0,0.40651743670927637,1411850000.0,983888000.0,1032899000.0,412852000.0,427962000.0,0.0,0.0,3057999960.0,2705240960.0,6.6986750908917605,2.5018626529603827,0.0014144562099373164,0.0020297025677719414,0.039352939623484406,6.6986750908917605,0.03964678906542208,3.089397506862241,19.59854363207547,3.1080773014814693,0.42560500410172275,0.0,0.005429038658326208,0.7010921840138825,2.0335713524459127,0.027628997414739526,31.910008765339345,0.40651743670927637,-0.38236986431073783,8.383470976631019,1.229914246284886,0.45488189994284456,-0.1678898532382908,-0.4073623919417815,-0.3870354205908026,-0.3119287310188827,0.2749950789774514,0.15493089566232848,Staffing & Employment Services,Industrials,RHI
2008Q3,2008,Q3,2008-10-31,2008-09-30,65821000.0,1160086000.0,108835000.0,0.43,483573000.0,0.4168423720310391,1523950000.0,1039050000.0,1132311000.0,467495000.0,484900000.0,0.0,23574000.0,3733265250.0,3363217250.0,6.88847048840154,2.4220815195884446,0.0023911545654384985,0.003507049708868678,0.06237059019192814,6.88847048840154,0.06334728838843175,3.2180935292728297,14.179613079412345,3.5929601559116504,0.260144938545449,0.0,0.004586601501192555,0.7612362610321861,2.0544690317543504,0.043191049575117296,47.295436118325206,0.4168423720310391,-0.10416666666666664,13.545530916141804,1.4795441081149816,0.4740319899169034,-0.06397496051286816,-0.11730232807638666,-0.11236981396752384,0.1278581941113388,0.4774146112055445,0.25437241796990695,Staffing & Employment Services,Industrials,RHI
2008Q2,2008,Q2,2008-07-31,2008-06-30,74568000.0,1224641000.0,122613000.0,0.48,516624000.0,0.4218575076287663,1551549000.0,1018026000.0,1154994000.0,515826000.0,533523000.0,0.0,0.0,3664461690.0,3311148690.0,6.659118114562688,2.239115515697154,0.0024066271835436713,0.003667882745627322,0.07209445261338777,6.659118114562688,0.07324763807604127,2.992274217505375,12.285637572417121,3.599575737751295,0.23255283767836069,0.0,0.00473220938489331,0.7893021747943507,1.9160821672424422,0.0480603577457109,37.82787275993063,0.4218575076287663,0.0666666666666666,624.9039971554539,1.8520416423984019,0.5359335099477855,0.011029613219879919,0.05345840867992767,0.05777459539666655,0.4257756280324364,0.6407984577944794,0.2694126974189664,Staffing & Employment Services,Industrials,RHI
2008Q1,2008,Q1,2008-05-09,2008-03-31,70784000.0,1225990000.0,115916000.0,0.45,510988000.0,0.4167962218288893,1526358000.0,1027297000.0,1133254000.0,481795000.0,499061000.0,0.0,0.0,3978554579.9999995,3626509579.9999995,6.646289311431289,2.352149773243807,0.0026330651131648013,0.003912208446048221,0.06746250031404809,6.646289311431289,0.06890315069546586,3.245177024282416,14.05174396756329,3.872837728524467,0.24782436708860758,0.0,0.004409138959204627,0.8032126146028651,2.0313266015629052,0.046374441644751754,39.08168465928625,0.4167962218288893,-0.11749961936662597,23.897513699560708,1.8820525621415907,0.569044767835425,-0.024126228703585228,-0.10190824198132359,-0.10111976177921152,0.5080502326005332,0.7502376477690222,0.23338921577111257,Staffing & Employment Services,Industrials,RHI
2007Q4,2007,Q4,2008-02-20,2007-12-31,78816000.0,1220068000.0,128956000.0,0.5099147942316277,523621000.0,0.4291736198310258,1450298000.0,984049000.0,1059638000.0,447952000.0,466249000.0,0.0,0.0,4179491680.0,3873614680.0,6.366488318981412,2.3655168410901166,0.002842864018291413,0.004189832010397856,0.07799809223852812,6.366488318981412,0.08009357257616237,3.425621916155493,13.25711682907024,4.247239395599203,0.2037276695087292,0.0,0.003841854758758606,0.8412533148359854,2.0162182555273778,0.05434469329751541,51.92818229257262,0.4291736198310258,0.1085104222426688,13.406940550180893,1.8360506719163918,0.469486750333376,0.04558370424506732,0.06561388802509363,0.08353639067672711,0.7442870257991238,0.7781595424394065,0.18619280425751913,Staffing & Employment Services,Industrials,RHI
2007Q3,2007,Q3,2007-11-02,2007-09-30,73963000.0,1179045000.0,119014000.0,0.46,500793000.0,0.42474460262330954,1487523000.0,983242000.0,1100090000.0,488522000.0,504281000.0,0.0,0.0,4825716000.0,4501173000.0,6.204202423018677,2.2518740200031933,0.002765671522389906,0.004184117440060534,0.0729935423737795,6.204202423018677,0.07522359703918262,4.092902306527741,16.311250219704448,4.907963654929305,0.21915011559833972,0.0,0.0033588798014636584,0.7926230384336914,1.958787935855499,0.0497222563953633,81.53888785631008,0.42474460262330954,0.0454545454545455,24.335121150933873,1.357242330746942,0.2720232738975762,0.0164567624344155,0.017009047658334022,0.015209287645759227,0.8421203972265302,0.78683432004234,0.23557963776244428,Staffing & Employment Services,Industrials,RHI
2007Q2,2007,Q2,2007-08-06,2007-06-30,72726000.0,1149128000.0,117231000.0,0.44,492685000.0,0.4287468410829777,1497900000.0,1005563000.0,1117586000.0,476333000.0,492337000.0,0.0,0.0,5868506500.0,5482930500.0,6.254240239829333,2.3462283738477074,0.0026864276653982243,0.004001738329672035,0.07019535165036185,6.254240239829333,0.07232366346017106,5.106921509179134,20.173344127272227,5.83604060610822,0.22510518934081347,0.0,0.002789636511436087,0.7671593564323386,2.0598467878563946,0.04855197276186661,74.60218778602665,0.4287468410829777,0.047619047619047665,21.616478315223812,1.4132500460531603,0.2192342018872599,0.06935964525784137,0.028554457125885696,0.045995574431635676,1.3806819242490476,0.9030950520234237,0.27789735259700965,Staffing & Employment Services,Industrials,RHI
2007Q1,2007,Q1,2007-05-04,2007-03-31,70707000.0,1097425000.0,112076000.0,0.42,460729000.0,0.4198273230516892,1489365000.0,1044603000.0,1135006000.0,430024000.0,444762000.0,0.0,0.0,6063755410.0,5618045410.0,6.375711818165172,2.639401521775529,0.002814622339050535,0.004013007812537395,0.06508462266716919,6.375711818165172,0.06768791588766258,5.525439469667631,21.43972806794235,5.804842040468963,0.23877409591695306,0.0,0.0027842481858944244,0.7368408684237914,2.3510641266533963,0.04747459487768277,67.68339557986383,0.4198273230516892,-0.08703089965902913,7.6311729054388096,1.6056330516527433,0.3898109156986926,0.021458818312825628,-0.06190545686121025,-0.06007262724444184,3.7950960616875835,1.0048014404581747,0.3885176791737749,Staffing & Employment Services,Industrials,RHI
