Quarters,Year,Quarter,FillingDate,Date,NetIncome,Revenue,OperatingIncome,EPSDiluted,GrossProfit,GrossProfitRatio,TotalAssets,CommonStockEquity,CurrentAssets,CurrentLiability,TotalLiability,Inventory,RetainedEarnings,MarketCap,EnterpriseValue,bookValuePerShare,currentRatio,debtToAssets,debtToEquity,roic,shareholdersEquityPerShare,roe,priceToSalesRatio,peRatio,pbRatio,payoutRatio,inventoryTurnover,dividendYield,assetTurnover,quickRatio,returnOnAssets,priceToFreeCashFlowsRatio,grossProfitMargin,epsdilutedGrowth,fiveYNetIncomeGrowthPerShare,fiveYRevenueGrowthPerShare,fiveYShareholdersEquityGrowthPerShare,grossProfitGrowth,netIncomeGrowth,operatingIncomeGrowth,threeYNetIncomeGrowthPerShare,threeYRevenueGrowthPerShare,threeYShareholdersEquityGrowthPerShare,Industry,Sector,Symbol
2023Q1,2023,Q1,2023-05-15,2023-03-31,-4359000.0,41339000.0,-37000.0,-0.17,14047000.0,0.3398001887,163764000.0,-12100000.0,21701000.0,158439000.0,175864000.0,3634000.0,-248952000.0,17617624.04,105687624.03999999,-0.46098838194982844,0.13696753955781088,0.6005715541877336,-8.128264462809918,-0.0004176688084380706,-0.46098838194982844,0.36024793388429754,0.42617441254021626,-1.010416611608167,-1.4560019867768597,0.0,7.510181618051734,0.0,0.2524303265674996,0.10014579743623729,-0.02661757162746391,-20.438078932714618,0.33980018868380946,0.9741641337386019,-0.13013075068533106,-0.2882374807352677,0.0,-0.3486808550099689,0.7472457381421779,0.9964237386429537,-0.13013075068533106,-0.2882374807352677,0.0,Internet Content & Information,Communication Services,LOV
2022Q4,2022,Q4,2023-03-31,2022-12-31,-17246000.0,41641000.0,-10346000.0,-6.58,21567000.0,0.5179270431,164377000.0,-6786000.0,16592000.0,153636000.0,171163000.0,-1557000.0,-244593000.0,1702463.1,86497463.1,-2.5908931594464515,0.10799552188289203,0.585440785511355,-14.181108163866785,-0.19714590912532703,-2.5908931594464515,2.541408782788093,0.04088429912826301,-0.024679100950945148,-0.25087873563218394,0.0,-12.892742453436096,0.0,0.2533261952706279,0.10799552188289203,-0.10491735461773849,-0.9385132855567806,0.5179270430585241,-15.048780487804878,-53.87925751939677,10.782924501191587,-4.576424381712737,0.029500214807389374,-0.6099701269604182,-0.9915303176130895,0.0,0.0,0.0,Internet Content & Information,Communication Services,LOV
2022Q3,2022,Q3,2022-11-09,2022-09-30,-10712000.0,48180000.0,-5195000.0,-0.41,20949000.0,0.4348069738,189017000.0,15823000.0,17520000.0,62513000.0,173194000.0,-381000.0,-227347000.0,49992282.699999996,131809282.69999999,0.6045319070817304,0.28026170556524244,0.5001931043239497,5.975162737786766,-0.04345176948839113,0.6045319070817304,-0.6769891929469759,1.0376148339559983,-1.1667354999066468,3.159469297857549,0.0,-71.4724409448819,0.0,0.25489770761360087,0.28026170556524244,-0.0566721511821688,29.33819407276995,0.4348069738480697,-0.2424242424242423,-1087694.4933839522,483.408977818222,117.99782548838272,0.7937323400976111,-0.2226914735760758,-0.5198946752486835,-73.05613649744383,-0.2109028065632815,0.0,Internet Content & Information,Communication Services,LOV
2022Q2,2022,Q2,2022-08-09,2022-06-30,-8761000.0,48035000.0,-3418000.0,-0.33,11679000.0,0.2431352139,204665000.0,22426000.0,23678000.0,70068000.0,182239000.0,4421000.0,-216635000.0,83494964.3,171639964.3,0.8568054444931358,0.33792886909858993,0.4861358805853468,4.4365914563453135,-0.027543267558551632,0.8568054444931358,-0.3906626237403014,1.7382109774123036,-2.382575171213332,3.7231322705787924,0.0,8.223478850938701,0.0,0.2347006083111426,0.24167951133184906,-0.04280653751252046,-83.66228887775551,0.24313521390652648,-0.65,-5.335919500810144,0.405517440406957,2.0608475551558043,-0.3557480141218005,-0.6378762385492616,-2.6354066985645934,0.0,0.0,0.0,Internet Content & Information,Communication Services,LOV
2022Q1,2022,Q1,2022-05-10,2022-03-31,-5349000.0,52374000.0,2090000.0,-0.2,18128000.0,0.3461259404,206184000.0,28955000.0,24041000.0,63756000.0,177229000.0,4395000.0,-205752000.0,70669719.0,157560719.0,1.1062517455319159,0.37707823577388794,0.4845089822682652,3.4501122431359006,0.01569815931923707,1.1062517455319159,-0.1847349335175272,1.3493282735708558,-3.3029406898485703,2.4406741150060443,0.0,7.792036405005688,0.0,0.25401583052031196,0.29424681598594643,-0.02594284716563846,-6.4450268125855,0.3461259403520831,0.47368421052631576,-0.3907216348500501,-0.095691356993869,0.0,-0.26323917902865274,0.4615462049526877,1.1858273317329064,-0.3907216348500501,-0.095691356993869,0.0,Internet Content & Information,Communication Services,LOV
2021Q4,2021,Q4,2022-03-16,2021-12-31,-9934000.0,51976000.0,-11247000.0,-0.38,24605000.0,0.4733915653,209801000.0,32693000.0,26688000.0,93082000.0,177108000.0,0.0,-200403000.0,82186265.8,154381265.8,1.2490653882464142,0.2867149395156958,0.42104661083598266,2.7019851344324475,-0.06119872992266462,1.2490653882464142,-0.3038570947909338,1.5812349122672003,-2.0683074743305823,2.5138796011378584,0.0,0.0,0.0,0.24773952459711823,0.24066951719988827,-0.047349631317295915,11.923148962715798,0.47339156533784826,-2.689320388349515,-2.1632881289749806,0.4717347653066014,0.7241883914010504,0.3305034337316823,-2.6929368029739775,-4.759024064171123,-1.5134925087568831,-0.5008788085413068,-0.2712396989544088,Internet Content & Information,Communication Services,LOV
2021Q3,2021,Q3,2021-11-15,2021-09-30,-2690000.0,53297000.0,2992000.0,-0.103,18493000.0,0.3469801302137081,228363000.0,41149000.0,24570000.0,90645000.0,187214000.0,0.0,-190469000.0,91741150.8,169864150.8,1.574353370766742,0.2710574218103591,0.3965747516016167,2.2008554278354273,0.05370841136203614,1.574353370766742,-0.06537218401419233,1.7213192262228643,-8.526129256505575,2.2294867627402852,0.0,0.0,0.0,0.23338719494839358,0.21595234155220916,-0.011779491423742025,19.453170229007632,0.3469801302137081,0.9466057868959197,-273526.86666600185,535.6123764623804,308.900313741785,-0.1733863758269265,0.9451322740530728,1.1110781110781112,-273526.86666600185,535.6123764623804,308.900313741785,Internet Content & Information,Communication Services,LOV
2021Q2,2021,Q2,2021-08-23,2021-06-30,-49027000.0,55253000.0,-26936000.0,-1.929048,22372000.0,0.4049010913434565,231583000.0,42164000.0,26124000.0,91247000.0,189419000.0,0.0,-187779000.0,135366764.4,217131764.4,1.6134648779416345,0.28629982355584294,0.4008023041414957,2.201380324447396,-0.31146065287086194,1.6134648779416345,-1.1627691869841572,2.4499441550685033,-0.690266406265935,3.210482032065269,0.0,0.0,0.0,0.23858832470431768,0.2235032384626344,-0.2117037951835843,28.331260862285475,0.4049010913434565,-6.716192,-34.51228369386704,0.6192787586392494,2.9977000404178153,0.14958121370947022,-6.537976629766297,-27.4078431372549,-51.757568800653395,0.28640631151866724,1.1356613322216773,Internet Content & Information,Communication Services,LOV
2021Q1,2021,Q1,2021-05-17,2021-03-31,-6504000.0,56379000.0,1020000.0,-0.25,19461000.0,0.3451817165966051,285072000.0,91789000.0,31505000.0,98373000.0,193283000.0,0.0,-138752000.0,194123830.5,274788830.5,3.5226383501638145,0.32026064062293513,0.3435026940562384,1.0668271797274183,0.008316926969802036,3.5226383501638145,-0.07085816383226748,3.4431939285904325,-7.4617093519372695,2.114892094913334,0.0,0.0,0.0,0.1977710894089914,0.26298882823538977,-0.022815288769153057,-239.65905,0.3451817165966051,0.9858970473634081,-0.6986158265865762,-0.02216556532597963,0.0,-0.21629349226804123,0.8559021623537753,1.0228116473587692,-0.6986158265865762,-0.02216556532597963,0.0,Internet Content & Information,Communication Services,LOV
2020Q4,2020,Q4,2021-03-31,2020-12-31,-45136000.0,58068000.0,-44714000.0,-17.72678434382195,24832000.0,0.4276365640283805,290443000.0,94903000.0,31280000.0,96897000.0,195540000.0,0.0,-132248000.0,13863920.0,100324920.0,36.417114351496544,0.32281701187859274,0.36402323347438226,1.1140638335985165,-0.21753713161662253,36.417114351496544,-0.4756014035383497,0.23875318591995592,-0.07678970223325063,0.14608516063770377,0.0,0.0,0.0,0.1999290738630299,0.25567355026471406,-0.15540398632433902,2.7968367964494654,0.4276365640283805,-2953.4640573036586,-143.355339889462,15.51424609740628,49.26955866684203,0.1644548651817116,-312.44444444444446,-16.402686875645884,-143.355339889462,15.51424609740628,49.26955866684203,Internet Content & Information,Communication Services,LOV
2020Q3,2020,Q3,2020-09-30,2020-09-30,-144000.0,60784000.0,2903000.0,-0.006,21325000.0,0.35083245590944984,,,,,,,,127418192.1,,,0.0,0.0,0.0,0.0,,0.0,2.0962455925901553,-221.21213906249997,0.0,0.0,0.0,0.0,0.0,0.0,0.0,30.812004038007025,0.35083245590944984,-1.1875,-14686.445832682559,612.8774562212013,0.0,-0.08492104359766564,-1.1726618705035972,-0.4543233082706767,-14686.445832682559,612.8774562212013,0.0,Internet Content & Information,Communication Services,LOV
2020Q2,2020,Q2,2020-07-31,2020-06-30,834000.0,56527000.0,5320000.0,0.032,23304000.0,0.4122631662745237,366979699.713209,162348310.183883,30070291.851769,104062306.697408,204631389.529326,0.0,-61552044.087049,85987737.0,172456836.701963,6.23053289106578,0.288964302311761,0.2722739809990818,0.6154608180004474,0.005874095374400539,6.23053289106578,0.005137103053646656,1.521179914023387,25.775700539568344,0.5296497198067933,0.0,0.0,0.0,0.15403304336500165,0.2565197185686342,0.002272605271222803,7.391925495075403,0.4122631662745237,1.217687074829932,1.6058554819046833,0.6614275274110686,8.714289897766765,0.10361810949043379,1.2178114390180204,0.606280193236715,1.6058554819046833,0.6614275274110686,8.714289897766765,Internet Content & Information,Communication Services,LOV
2020Q1,2020,Q1,2020-03-31,2020-03-31,-3829000.0,57657000.0,3312000.0,-0.147,21116000.0,0.3662348023657145,,,,,,,,67226776.2,,,0.0,0.0,0.0,0.0,,0.0,1.165977699151881,-4.389316805954557,0.0,0.0,0.0,0.0,0.0,0.0,0.0,-14.909464670658684,0.3662348023657145,0.0,0.0,0.0,0.0,0.0,0.0,0.0,0.0,0.0,0.0,Internet Content & Information,Communication Services,LOV
2019Q3,2019,Q3,2019-08-29,2019-08-29,-4.874,49224.0,-4354.0,-3.762648373330064e-07,15923.0,0.32348041605720784,49669.0,65807.0,12471.0,0.0,49273.0,0.0,0.0,90027811.9,90015340.9,0.005080192890925965,0.0,0.0,0.0,-0.06023171139258579,0.005080192890925965,-7.406506906560092e-05,1828.9414086624413,-4617758.099097251,1368.0582901515038,0.0,0.0,0.0,0.9910406893635869,0.0,-9.81296180716342e-05,0.0,0.32348041605720784,0.0,0.0,0.0,0.0,0.0,0.0,0.0,0.0,0.0,0.0,Internet Content & Information,Communication Services,LOV
2018Q4,2018,Q4,2018-12-31,2018-12-31,-1956000.0,51537000.0,825000.0,-0.151,19397000.0,0.3763703746822671,71908030.199039,22202013.269275,20742393.04507,38745138.412263,49706016.929764,0.0,-41358956.760467,102074698.96,103252919.04693699,1.7139591528988525,0.535354728233593,0.19288282269098175,0.6247101859962052,-0.10379519943633703,1.7139591528988525,-0.08810011850172508,1.980610026970914,-13.046357229038854,4.597542471576643,0.0,0.0,0.0,0.7167071585377506,0.44536624250836265,-0.02720141261811592,13.855667023211618,0.3763703746822671,0.0,-0.2585229985584767,1.9486521319710406,1.3659197529383331,0.0,0.0,0.0,-0.2585229985584767,1.9486521319710406,1.3659197529383331,Internet Content & Information,Communication Services,LOV
2018Q2,2018,Q2,2018-07-20,2018-06-30,-1147000.0,53014000.0,-1823000.0,-0.03556,15664000.0,0.295469121364168,82416464.331137,24368135.044514,25574054.804024,45414498.785987,58048329.286623,0.0,-38996415.770609,347062293.59999996,353940545.4210199,0.7554872364820061,0.5631253341480249,0.1964310765691234,0.6643575631049642,-0.02159875613012307,0.7554872364820061,-0.047069666919718756,6.546615867506696,-75.64566120313862,14.242464307014506,0.0,0.0,0.0,0.6432452596728452,0.4518954148527433,-0.013917122134620164,-142.41374378334015,0.295469121364168,0.0,0.3268779342723005,0.25876151581346757,1.9354011379414993,0.0,0.0,0.0,0.3268779342723005,0.25876151581346757,1.9354011379414993,Internet Content & Information,Communication Services,LOV
2017Q4,2017,Q4,2018-03-16,2017-12-31,-3870000.0,43521000.0,-3141000.0,-0.11998,13784000.0,0.3167206635876933,82997816.541498,23366605.08194,26434244.307412,58713439.067111,59631211.459558,0.0,-39087506.298438,408023979.0,405187882.351969,0.7244367230842111,0.45022476501839664,0.0845595675175617,0.30035426400369125,-0.11984923446733034,0.7244367230842111,-0.16562097859012967,9.375335562142414,-26.358138178294574,17.461842555612023,0.0,0.0,0.0,0.5243631918707159,0.3963424601552817,-0.046627732647220206,-80.62121695317131,0.3167206635876933,0.0,0.0,0.0,0.0,0.0,0.0,0.0,0.0,0.0,0.0,Internet Content & Information,Communication Services,LOV
2017Q2,2017,Q2,2017-08-08,2017-06-30,-1704000.0,42116000.0,-1974000.0,-0.05283,13077000.0,0.3104995726089847,36052000.0,-26051000.0,15798000.0,28984000.0,62103000.0,0.0,-26076000.0,30964665.599999998,30092665.599999998,-0.8076612330668929,0.5450593430858405,0.16226561633196493,-0.22455951786879583,0.0717721382860869,-0.8076612330668929,0.0654101569997313,0.7352233260518567,-4.542938028169014,-1.1886171586503398,0.0,0.0,0.0,1.1682014867413735,0.44127794645321555,-0.04726506157772107,-106.04337534246575,0.3104995726089847,0.0,0.0,0.0,0.0,0.0,0.0,0.0,0.0,0.0,0.0,Internet Content & Information,Communication Services,LOV
2019Q4,2019,Q4,2019-12-31,2019-12-31,,,,,,,371944170.624608,159198852.943812,31051169.459629,104900752.755623,212745317.680796,0.0,-60844385.697643,0.0,90049511.604983,0.0,0.29600521105855043,0.28863517265888095,0.6743526597241786,,0.0,,0.0,0.0,0.0,0.0,0.0,,,0.26519803090328914,,0.0,0.0,0.0,1.0,-1.0,-1.0,0.0,0.0,0.0,1.0,-1.0,-1.0,Internet Content & Information,Communication Services,LOV
2019Q2,2019,Q2,2019-06-30,2019-06-30,,,,,,,74822344.259872,18799104.046571,21742788.598197,53835658.49166,56023240.213301,0.0,-46650976.111699,0.0,-1341656.1494469997,0.0,0.40387336585778555,0.17157749175619,0.6828958509737408,,0.0,,0.0,0.0,0.0,0.0,0.0,,,0.3567551585038629,,0.0,0.0,0.0,1.0,-1.0,1.0,0.0,0.0,0.0,1.0,-1.0,1.0,Internet Content & Information,Communication Services,LOV
