Quarters,Year,Quarter,FillingDate,Date,NetIncome,Revenue,OperatingIncome,EPSDiluted,GrossProfit,GrossProfitRatio,TotalAssets,CommonStockEquity,CurrentAssets,CurrentLiability,TotalLiability,Inventory,RetainedEarnings,MarketCap,EnterpriseValue,bookValuePerShare,currentRatio,debtToAssets,debtToEquity,roic,shareholdersEquityPerShare,roe,priceToSalesRatio,peRatio,pbRatio,payoutRatio,inventoryTurnover,dividendYield,assetTurnover,quickRatio,returnOnAssets,priceToFreeCashFlowsRatio,grossProfitMargin,epsdilutedGrowth,fiveYNetIncomeGrowthPerShare,fiveYRevenueGrowthPerShare,fiveYShareholdersEquityGrowthPerShare,grossProfitGrowth,netIncomeGrowth,operatingIncomeGrowth,threeYNetIncomeGrowthPerShare,threeYRevenueGrowthPerShare,threeYShareholdersEquityGrowthPerShare,Industry,Sector,Symbol
2023Q1,2023,Q1,2023-05-02,2023-03-31,69000000.0,246000000.0,278000000.0,0.47,246000000.0,1.0,15129000000.0,8566000000.0,454000000.0,293000000.0,6545000000.0,0.0,5224000000.0,11989520000.0,15584520000.0,58.67123287671233,1.5494880546075085,0.24879370744926962,0.4394116273639972,0.016794200563834072,58.67123287671233,0.008055101564324072,48.737886178861785,43.440289855072464,1.3996637870651414,0.0,0.0,0.0,0.016260162601626018,1.2389078498293515,0.004560777315090224,-922.2707692307692,1.0,1.0737833594976451,6.686160474861605,24.91001959934615,0.012047712056675002,3.893368775140552,-0.6123595505617978,-0.17261904761904762,11.962430956598297,73.68138668589282,0.0023897503562023536,Telecom Services,Communication Services,LBRDA
2022Q4,2022,Q4,2023-02-17,2022-12-31,178000000.0,195978000.0,336000000.0,-6.37,-85022000.0,-0.43383441,15142000000.0,8483000000.0,660000000.0,1675000000.0,6641000000.0,0.0,5155000000.0,13753501249.999998,17265501250.0,46.7833999724252,0.3940298507462687,0.25670320961563864,0.45821053872450784,0.02069629924921932,46.7833999724252,0.020983142756100435,70.17880195736255,19.316715238764044,1.6213015737357066,0.0,0.0,0.0,0.012942676000528331,0.34388059701492535,0.011755382380134724,-687.6750624999999,-0.4338344099847942,-4.107317073170732,-0.9136364754387132,55.81886712197994,-0.1911262488889475,-1.3428306451612904,-0.43492063492063493,0.19148936170212766,0.9415935740592682,48.886228818405264,-0.20228373655208892,Telecom Services,Communication Services,LBRDA
2022Q3,2022,Q3,2022-11-04,2022-09-30,315000000.0,248000000.0,282000000.0,2.05,248000000.0,1.0,15119000000.0,8560000000.0,492000000.0,244000000.0,6543000000.0,0.0,4977000000.0,11339200000.0,14999200000.0,56.31578947368421,2.0163934426229506,0.25550631655532774,0.45128504672897196,0.018884892086330936,56.31578947368421,0.036799065420560745,45.72258064516129,8.999365079365079,1.3246728971962616,0.0,0.0,0.0,0.01640320126992526,1.6926229508196722,0.020834711290429263,-85.9030303030303,1.0,-0.2857142857142858,39.20477573953131,85.50032223415683,0.2090338759941818,0.03765690376569038,-0.3225806451612903,-0.2519893899204244,12.681279477971914,78.76500772534622,-0.03671418661117582,Telecom Services,Communication Services,LBRDA
2022Q2,2022,Q2,2022-08-05,2022-06-30,465000000.0,239000000.0,377000000.0,2.87,239000000.0,1.0,15738000000.0,9012000000.0,551000000.0,448000000.0,6710000000.0,0.0,4662000000.0,18281550000.0,21841550000.0,55.975155279503106,1.2299107142857142,0.2453297750667175,0.4284287616511318,0.0232398225604649,55.975155279503106,0.05159786950732357,76.4918410041841,9.828790322580645,2.0285785619174432,0.0,0.0,0.0,0.015186173592578473,1.0714285714285714,0.02954632100648113,-154.92838983050848,1.0,0.6214689265536724,177.37512857372363,86.82103797248324,0.20028304305590344,0.004201680672268907,0.5551839464882943,0.3044982698961938,42.483543361788364,70.8861631748463,-0.040650385898838855,Telecom Services,Communication Services,LBRDA
2022Q1,2022,Q1,2022-05-06,2022-03-31,299000000.0,238000000.0,289000000.0,1.77,238000000.0,1.0,16630000000.0,9583000000.0,546000000.0,537000000.0,7031000000.0,0.0,4197000000.0,21887020000.0,25689020000.0,57.383233532934135,1.0167597765363128,0.246662657847264,0.42804967129291455,0.018238202820145245,57.383233532934135,0.03120108525513931,91.96226890756303,18.300183946488296,2.283942397996452,0.0,0.0,0.0,0.014311485267588695,0.8733705772811918,0.0179795550210463,377.3624137931034,1.0,-0.16113744075829378,23.530029867575337,81.50028223807162,0.2301377924682652,-0.04403081594781533,-0.22694872265557334,-0.4375670200198895,23.706185698667696,73.74658779606779,-0.017223011020166934,Telecom Services,Communication Services,LBRDA
2021Q4,2021,Q4,2022-02-25,2021-12-31,386779000.0,248962000.0,513839000.0,2.11,248962000.0,1.0,16968000000.0,10127000000.0,459000000.0,582000000.0,6829000000.0,0.0,3898000000.0,29129175100.0,32788175100.0,55.93822325576257,0.788659793814433,0.2268976897689769,0.3801718179125111,0.029013146745806236,55.93822325576257,0.03819285079490471,117.0024947582362,18.828048510906743,2.8763873901451564,0.0,0.0,0.0,0.014672442244224423,0.6821305841924399,0.022794613389910418,-165.74304889359257,1.0,0.6356589147286821,7.516104345015304,77.77990385945834,0.20002789765804713,0.0,0.6328814661268465,19.360542061259263,25.17384598420389,68.74599700315478,-0.04277219926176839,Telecom Services,Communication Services,LBRDA
2021Q3,2021,Q3,2021-11-04,2021-09-30,236869000.0,250220000.0,25237000.0,1.29,0.0,0.0,18439712000.0,11119751000.0,742447000.0,767123000.0,7308325000.0,0.0,3510849000.0,30477915650.0,34289800650.0,61.42185385469429,0.9678330593659686,0.22404362931481794,0.37152810346202897,0.0013078371370542586,61.42185385469429,0.021301646053045614,121.80447466229718,32.1674803900046,2.7408811267446547,0.0,0.0,0.0,0.013569626250127984,0.7364881511830567,0.012845591080815144,-1835.0241224637246,0.0,3.3000000000000003,61.71588308150106,11.176193319875509,0.32416110562967443,0.0,3.2105553185437996,13.06357552581262,2.9780533497329316,70.23918035105562,0.05216736196431056,Telecom Services,Communication Services,LBRDA
2021Q2,2021,Q2,2021-08-06,2021-06-30,56256000.0,242284000.0,-2092000.0,0.3,0.0,0.0,18775057000.0,11818375000.0,519049000.0,728873000.0,6945005000.0,0.0,3273980000.0,31599479339.999996,35212897340.0,62.8964832731956,0.7121254320025574,0.20413567852284017,0.3242966143822649,-7.38639590750791e-05,62.8964832731956,0.0047600452684908034,130.42330215779828,140.42715150383958,2.6737583923339714,0.0,0.0,0.0,0.012904568012762891,0.6212495180916291,0.002996315803462008,-306.82382914680204,0.0,0.111111111111111,-0.9525182170145465,60.37293683879187,0.05469845995713378,0.0,0.07728839525086174,0.9792622845190773,4.1310314255234895,68.35654901130776,0.08393265821421235,Telecom Services,Communication Services,LBRDA
2021Q1,2021,Q1,2021-05-07,2021-03-31,52220000.0,246534000.0,-100879000.0,0.27,0.0,0.0,20491042000.0,12798513000.0,1461343000.0,676086000.0,7680810000.0,0.0,3217724000.0,28221949950.0,31722909950.0,65.82479825955471,2.1614750194501884,0.22830078626553008,0.3655206663461607,-0.004684191880195559,65.82479825955471,0.004080161500011759,114.47487952980116,135.11082894484872,2.2050960099817845,0.0,0.0,0.0,0.012031306167836658,2.0387776111323115,0.0025484306752189567,171.7217226356429,0.0,-0.8146051830018124,2.2471669814128568,33.18272784265616,1.1727762894855258,0.0,-0.8024117720508387,-2.847406559877956,4.231392908536792,18.498101875002895,0.13544292848184494,Telecom Services,Communication Services,LBRDA
2020Q4,2020,Q4,2021-02-26,2020-12-31,264287000.0,38269000.0,-26220000.0,1.4563513930523717,0.0,0.0,21371124000.0,13502659000.0,1846511000.0,611762000.0,7856705000.0,0.0,3165504000.0,28596357760.000004,31994788760.000004,74.40629408393582,3.0183486388497487,0.22536170769492517,0.3566877457247495,-0.0020833287231757807,74.40629408393582,0.01957295966668491,747.2460153126552,27.050477094976298,2.11783158857822,0.0,0.0,0.0,0.0017906872843936519,2.888472968245821,0.01236654656067692,-471.06311995519394,0.0,2.832503665927294,6.2959584353739615,-0.5643735378437046,1.4409380817201114,0.0,2.832468097447796,-0.6058304752572269,-0.871874900018252,10.086141653023102,0.2864669570279062,Telecom Services,Communication Services,LBRDA
2020Q3,2020,Q3,2020-11-04,2020-09-30,68960000.0,4219000.0,-16328000.0,0.38,0.0,0.0,12861689000.0,10487250000.0,402492000.0,16339000.0,2374439000.0,0.0,2901217000.0,25734544320.0,26652940320.0,57.78990698289543,24.633820919272907,0.10252650332316386,0.1257397315788219,-0.0010152773476182846,57.78990698289543,0.006575603709266013,6099.678672671249,93.295186774942,2.4538887048558964,0.0,0.0,0.0,0.0003280284572267297,24.497704877899505,0.0053616597322482295,-1218.4339908148288,0.0,-0.025641025641025664,3.0289962858912807,-0.842681061917589,0.8753070660580277,0.0,-0.04506051458166006,-0.660699755899105,8.005486751722563,0.23256415112333073,0.2406814480603669,Telecom Services,Communication Services,LBRDA
2020Q2,2020,Q2,2020-07-31,2020-06-30,72214000.0,4114000.0,-9832000.0,0.39,0.0,0.0,12335399000.0,10720734000.0,19706000.0,20106000.0,1614665000.0,0.0,2832257000.0,22229415750.0,22785846750.0,58.92941596811873,0.9801054411618423,0.04649975246037846,0.05350314633307757,-0.0006468035500692283,58.92941596811873,0.006735919387609095,5403.358228001945,76.9567388248816,2.073497556230758,0.0,0.0,0.0,0.000333511708863248,0.8535760469511589,0.00585420868834482,-18265.748356614626,0.0,10.75,6.236872530370864,-0.8157567958282793,0.9004663092979974,0.0,10.20862024993624,-0.35147766323024054,25.24037223311016,0.3378223424229642,0.2636316660584812,Telecom Services,Communication Services,LBRDA
2020Q1,2020,Q1,2020-05-01,2020-03-31,-7842000.0,4104000.0,-7275000.0,-0.04,0.0,0.0,12225154000.0,10646971000.0,21022000.0,8110000.0,1578183000.0,0.0,2760043000.0,19463514000.0,20018426000.0,58.53135754417214,2.5921085080147965,0.04689257902190844,0.05384338888497019,-0.0004789572804837223,58.53135754417214,-0.0007365475119637313,4742.5716374269,-620.48947972456,1.8280799299631791,0.0,0.0,0.0,0.0003357012925972139,2.263501849568434,-0.0006414643120242085,-1340.831771837972,0.0,-1.0791144842283813,-1.8135745526990885,-0.8299594830009559,0.8351770591095684,0.0,-1.0852678619969773,0.1258111031002163,0.4575041576653515,0.3060651052603604,0.25475039530901544,Telecom Services,Communication Services,LBRDA
2019Q4,2019,Q4,2020-02-03,2019-12-31,91969000.0,3941000.0,-8322000.0,0.5055964200503568,0.0,0.0,12256342000.0,10667946000.0,52133000.0,12139000.0,1588396000.0,0.0,2767885000.0,22657713120.0,23180933120.0,58.64666688656529,4.294670071669825,0.04674673732178818,0.053707058509669996,-0.0005606830769543126,58.64666688656529,0.008621059761644838,5749.229413854352,61.59062597179485,2.1239058690398323,0.0,0.0,0.0,0.0003215478158164973,4.096218798912596,0.007503788650806252,-2106.518512458163,0.0,2.3706428003357116,2.0841199709391027,-0.8759864747181298,1.3592247787545886,0.0,2.344813791096887,-0.09673168160253032,1.015367357491577,0.24114775225400162,0.2581314219930409,Telecom Services,Communication Services,LBRDA
2019Q3,2019,Q3,2019-11-01,2019-09-30,27496000.0,3713000.0,-7588000.0,0.15,0.0,0.0,12172047000.0,10612172000.0,94951000.0,11804000.0,1559875000.0,0.0,2675916000.0,18972679440.0,19498752440.0,58.46218089267417,8.043968146391054,0.04704377168441758,0.05395869950091273,-0.0005093902500667858,58.46218089267417,0.002590987028857052,5109.797856180986,172.50399549025312,1.7878224589650449,0.0,0.0,0.0,0.0003050431862446801,3.9432395798034565,0.0022589462561227376,-2641.3308422664627,0.0,1.1428571428571426,1.4114946976353147,-0.8981026382260738,0.775500130843428,0.0,1.281447062728178,-0.058889198995255375,6.260753761014725,-0.8197989412461475,0.26035508911050204,Telecom Services,Communication Services,LBRDA
2019Q2,2019,Q2,2019-08-01,2019-06-30,12052000.0,3747000.0,-7166000.0,0.07,0.0,0.0,12107169000.0,10587060000.0,74315000.0,29381000.0,1520109000.0,0.0,2648420000.0,18867171000.0,19323586000.0,58.346982639845685,2.529355706068548,0.04324289187670544,0.04945178359242321,-0.00048655283859969176,58.346982639845685,0.0011383708036036444,5035.2738190552445,391.3701252904083,1.7820972961332042,0.0,0.0,0.0,0.00030948605739293804,2.2849460535720363,0.000995443278275871,-2207.719517903113,0.0,1.8750000000000002,2.123288486873945,-0.8921697045779046,0.805095029791742,0.0,1.8427382700510453,-0.15562006128043865,-0.9894660385944916,-0.01709782978096382,-0.021591199843497055,Telecom Services,Communication Services,LBRDA
2019Q1,2019,Q1,2019-05-02,2019-03-31,-14301000.0,3458000.0,-6201000.0,-0.08,0.0,0.0,12083378000.0,10589755000.0,74299000.0,5824000.0,1493623000.0,0.0,2636368000.0,16745522780.0,17195582780.0,58.38886560876901,12.757383241758241,0.04330229510324017,0.049409830539044575,-0.0004227758164467234,58.38886560876901,-0.0013504561720266428,4842.545627530364,-292.73342388644147,1.5812946361837454,0.0,0.0,0.0,0.000286178252472115,12.564903846153847,-0.0011835266595152448,-1446.3225755743651,0.0,-1.9800918670629561,0.8776796469989451,-0.8991165368116258,0.8884236323124808,0.0,-1.966022696568495,-0.21755350481052424,0.6338422371648937,-0.48599305575027224,0.9273274832448893,Telecom Services,Communication Services,LBRDA
2018Q4,2018,Q4,2019-02-08,2018-12-31,14804000.0,3576000.0,-5093000.0,0.08162500137842815,0.0,0.0,12098437000.0,10598618000.0,84574000.0,8195000.0,1499819000.0,0.0,2650669000.0,13023892460.0,13463717460.0,58.43773364357156,10.32019524100061,0.043222773321876205,0.04933926291144751,-0.000343727765962093,58.43773364357156,0.0013967858828386871,3642.0280928411635,219.93874054309646,1.2288293115196718,0.0,0.0,0.0,0.0002955753706036573,10.140695546064673,0.001223629134903955,-1278.4816393442622,0.0,-0.7526515109744601,1.8258589893816288,-0.8956308364393555,0.8825711328344453,0.0,-0.7517731685641945,-0.243408203125,1.2968257637886933,-0.9592696257931261,0.9170809568757533,Telecom Services,Communication Services,LBRDA
2018Q3,2018,Q3,2018-11-01,2018-09-30,59639000.0,3518000.0,-4096000.0,0.33,0.0,0.0,12082674000.0,10585295000.0,95478000.0,9999000.0,1497379000.0,0.0,2635865000.0,15035717760.0,15515066760.0,58.37650555898703,9.548754875487548,0.0432534222143211,0.04937198254748687,-0.0002841262102127004,58.37650555898703,0.005634136790708242,4273.939101762365,63.02804272372106,1.420434457424191,0.0,0.0,0.0,0.00029116071492121695,4.327232723272327,0.004935910709831284,-1583.2070927661366,0.0,4.500000000000001,1.5660724611098331,-0.9014561664762637,0.0,0.0,4.636956521739131,0.19226976927627687,2.756139883418518,-0.8687159184774633,0.8943424393976965,Telecom Services,Communication Services,LBRDA
2018Q2,2018,Q2,2018-08-02,2018-06-30,10580000.0,3371000.0,-5071000.0,0.06,0.0,0.0,12002928000.0,10521483000.0,100985000.0,11909000.0,1481445000.0,0.0,2571299000.0,13715271720.0,14185968720.0,58.02619083072749,8.479721219245949,0.043585948361933025,0.04972293354463434,-0.0003287982825000374,58.02619083072749,0.0010055616684454083,4068.6062652032037,324.08487051039697,1.3035492924333956,0.0,0.0,0.0,0.00028084813972057484,4.405239734654463,0.0008814515924781021,-4718.01572755418,0.0,1.7500000000000002,-0.3490245288063849,-0.9115617671921179,0.0,0.0,1.7020570670205706,-3.257791629563669,1.7697961890436675,-0.8485304166783961,0.8713374113592874,Telecom Services,Communication Services,LBRDA
2018Q1,2018,Q1,2018-05-02,2018-03-31,-15070000.0,11791000.0,2246000.0,-0.08,0.0,0.0,11957547000.0,10511395000.0,79885000.0,5218000.0,1446152000.0,0.0,2560719000.0,15375596800.0,15795272800.0,57.97279335524719,15.309505557684936,0.041627601380115835,0.047354704109207196,0.00015356176478338972,57.97279335524719,-0.001433682208688761,1304.0112628275804,-255.06962176509623,1.4627551148063602,0.0,0.0,0.0,0.0009860718088751815,14.965120735914143,-0.001260291931112627,-4144.365714285715,0.0,-1.0070381420634047,-1.6694304739865131,-0.7574160481261119,0.0,0.0,-1.0073121512232448,1.3745830553702467,-2.5685021380312296,-0.5098860672959429,0.8176639818709001,Telecom Services,Communication Services,LBRDA
2017Q4,2017,Q4,2018-02-09,2017-12-31,2060953000.0,3449000.0,-5996000.0,11.366636149043659,0.0,0.0,11931789000.0,10486901000.0,84054000.0,10549000.0,1444888000.0,0.0,2568764000.0,15420925800.0,15837038800.0,57.83770323633877,7.967959048251019,0.04168444480538501,0.047427738661783875,-0.00045070367465958964,57.83770323633877,0.19652640947025246,4471.129544795593,1.8706061952892665,1.4704940763720378,0.0,0.0,0.0,0.00028905975457661884,7.70281543274244,0.17272791196693135,-2380.5072244519915,0.0,228.33272298087317,116.00445309883628,-0.899309700549504,0.8632411579526488,0.0,209.93684103811842,-0.036115431138759285,25.372793720234863,-0.8911177323281191,1.3266819729985913,Telecom Services,Communication Services,LBRDA
2017Q3,2017,Q3,2017-11-01,2017-09-30,-9864000.0,3430000.0,-5787000.0,-0.05,0.0,0.0,9481894000.0,8470235000.0,141977000.0,12200000.0,1011659000.0,0.0,507811000.0,17126256280.000002,17487806280.0,46.5791658876192,11.637459016393443,0.052413051654026085,0.05867310647225254,-0.000370165989953762,46.5791658876192,-0.001164548563292518,4993.077632653062,-434.05961780210873,2.0219340171789804,0.0,0.0,0.0,0.00036174207389367565,11.283442622950819,-0.0010402984888884014,-1392.3785593495936,0.0,-1.5,0.9066410718115145,-0.9041948496133793,0.0,0.0,-2.3134027544507894,0.21082776489840446,0.8526421408560438,-0.9060368373300679,0.414612213661171,Telecom Services,Communication Services,LBRDA
2017Q2,2017,Q2,2017-08-02,2017-06-30,-2977000.0,3073000.0,-7333000.0,-0.02,0.0,0.0,9602799000.0,8478143000.0,253195000.0,617658000.0,1124656000.0,0.0,517675000.0,15596450420.000002,15998869420.000002,46.634962980890876,0.4099275003318989,0.06239555779518034,0.07067255176045037,-0.0004357553411215149,46.634962980890876,-0.000351138215054877,5075.317416205663,-1309.7455844810213,1.8396069068426897,0.0,0.0,0.0,0.00032001086349927764,0.32090250591751424,-0.00031001377827443854,-9057.172137049944,0.0,0.75,-1.182692864927384,-0.9195904450686254,0.0,0.0,0.793907926618207,-0.15262496070418108,-1.7700158829003443,-0.9117352016001748,0.4427573814903728,Telecom Services,Communication Services,LBRDA
2017Q1,2017,Q1,2017-05-03,2017-03-31,-14445000.0,3140000.0,-6362000.0,-0.08,0.0,0.0,9598114000.0,8479219000.0,251572000.0,609358000.0,1118895000.0,0.0,520651000.0,15466894390.0,15817864390.0,46.64780960659291,0.4128476199541156,0.062391632356106626,0.07062466484236343,-0.00044370839040622516,46.64780960659291,-0.0017035767091285177,4925.762544585988,-267.68595344409835,1.8240942225929064,0.0,0.0,0.0,0.0003271476042064097,0.4086710931833175,-0.0015049831664845823,-1610.9670232267472,0.0,-1.3188894980373238,-1.6400609112587476,-0.9355604337381465,0.0,0.0,-1.316769369092783,0.17451667315427533,0.8767232592991036,-0.9085979534394689,0.5086921990735419,Telecom Services,Communication Services,LBRDA
2016Q4,2016,Q4,2017-02-17,2016-12-31,45601000.0,3173000.0,-7707000.0,0.250870600920939,0.0,0.0,9590960000.0,8473092000.0,258419000.0,412116000.0,1117868000.0,0.0,517736000.0,13171126659.999998,13563910659.999998,46.61410235956231,0.6270540333304215,0.06240376354400394,0.07063678760952909,-0.0005409227673457735,46.61410235956231,0.005381860600593031,4151.001153482508,72.20854071182649,1.554465201133187,0.0,0.0,0.0,0.0003308323671457289,0.5013297226994341,0.004754581397482629,-1887.5217340212093,0.0,11.54353004604695,3.5382387435632325,-0.9075991336330055,0.5016729433817703,0.0,11.035101609923462,-2.1634963768115942,3.5382387435632325,-0.9075991336330055,0.5016729433817703,Telecom Services,Communication Services,LBRDA
2016Q3,2016,Q3,2016-11-04,2016-09-30,3789000.0,20616000.0,6624000.0,0.02,0.0,0.0,9515400000.0,8424578000.0,263825000.0,12826000.0,1090822000.0,0.0,472135000.0,12742529360.0,13081666360.0,46.38548405746032,20.569546234211757,0.06286419908779452,0.07100391259953912,0.0005109608192821227,46.38548405746032,0.0004497554654963133,618.0893170353124,840.7580733702823,1.5125421546337394,0.0,0.0,0.0,0.002166593101708809,20.31085295493529,0.0003981966076045148,4997.070337254902,0.0,-0.9968152866242039,1.0359058397883543,-0.42345019133175044,0.0,0.0,-0.9957434331587568,1.616932103939648,1.0359058397883543,-0.42345019133175044,0.0,Telecom Services,Communication Services,LBRDA
2016Q2,2016,Q2,2016-08-09,2016-06-30,890154000.0,2966000.0,-10737000.0,6.28,0.0,0.0,9509936000.0,8418850000.0,260466000.0,14464000.0,1091086000.0,0.0,468346000.0,8385735600.0,8727457600.0,59.634564438211,18.00788163716814,0.06288496578736176,0.0710348800608159,-0.0007385875532378919,59.634564438211,0.1057334434037903,2827.2877950101147,2.3551361899176997,0.9960666361795257,0.0,0.0,0.0,0.0003118843281384859,17.790099557522122,0.0936025226668192,-1215.5001594433977,0.0,29.545454545454547,69.3464653162393,-0.9000574040586506,0.0,0.0,41.02311047165146,-0.14957173447537472,69.3464653162393,-0.9000574040586506,0.0,Telecom Services,Communication Services,LBRDA
2016Q1,2016,Q1,2016-05-09,2016-03-31,-22241000.0,3831000.0,-9340000.0,-0.22,0.0,0.0,3740888000.0,3128863000.0,867180000.0,11685000.0,612025000.0,0.0,-421808000.0,6006706640.0,5896980640.0,30.29524879210682,74.21309370988446,0.15978265053645016,0.1910371275444147,-0.0015264491968703863,30.29524879210682,-0.0071083329631243045,1567.9213364656748,-67.51839665482667,1.9197729782352246,0.0,0.0,0.0,0.0010240883982626586,73.91510483525887,-0.005945379813562983,-7167.907684964201,0.0,0.19997957818386675,-2.7344853725584226,-0.8616281699737415,0.0,0.0,0.21689377134607937,-1.8044788975021533,-2.7344853725584226,-0.8616281699737415,0.0,Telecom Services,Communication Services,LBRDA
2015Q4,2015,Q4,2016-02-12,2015-12-31,-28401000.0,49996000.0,11610000.0,-0.27499298017990104,0.0,0.0,3565741000.0,3148219000.0,678247000.0,15376000.0,417522000.0,0.0,-399567000.0,5334360350.0,5087998350.0,30.4826634649832,44.1107570239334,0.11209535409330067,0.12696162496954627,0.0027449250305689415,30.4826634649832,-0.009021291085531217,106.69574265941276,-46.95574407591282,1.69440574178607,0.0,0.0,0.0,0.014021209055845616,43.35035119667013,-0.00796496436505063,-369.1087980902297,0.0,-0.44733147463105805,-1.7823022464099436,1.5624405764244302,-0.018001234594468212,0.0,-0.4719357346462814,39.3125,-1.7823022464099436,1.5624405764244302,-0.018001234594468212,Telecom Services,Communication Services,LBRDA
2015Q3,2015,Q3,2015-11-10,2015-09-30,-19295000.0,15225000.0,288000.0,-0.19,0.0,0.0,3611517000.0,3174812000.0,665466000.0,26324000.0,436705000.0,0.0,-371166000.0,5299554560.0,5037181560.0,30.816236993321944,25.279820695942867,0.10300380698747923,0.1171722924066055,5.425214961578952e-05,30.816236993321944,-0.006077525220391003,348.0824013136289,-68.66486861881316,1.6692498831426867,0.0,0.0,0.0,0.004215680003721428,24.818188725117764,-0.005342630257589816,-350.8244776909837,0.0,-1.375,0.6776609503293604,-0.2493847511374049,0.0,0.0,-1.47086694839288,1.0843585237258349,0.6776609503293604,-0.2493847511374049,0.0,Telecom Services,Communication Services,LBRDA
2015Q2,2015,Q2,2015-08-13,2015-06-30,-7809000.0,12645000.0,-3414000.0,-0.08,0.0,0.0,3730367000.0,3194555000.0,814243000.0,44931000.0,535812000.0,0.0,-351871000.0,5251133280.0,4905882280.0,31.007871952166486,18.122076072199594,0.1104448972446947,0.12896944957904935,-0.0006033854593876987,31.007871952166486,-0.00244447192175436,415.27348991696323,-168.1115789473684,1.643776137834534,0.0,0.0,0.0,0.0033897469069397194,17.29331641850838,-0.002093359715009274,109.28022309165071,0.0,-2.6,-1.8456465236627562,-0.41613206514136886,0.0,0.0,-2.4684091763820986,-1.0676428047789819,-1.8456465236627562,-0.41613206514136886,0.0,Telecom Services,Communication Services,LBRDA
2015Q1,2015,Q1,2015-05-14,2015-03-31,5318000.0,13316000.0,50471000.0,0.05,0.0,0.0,3770211000.0,3200862000.0,885055000.0,155933000.0,569349000.0,0.0,-344062000.0,5668276320.0,5286153320.0,31.894120108809375,5.67586719937409,0.09866821777348801,0.11621869358941435,0.015228701884838299,31.894120108809375,0.0016614274529798535,425.67410033042955,266.4665438134637,1.77085932476939,0.0,0.0,0.0,0.003531897816859587,5.53177326159312,0.0014105311347295947,381.77923620933524,0.0,1.1072119904281685,-0.5732039773775658,-0.5050457950960427,0.0,-1.0,1.1136227672848475,2.386413580925173,-0.5732039773775658,-0.5050457950960427,0.0,Telecom Services,Communication Services,LBRDA
2014Q4,2014,Q4,2015-03-12,2014-12-31,-46804000.0,17533000.0,-36404000.0,-0.4663657469683835,17780000.0,1.014087720298865,3003932000.0,2494769000.0,80430000.0,99596000.0,509163000.0,0.0,-349380000.0,5026982310.0,5363174310.0,24.858448171065874,0.8075625527129604,0.12383769006755146,0.1491120019528862,-0.008936593811534964,24.858448171065874,-0.01876085521344862,286.71546854502935,-26.85124300273481,2.0150091291017325,0.0,0.0,0.0,0.005836683386974139,0.546477770191574,-0.015580911951402363,-250.83490394690884,1.014087720298865,-0.2669229683826896,-3.718558504984059,-0.07523693615632308,-0.1991852863537973,0.03144216266388212,-0.4630822131916224,-6.720301697045883,-3.718558504984059,-0.07523693615632308,-0.1991852863537973,Telecom Services,Communication Services,LBRDA
2014Q3,2014,Q3,2014-09-30,2014-09-30,-31990000.0,17445000.0,6364000.0,-0.368109,17238000.0,0.988134135855546,3008304000.0,2861492000.0,190688000.0,109195000.0,146812000.0,0.0,-302576000.0,4100116235.74,4052705235.74,32.92716225534857,1.7463070653418198,0.0,0.0,0.0014108756660704874,32.92716225534857,-0.011179482591599068,235.0310252645457,-32.0421712702407,1.432859583650767,0.0,0.0,0.0,0.005798948510522873,0.4385640368148725,-0.010633898701726954,-469.1745320677423,0.988134135855546,-18.309743252139565,0.36644758053059323,0.019603296274296494,0.0,0.0,-17.801470588235293,1.7577994760657298,0.36644758053059323,0.019603296274296494,0.0,Telecom Services,Communication Services,LBRDA
2014Q2,2014,Q2,2014-06-30,2014-06-30,1904000.0,17146000.0,-8398000.0,0.021266,0.0,0.0,3065862000.0,2893978000.0,211532000.0,134545000.0,171884000.0,0.0,-270586000.0,4224106219.34,4207641219.34,32.32349636826451,1.5722026087925973,0.0,0.0,-0.0009222491624031362,32.32349636826451,0.0006579179247388888,246.36102993934446,554.6357956066176,1.4596193265256334,0.0,0.0,0.0,0.00559255439416386,0.43163253929911927,0.0006210325187500285,-281.38197570876633,0.0,1.032989364474615,-0.7627414330218069,-0.08899633388236547,0.0,-1.0,1.0329896907216496,-0.8514109347442681,-0.7627414330218069,-0.08899633388236547,0.0,Telecom Services,Communication Services,LBRDA
2014Q1,2014,Q1,2014-03-31,2014-03-31,-57715000.0,16921000.0,-4536000.0,-0.644632,16579000.0,0.9797884285798711,2945002000.0,2768264000.0,205036000.0,136467000.0,176738000.0,0.0,-272490000.0,4224106219.34,4211049219.34,30.919368201968837,1.5024584698132148,0.0,0.0,-0.001035273738916438,30.919368201968837,-0.02084880632772019,249.63691385497313,-18.297263360218313,1.5259044004979294,0.0,0.0,0.0,0.0057456667262025625,0.5500890325133548,-0.019597609780910165,93.61522581756128,0.9797884285798711,-5.522206714274607,-6.192065491183879,-0.2949877088454649,0.0,0.10137514116787351,-5.522205898971635,-3.554054054054054,-6.192065491183879,-0.2949877088454649,0.0,Telecom Services,Communication Services,LBRDA
2013Q4,2013,Q4,2013-12-31,2013-12-31,-8849000.0,16914000.0,1776000.0,-0.0988364871338941,15053000.0,0.8899728035946554,2909379000.0,2779194000.0,154794000.0,70107000.0,130185000.0,441000.0,-214775000.0,4224106219.34,4214855219.34,31.041447849880857,2.207967820617057,0.0,0.0,0.0003804368669159955,31.041447849880857,-0.0031840166609455834,249.7402281742935,-119.33851902305345,1.5199033314478947,0.0,4.219954648526077,0.0,0.005813611770759327,0.4112856062875319,-0.003041542542240114,-297.63995344842164,0.8899728035946554,0.8298922983532595,0.0,0.0,0.0,0.021858665399497657,0.8298923490965013,1.7161290322580645,0.0,0.0,0.0,Telecom Services,Communication Services,LBRDA
2013Q3,2013,Q3,2013-09-30,2013-09-30,-52020000.0,17627000.0,-2480000.0,-0.581023,14731000.0,0.8357065864866399,,,,,,,,4224106219.34,,,0.0,0.0,0.0,0.0,,0.0,239.63840808645827,-20.30039513331411,0.0,0.0,0.0,0.0,0.0,0.0,0.0,-284.48991240167027,0.8357065864866399,-7.4822410569967595,0.0,0.0,0.0,0.014182444061962134,-7.482242990654205,-0.29233976029181863,0.0,0.0,0.0,Telecom Services,Communication Services,LBRDA
2013Q2,2013,Q2,2013-06-30,2013-06-30,8025000.0,18821000.0,-1919000.0,0.08963304432698613,14525000.0,0.7717443281440943,,,,,,,,4224106219.34,,,0.0,0.0,0.0,0.0,,0.0,224.43580146325914,131.59209406043612,0.0,0.0,0.0,0.0,0.0,0.0,0.0,-296.4701164612577,0.7717443281440943,-0.2780669287516119,0.0,0.0,0.0,-0.1486431041556767,-0.27806765023389707,-1.7570019723865877,0.0,0.0,0.0,Telecom Services,Communication Services,LBRDA
2013Q1,2013,Q1,2013-03-31,2013-03-31,11116000.0,24001000.0,2535000.0,0.124157,17061000.0,0.7108453814424399,,,,,,,,4224106219.34,,,0.0,0.0,0.0,0.0,,0.0,175.99709259364195,95.0005896756927,0.0,0.0,0.0,0.0,0.0,0.0,0.0,88.67466242631623,0.7108453814424399,0.0,0.0,0.0,0.0,0.0,0.0,0.0,0.0,0.0,0.0,Telecom Services,Communication Services,LBRDA
