Quarters,Year,Quarter,FillingDate,Date,NetIncome,Revenue,OperatingIncome,EPSDiluted,GrossProfit,GrossProfitRatio,TotalAssets,CommonStockEquity,CurrentAssets,CurrentLiability,TotalLiability,Inventory,RetainedEarnings,MarketCap,EnterpriseValue,bookValuePerShare,currentRatio,debtToAssets,debtToEquity,roic,shareholdersEquityPerShare,roe,priceToSalesRatio,peRatio,pbRatio,payoutRatio,inventoryTurnover,dividendYield,assetTurnover,quickRatio,returnOnAssets,priceToFreeCashFlowsRatio,grossProfitMargin,epsdilutedGrowth,fiveYNetIncomeGrowthPerShare,fiveYRevenueGrowthPerShare,fiveYShareholdersEquityGrowthPerShare,grossProfitGrowth,netIncomeGrowth,operatingIncomeGrowth,threeYNetIncomeGrowthPerShare,threeYRevenueGrowthPerShare,threeYShareholdersEquityGrowthPerShare,Industry,Sector,Symbol
2023Q1,2023,Q1,2023-04-26,2023-03-31,64000000.0,879000000.0,138000000.0,0.81,404000000.0,0.4596131968,6477000000.0,-984000000.0,4281000000.0,1286000000.0,7452000000.0,1158000000.0,1836000000.0,3038000000.0,8296000000.0,-12.696774193548388,3.328926905132193,0.842056507642427,-5.5426829268292686,0.022825787311130656,-12.696774193548388,-0.06504065040650407,3.4562002275312858,11.8671875,-3.08739837398374,0.578125,0.41018998272884283,0.012179065174456879,0.13571097730430756,2.124416796267496,0.009881117801451289,-607.6,0.459613196814562,-0.2767857142857143,1.431271347248577,-0.0459430740037951,-2.970460615153789,-0.08597285067873303,-0.28888888888888886,-0.14285714285714285,1.5355416466056813,0.7663336801942421,-0.2300442334663933,Travel Services,Consumer Cyclical,TNL
2022Q4,2022,Q4,2023-02-22,2022-12-31,90000000.0,899000000.0,161000000.0,1.12,442000000.0,0.4916573971,6757000000.0,-913000000.0,4757000000.0,1136000000.0,7661000000.0,1193000000.0,1808000000.0,2904720000.0,8107720000.0,-11.441102756892231,4.1875,0.8514133491194317,-6.301204819277109,0.024539440927519737,-11.441102756892231,-0.09857612267250822,3.231056729699666,8.068666666666665,-3.1815115005476446,0.35555555555555557,0.3830678960603521,0.01101655236993583,0.13304721030042918,2.818661971830986,0.0133195204972621,18.268679245283018,0.4916573971078977,-0.18840579710144914,-0.7463033976924495,0.7532081359021588,-2.3161177431049147,-0.04121475054229935,-0.22413793103448276,-0.14814814814814814,-0.3991675617615467,0.02780524195299664,-0.932035276871424,Travel Services,Consumer Cyclical,TNL
2022Q3,2022,Q3,2022-10-27,2022-09-30,116000000.0,937000000.0,189000000.0,1.38,461000000.0,0.4919957311,6380000000.0,-911000000.0,4182000000.0,1311000000.0,7283000000.0,1146000000.0,1750000000.0,2831960000.0,7935960000.0,-10.975903614457831,3.1899313501144166,0.8264890282131662,-5.7881448957189905,0.030961641119499735,-10.975903614457831,-0.12733260153677278,3.022369263607257,6.103362068965517,-3.108627881448957,0.28448275862068967,0.41535776614310643,0.011652706959137843,0.1468652037617555,2.054919908466819,0.01818181818181818,113.2784,0.4919957310565635,0.1896551724137931,-0.29776247848537,-0.2931283143624221,-2.794138090824838,0.013186813186813187,0.16,0.021621621621621623,-0.05067380633645684,-0.06315324647004308,-0.7473790997322624,Travel Services,Consumer Cyclical,TNL
2022Q2,2022,Q2,2022-07-28,2022-06-30,100000000.0,922000000.0,185000000.0,1.16,455000000.0,0.4934924078,6477000000.0,-854000000.0,4227000000.0,1402000000.0,7323000000.0,1192000000.0,1668000000.0,3299700000.0,8279700000.0,-10.047058823529412,3.014978601997147,0.8060830631465185,-6.113583138173302,0.032027311506287744,-10.047058823529412,-0.117096018735363,3.5788503253796096,8.24925,-3.863817330210773,0.35,0.39177852348993286,0.010607024881049792,0.14234985332715763,1.9165477888730384,0.015439246564767639,43.996,0.49349240780911063,0.9661016949152542,0.5686274509803922,-0.23725887921091357,-2.7800581220563183,0.22641509433962265,0.9607843137254902,0.5811965811965812,-0.11764705882352933,-0.029089056219215245,-0.6537636647579386,Travel Services,Consumer Cyclical,TNL
2022Q1,2022,Q1,2022-04-28,2022-03-31,51000000.0,809000000.0,117000000.0,0.59,371000000.0,0.4585908529,6600000000.0,-819000000.0,4311000000.0,1385000000.0,7411000000.0,1129000000.0,1603000000.0,4977046000.0,9924046000.0,-9.534342258440047,3.1126353790613717,0.8072727272727273,-6.5054945054945055,0.017847528803704105,-9.534342258440047,-0.06227106227106227,6.152096415327565,24.39728431372549,-6.076979242979243,0.6862745098039216,0.3879539415411869,0.007032283808508099,0.12257575757575757,2.012996389891697,0.007727272727272728,37.99271755725191,0.45859085290482077,-0.5317460317460317,-0.557872835806108,-0.2502786797420347,-2.5122446180305213,-0.14318706697459585,-0.5363636363636364,-0.4090909090909091,-0.29941792782305005,-0.031533348043654125,-0.5280847354783368,Travel Services,Consumer Cyclical,TNL
2021Q4,2021,Q4,2022-02-23,2021-12-31,110000000.0,870000000.0,198000000.0,1.26,433000000.0,0.4977011494,6588000000.0,-801000000.0,4488000000.0,1159000000.0,7382000000.0,1216000000.0,1587000000.0,4780855000.0,9860855000.0,-9.260115606936417,3.8723037100949096,0.827109896782028,-6.802746566791511,0.03029417901105779,-9.260115606936417,-0.1373283395755306,5.495235632183908,10.865579545454546,-5.968607990012485,0.2727272727272727,0.359375,0.0062750282114810004,0.1320582877959927,2.5004314063848145,0.016697024893746207,41.21426724137931,0.49770114942528737,0.09565217391304356,-0.17030875511067245,-0.18470835522858647,-2.387720406081508,0.018823529411764704,0.0891089108910891,0.06451612903225806,0.09341453344343523,0.014205731925067406,-0.5535699180278344,Travel Services,Consumer Cyclical,TNL
2021Q3,2021,Q3,2021-10-27,2021-09-30,101000000.0,839000000.0,186000000.0,1.15,425000000.0,0.5065554231227652,6601000000.0,-857000000.0,4357000000.0,1407000000.0,7450000000.0,1270000000.0,1511000000.0,4722298000.0,9719298000.0,-9.896073903002309,3.0966595593461266,0.8094228147250416,-6.234539089848308,0.029865505071380877,-9.896073903002309,-0.11785297549591599,5.628483909415971,11.688856435643563,-5.510266044340724,0.25742574257425743,0.32598425196850395,0.00550579400114097,0.12710195424935616,1.9637526652452026,0.015300712013331313,36.32536923076923,0.5065554231227652,0.40243902439024387,-0.3514045341000141,-0.3286610513148409,-2.3602421884328524,0.09819121447028424,0.4027777777777778,0.23178807947019867,-0.21906404094625798,-0.09594842621225373,-0.9079784509484996,Travel Services,Consumer Cyclical,TNL
2021Q2,2021,Q2,2021-07-28,2021-06-30,72000000.0,797000000.0,151000000.0,0.82,387000000.0,0.48557089084065247,6639000000.0,-925000000.0,4418000000.0,1446000000.0,7557000000.0,1339000000.0,1437000000.0,5142425000.0,10217425000.0,-10.693641618497109,3.0553250345781464,0.8138273836421148,-5.841081081081081,0.02373306146722739,-10.693641618497109,-0.07783783783783783,6.452227101631117,17.855642361111112,-5.559378378378379,0.375,0.3061986557132188,0.005250441182904952,0.12004820003012502,1.9066390041493777,0.010845006778129237,25.84133165829146,0.48557089084065247,1.4848484848484846,-0.4077367718986216,-0.271033582043433,-2.5256995111223377,0.32081911262798635,1.4827586206896552,0.735632183908046,-0.779796311588219,-0.08501759360775155,-1.0368841178089732,Travel Services,Consumer Cyclical,TNL
2021Q1,2021,Q1,2021-04-28,2021-03-31,29000000.0,628000000.0,87000000.0,0.33,293000000.0,0.46656050955414013,6728000000.0,-983000000.0,4493000000.0,1420000000.0,7704000000.0,1359000000.0,1392000000.0,5278108000.0,10525108000.0,-11.390498261877173,3.1640845070422534,0.8277348394768134,-5.6653102746693795,0.015694690678361482,-11.390498261877173,-0.029501525940996948,8.404630573248408,45.500931034482754,-5.3693875890132245,0.896551724137931,0.246504782928624,0.0049260075769575005,0.09334126040428062,1.9619718309859155,0.004310344827586207,79.97133333333333,0.46656050955414013,10.000000000000002,-0.6044563538045578,-0.3689222393460496,-2.5377853089511597,-0.09287925696594428,8.666666666666666,0.023529411764705882,-0.010667302842341986,-0.38788085338422734,-2.7677346914944265,Travel Services,Consumer Cyclical,TNL
2020Q4,2020,Q4,2021-02-24,2020-12-31,3000000.0,645000000.0,85000000.0,0.03,323000000.0,0.5007751937984496,7613000000.0,-975000000.0,5617000000.0,715000000.0,8581000000.0,1347000000.0,1390000000.0,3862446000.0,9241446000.0,-11.32404181184669,7.855944055944056,0.8636542755812426,-6.743589743589744,0.0020481532886113033,-11.32404181184669,-0.003076923076923077,5.988288372093023,321.8705,-3.9614830769230767,8.666666666666666,0.23904974016332592,0.0067314856958518,0.08472349927755156,5.489510489510489,0.0003940627873374491,28.193036496350366,0.5007751937984496,-0.9361702127659574,-0.9715817826871278,-0.3433702303050905,-2.370805061434073,0.066006600660066,-0.925,0.328125,-0.9921622187904984,0.1658246672715461,-2.3026517346201776,Travel Services,Consumer Cyclical,TNL
2020Q3,2020,Q3,2020-10-28,2020-09-30,40000000.0,614000000.0,64000000.0,0.47,303000000.0,0.49348534201954397,7822000000.0,-1000000000.0,5574000000.0,1491000000.0,8815000000.0,1331000000.0,1414000000.0,2642284000.0,8007284000.0,-11.641443538998836,3.738430583501006,0.8490155970340066,-6.641,0.023851450186805307,-11.641443538998836,-0.04,4.3033941368078175,16.514275,-2.642284,0.65,0.2336589030803907,0.009839971781988612,0.07849654819739198,2.6284372904091216,0.005113781641523907,34.31537662337662,0.49348534201954397,1.2447916666666665,-0.7132528644078181,-0.46528259529757143,-2.340599305179984,1.2444444444444445,1.2439024390243902,1.5614035087719298,-0.7660241889698757,-0.5524368778634628,-2.9029282707978865,Travel Services,Consumer Cyclical,TNL
2020Q2,2020,Q2,2020-07-30,2020-06-30,-164000000.0,343000000.0,-114000000.0,-1.92,135000000.0,0.3935860058309038,7597000000.0,-1056000000.0,5425000000.0,971000000.0,8647000000.0,1278000000.0,1399000000.0,2406572000.0,7765572000.0,-12.365339578454332,5.5870236869207,0.8438857443727787,-6.0710227272727275,-0.02278077524820517,-12.365339578454332,0.1553030303030303,7.016244897959184,-3.6685548780487807,-2.2789507575757577,-0.2621951219512195,0.162754303599374,0.01786773884180486,0.04514940107937344,3.910401647785788,-0.021587468737659602,43.75585454545455,0.3935860058309038,-0.24675324675324667,-2.4372615733580782,-0.6581181547409648,-2.380370928551656,-0.18674698795180722,-0.22388059701492538,0.19148936170212766,-3.5604996096799373,-0.7175761203294206,-3.190792702145231,Travel Services,Consumer Cyclical,TNL
2020Q1,2020,Q1,2020-05-06,2020-03-31,-134000000.0,558000000.0,-141000000.0,-1.54,166000000.0,0.2974910394265233,7776000000.0,-897000000.0,5539000000.0,1509000000.0,8667000000.0,1218000000.0,1607000000.0,1885730000.0,7261730000.0,-10.322209436133488,3.67064280980782,0.8222736625514403,-7.128205128205129,-0.01929226961390955,-10.322209436133488,0.14938684503901895,3.3794444444444443,-3.518152985074627,-2.1022630992196207,-0.3208955223880597,0.3218390804597701,0.02280284027936131,0.07175925925925926,2.615639496355202,-0.017232510288065845,52.381388888888885,0.2974910394265233,-1.8235294117647058,-2.5293629383689558,-0.3843407089410018,-2.1543321088467207,-0.6862003780718336,-1.7976190476190477,-1.5423076923076924,-2.148299586220405,-0.48883757004600376,-2.6372084453081817,Travel Services,Consumer Cyclical,TNL
2019Q4,2019,Q4,2020-02-26,2019-12-31,168000000.0,981000000.0,260000000.0,1.87,529000000.0,0.5392456676860347,7453000000.0,-530000000.0,5362000000.0,1313000000.0,7977000000.0,1199000000.0,1785000000.0,4626255000.0,10026255000.0,-5.921787709497207,4.083777608530084,0.7721722796189454,-10.858490566037736,0.03296092127001784,-5.921787709497207,-0.3169811320754717,4.71585626911315,6.884308035714286,-8.728783018867924,0.24404761904761904,0.3769808173477898,0.008862460024360959,0.13162484905407218,2.878903274942879,0.022541258553602575,46.72984848484848,0.5392456676860347,0.27210884353741505,1.8272294641009728,0.0862949230538827,-1.575663825146342,-0.070298769771529,0.24444444444444444,0.21495327102803738,0.22469001226325117,-0.1115033011681057,-1.8874387743924386,Travel Services,Consumer Cyclical,TNL
2019Q3,2019,Q3,2019-10-30,2019-09-30,135000000.0,1105000000.0,214000000.0,1.47,569000000.0,0.5149321266968325,7563000000.0,-576000000.0,5274000000.0,1820000000.0,8133000000.0,1209000000.0,1651000000.0,4220034000.0000005,9511034000.0,-6.281352235550709,2.8978021978021977,0.7326457754859182,-9.619791666666666,0.03212180713795699,-6.281352235550709,-0.234375,3.8190352941176475,7.814877777777779,-7.326447916666667,0.3037037037037037,0.44334160463192723,0.009715561533390489,0.14610604257569748,1.9258241758241759,0.017850059500198336,140.66780000000003,0.5149321266968325,0.11363636363636356,-0.11382621676848323,-0.013064541919907042,-1.5531872707445227,0.04981549815498155,0.08870967741935484,0.08080808080808081,-0.18128101840518113,-0.16499184368719408,-1.8633888949243724,Travel Services,Consumer Cyclical,TNL
2019Q2,2019,Q2,2019-07-30,2019-06-30,124000000.0,1039000000.0,198000000.0,1.32,542000000.0,0.5216554379210779,7466000000.0,-565000000.0,5280000000.0,1833000000.0,8026000000.0,1216000000.0,1558000000.0,4200810000.0,9375810000.0,-6.075268817204301,2.8805237315875614,0.7275649611572462,-9.614159292035398,0.0296144193474789,-6.075268817204301,-0.21946902654867256,4.043128007699711,8.469375000000001,-7.435061946902655,0.3387096774193548,0.4087171052631579,0.009998071800438487,0.1391642110902759,1.8794326241134751,0.01660862577015805,50.61216867469879,0.5216554379210779,0.5529411764705884,0.10675381263616544,0.05647763392821391,-1.5199185578065675,0.16559139784946236,0.55,0.4142857142857143,-0.051282051282051384,-0.1161106384935507,-1.8667799983414874,Travel Services,Consumer Cyclical,TNL
2019Q1,2019,Q1,2019-05-01,2019-03-31,80000000.0,918000000.0,140000000.0,0.85,465000000.0,0.5065359477124183,7370000000.0,-589000000.0,5218000000.0,1914000000.0,7954000000.0,1213000000.0,1480000000.0,3890224000.0,8964224000.0,-6.239406779661017,2.7262277951933123,0.7179104477611941,-8.9830220713073,0.021519659936238045,-6.239406779661017,-0.13582342954159593,4.237716775599129,12.15695,-6.604794567062818,0.525,0.3734542456718879,0.010796293478216163,0.12455902306648575,1.7628004179728318,0.010854816824966078,29.471393939393938,0.5065359477124183,-0.2672413793103448,0.2052730696798493,0.04337448676602219,-1.5247332902737254,-0.045174537987679675,-0.2857142857142857,-0.11392405063291139,-0.002471751412429409,-0.1566560869961106,-1.8423571876961709,Travel Services,Consumer Cyclical,TNL
2018Q4,2018,Q4,2019-02-26,2018-12-31,112000000.0,955000000.0,158000000.0,1.16,487000000.0,0.5099476439790576,7158000000.0,-574000000.0,5229000000.0,1647000000.0,7727000000.0,1224000000.0,1442000000.0,3451392000.0000005,8471392000.0,-5.960539979231568,3.1748633879781423,0.7317686504610227,-9.125435540069686,0.028940329146996412,-5.960539979231568,-0.1951219512195122,3.614023036649215,7.704000000000001,-6.012878048780489,0.35714285714285715,0.38235294117647056,0.011589526776442663,0.13341715563006426,2.1068609593199756,0.015646828723107013,67.67435294117648,0.5099476439790576,-0.22147651006711414,0.7445482866043615,0.07053011639880591,-1.4737582608261688,-0.12252252252252252,-0.24324324324324326,-0.19796954314720813,-0.05142764558155295,-0.1307572246283211,-1.7215390501175056,Travel Services,Consumer Cyclical,TNL
2018Q3,2018,Q3,2018-11-01,2018-09-30,148000000.0,1062000000.0,197000000.0,1.49,555000000.0,0.5225988700564972,7132000000.0,-514000000.0,4676000000.0,1773000000.0,7641000000.0,1197000000.0,1384000000.0,4110667999.9999995,9105668000.0,-5.186680121089808,2.637337845459673,0.7233595064498037,-10.036964980544747,0.030500473929168274,-5.186680121089808,-0.28793774319066145,3.87068549905838,6.9436959459459455,-7.997408560311284,0.2702702702702703,0.42355889724310775,0.009730778549860996,0.14890633763320246,1.889452904681331,0.02075154234436343,146.80957142857142,0.5225988700564972,-0.6047745358090186,0.04620730963700036,-0.0162195569515973,-1.4044375570611696,0.06321839080459771,-0.6084656084656085,2.0307692307692307,-0.08035477189441818,-0.1983219822391291,-1.5972850139443975,Travel Services,Consumer Cyclical,TNL
2018Q2,2018,Q2,2018-08-09,2018-06-30,378000000.0,1007000000.0,65000000.0,3.77,522000000.0,0.5183714001986097,7075000000.0,-525000000.0,4665000000.0,1820000000.0,7595000000.0,1243000000.0,1285000000.0,4427000000.0,9346000000.0,-5.25,2.5631868131868134,0.7171731448763251,-9.664761904761905,-0.0065890621568196785,-5.25,-0.72,4.39622641509434,2.9279100529100535,-8.432380952380953,0.1164021164021164,0.3901850362027353,0.009939010616670432,0.1423321554770318,1.793956043956044,0.05342756183745583,27.842767295597483,0.5183714001986097,10.088235294117647,2.8368421052631576,0.08495610534716681,-1.4319012797074955,-0.1674641148325359,10.117647058823529,-0.5911949685534591,1.8290566037735847,-0.14282546494992837,-1.5860694183864916,Travel Services,Consumer Cyclical,TNL
2018Q1,2018,Q1,2018-05-02,2018-03-31,34000000.0,1190000000.0,159000000.0,0.34,627000000.0,0.526890756302521,11099000000.0,645000000.0,3682000000.0,3099000000.0,10449000000.0,337000000.0,2449000000.0,5171166000.0,11141166000.0,6.443556443556443,1.1881252016779607,0.5641048743130012,9.706976744186047,0.015412397412239445,6.443556443556443,0.05271317829457364,4.3455176470588235,38.023279411764705,8.017311627906977,2.0588235294117645,1.6706231454005935,0.013536598902452561,0.10721686638435896,0.3255888996450468,0.003063339039553113,49.2492,0.526890756302521,-0.9229024943310657,0.7234617234617233,0.43748572698263793,-0.49353572417255726,0.7038043478260869,-0.9242761692650334,4.129032258064516,-0.6631237614844172,0.1398268926002683,-0.27941744023074894,Travel Services,Consumer Cyclical,TNL
2017Q4,2017,Q4,2018-02-20,2017-12-31,449000000.0,649000000.0,31000000.0,4.41,368000000.0,0.5670261941448382,10403000000.0,878000000.0,2882000000.0,2539000000.0,9520000000.0,340000000.0,2609000000.0,5283310000.0,11190310000.0,8.693069306930694,1.1350925561244585,0.577429587618956,6.841685649202733,-0.2971677559912854,8.693069306930694,0.5113895216400911,8.140693374422188,2.9417093541202672,6.017437357630979,0.1291759465478842,0.8264705882352941,0.010977966464205203,0.06238585023550899,0.3257187869239858,0.04316062674228588,18.031774744027302,0.5670261941448382,1.2385786802030458,6.724133663366338,-0.18356652849928498,-0.3739188426614682,-0.5710955710955711,1.2118226600985222,-0.907185628742515,5.695758464735364,-0.3631676733879724,-0.15493668888801232,Travel Services,Consumer Cyclical,TNL
2017Q3,2017,Q3,2017-10-25,2017-09-30,203000000.0,1629000000.0,334000000.0,1.97,858000000.0,0.5267034990791897,10261000000.0,624000000.0,2039000000.0,2121000000.0,9631000000.0,317000000.0,2219000000.0,4854180000.0,10466180000.0,6.117647058823529,0.9613389910419613,0.5750901471591463,9.45673076923077,0.033198438054668086,6.117647058823529,0.32532051282051283,2.9798526703499078,5.978054187192119,7.779134615384616,0.29064039408866993,2.4321766561514195,0.012154473052091188,0.15875645648572265,0.5337105139085337,0.019783646818048922,-121.3545,0.5267034990791897,1.6266666666666667,0.7648908620051795,0.780120902115787,-0.572976121141526,0.1171875,1.6025641025641026,1.303448275862069,0.1979821054635446,0.30802704172818407,-0.46122994652406424,Travel Services,Consumer Cyclical,TNL
2017Q2,2017,Q2,2017-08-03,2017-06-30,78000000.0,1479000000.0,145000000.0,0.75,768000000.0,0.5192697768762677,10348000000.0,587000000.0,2258000000.0,2384000000.0,9756000000.0,315000000.0,2077000000.0,4714320000.0,10059320000.0,5.644230769230769,0.9471476510067114,0.5566293003478933,9.812606473594549,0.016053551582147767,5.644230769230769,0.13287904599659284,3.187505070993915,15.11,8.031209540034071,0.782051282051282,2.257142857142857,0.012939299835395138,0.14292616930807886,0.5327181208053692,0.007537688442211055,12.471746031746031,0.5192697768762677,-0.4360902255639098,-0.15624999999999994,0.7979334098737084,-0.5930048919533146,0.1566265060240964,-0.44680851063829785,-0.27860696517412936,-0.3774509803921569,0.3448149951314508,-0.5169694692100353,Travel Services,Consumer Cyclical,TNL
2017Q1,2017,Q1,2017-04-26,2017-03-31,141000000.0,1319000000.0,201000000.0,1.33,664000000.0,0.5034116755117514,10343000000.0,662000000.0,2302000000.0,2349000000.0,9677000000.0,324000000.0,2060000000.0,3995249999.9999995,9486250000.0,6.304761904761905,0.9799914857386122,0.552354249250701,8.629909365558913,0.025846785225718195,6.304761904761905,0.21299093655589124,3.028999241849886,7.0837765957446805,6.03512084592145,0.45390070921985815,2.021604938271605,0.016019022589324826,0.1275258629024461,0.5636441038739889,0.01363240839214928,19.68103448275862,0.5034116755117514,-0.130718954248366,5.126785714285714,0.7703070417356132,-0.5668257703081232,-0.01337295690936107,-0.1402439024390244,-0.20866141732283464,0.9098412698412697,0.34779866682632815,-0.46977035229334835,Travel Services,Consumer Cyclical,TNL
2016Q4,2016,Q4,2017-02-17,2016-12-31,164000000.0,1320000000.0,254000000.0,1.53,673000000.0,0.5098484848484849,9819000000.0,714000000.0,1726000000.0,2032000000.0,9101000000.0,315000000.0,1977000000.0,3689359999.9999995,9016360000.0,6.672897196261682,0.8494094488188977,0.5613606273551278,7.719887955182073,0.029736231573687405,6.672897196261682,0.22969187675070027,2.7949696969696967,5.624024390243902,5.1671708683473385,0.32926829268292684,2.0539682539682538,0.014636684953487867,0.13443324167430493,0.5526574803149606,0.01670231184438334,27.949696969696966,0.5098484848484849,-0.1404494382022472,2.9959946595460614,0.799322173153949,-0.5635112049040298,-0.18719806763285024,-0.16326530612244897,-0.24404761904761904,1.2990654205607477,0.33171704532123725,-0.4696218494653376,Travel Services,Consumer Cyclical,TNL
2016Q3,2016,Q3,2016-10-26,2016-09-30,196000000.0,1573000000.0,336000000.0,1.78,828000000.0,0.5263827082008901,9743000000.0,793000000.0,1843000000.0,1931000000.0,8946000000.0,287000000.0,1866000000.0,3313600000.0,8430600000.0,7.275229357798165,0.9544277576385293,0.5592733244380581,6.871374527112232,0.03454167262434679,7.275229357798165,0.2471626733921816,2.1065479974570884,4.226530612244898,4.178562421185372,0.2755102040816326,2.5958188153310107,0.016296475132786096,0.16144924561223442,0.5893319523562921,0.020117007082007594,97.45882352941176,0.5263827082008901,0.2805755395683454,0.6337614678899084,0.8932010173494412,-0.5218017908681652,0.13424657534246576,0.2564102564102564,0.23985239852398524,0.2596771819653633,0.3247976443812964,-0.4327053298383574,Travel Services,Consumer Cyclical,TNL
2016Q2,2016,Q2,2016-07-27,2016-06-30,156000000.0,1403000000.0,271000000.0,1.39,730000000.0,0.5203136136849608,9942000000.0,778000000.0,2127000000.0,2188000000.0,9161000000.0,286000000.0,1726000000.0,3569759999.9999995,8497760000.0,7.009009009009009,0.9721206581352834,0.5437537718768859,6.948586118251928,0.02790347704411648,7.009009009009009,0.20051413881748073,2.5443763364219527,5.72076923076923,4.588380462724935,0.3525641025641026,2.3531468531468533,0.01540719824301914,0.14111848722591028,0.6023765996343693,0.015691007845503924,8.969246231155777,0.5203136136849608,0.6547619047619047,1.0587956377430061,0.9365319447888256,-0.5522170985063104,0.14960629921259844,0.625,0.38974358974358975,0.4265393212761635,0.3618127305278143,-0.4233904837195513,Travel Services,Consumer Cyclical,TNL
2016Q1,2016,Q1,2016-04-26,2016-03-31,96000000.0,1303000000.0,195000000.0,0.84,635000000.0,0.4873369148119724,10165000000.0,837000000.0,2349000000.0,2256000000.0,9325000000.0,293000000.0,1628000000.0,3899630000.0,9013630000.0,7.407079646017699,1.0412234042553192,0.5343826856861781,6.489844683393071,0.018319768027894586,7.407079646017699,0.11469534050179211,2.992808902532617,10.155286458333332,4.65905615292712,0.625,2.279863481228669,0.01538607508917513,0.12818494835218888,0.6196808510638298,0.009444171175602558,17.888211009174313,0.4873369148119724,-0.30578512396694213,1.0412979351032448,1.0954395032349222,-0.5266254973176719,-0.030534351145038167,-0.3191489361702128,-0.0625,3.310717797443461,0.39430129111373213,-0.4178026898999284,Travel Services,Consumer Cyclical,TNL
2015Q4,2015,Q4,2016-02-12,2015-12-31,141000000.0,1312000000.0,208000000.0,1.21,655000000.0,0.4992378048780488,9716000000.0,950000000.0,1780000000.0,1957000000.0,8763000000.0,295000000.0,1592000000.0,3771999999.9999995,8809000000.0,8.26086956521739,0.9095554420030659,0.5360230547550432,5.482105263157894,0.026458806971960593,8.26086956521739,0.14842105263157895,2.8749999999999996,6.687943262411347,3.9705263157894737,0.3475177304964539,2.227118644067797,0.012990455991516438,0.1350349938246192,0.5477772100153296,0.01451214491560313,34.605504587155956,0.4992378048780488,-0.24844720496894418,1.6849752339020365,1.1064080553106583,-0.5100684145414438,-0.1933497536945813,-0.2578947368421053,-0.35,1.130326086956522,0.44955091010253556,-0.4050461815724263,Travel Services,Consumer Cyclical,TNL
2015Q3,2015,Q3,2015-10-27,2015-09-30,190000000.0,1564000000.0,320000000.0,1.61,812000000.0,0.5191815856777494,9707000000.0,1016000000.0,1843000000.0,1901000000.0,8688000000.0,273000000.0,1501000000.0,3797820000.0,8721820000.0,8.683760683760683,0.9694897422409259,0.5339445760791182,5.1013779527559056,0.033589156006160956,8.683760683760683,0.18700787401574803,2.4282736572890027,4.997131578947369,3.7380118110236222,0.2578947368421053,2.7545787545787546,0.01290213859529941,0.16112084063047286,0.5355076275644398,0.019573503657154632,108.50914285714286,0.5191815856777494,0.2105263157894737,0.8425378040762657,1.2216443962922836,-0.4719939398743934,0.12465373961218837,0.1949685534591195,0.18081180811808117,0.4400903080148364,0.48997668997668997,-0.3938563087077939,Travel Services,Consumer Cyclical,TNL
2015Q2,2015,Q2,2015-07-28,2015-06-30,159000000.0,1398000000.0,271000000.0,1.33,722000000.0,0.5164520743919886,10024000000.0,1066000000.0,2164000000.0,2163000000.0,8955000000.0,285000000.0,1361000000.0,4400620000.0,9236620000.0,8.957983193277311,1.0004623208506704,0.5233439744612929,4.921200750469043,0.027750085010355807,8.957983193277311,0.14915572232645402,3.147796852646638,6.919213836477987,4.128161350844278,0.31446540880503143,2.3719298245614033,0.01136203534956438,0.1394652833200319,0.5552473416551087,0.01586193136472466,10.281822429906542,0.5164520743919886,0.33000000000000007,1.5316231755860237,1.19586900180633,-0.4050048063505845,0.11591962905718702,0.30327868852459017,0.25462962962962965,0.5031512605042017,0.4852480061383639,-0.3540562945258223,Travel Services,Consumer Cyclical,TNL
2015Q1,2015,Q1,2015-04-28,2015-03-31,122000000.0,1262000000.0,216000000.0,1.0,647000000.0,0.5126782884310618,9898000000.0,1082000000.0,2107000000.0,2086000000.0,8814000000.0,292000000.0,1252000000.0,4941640000.0,9973640000.0,8.942148760330578,1.0100671140939597,0.5265710244493838,4.817005545286507,0.021145679868272812,8.942148760330578,0.11275415896487985,3.9157210776545166,10.126311475409837,4.567134935304991,0.4426229508196721,2.106164383561644,0.010927546320654681,0.12750050515255607,0.5647171620325983,0.012325722368155182,25.084467005076142,0.5126782884310618,0.5384615384615384,2.609586776859504,1.107139525772811,-0.4073881421328495,0.028616852146263912,0.5061728395061729,0.4025974025974026,3.6002066115702482,0.46982992437537885,-0.3856217792902285,Travel Services,Consumer Cyclical,TNL
2014Q4,2014,Q4,2015-02-13,2014-12-31,81000000.0,1231000000.0,154000000.0,0.65,629000000.0,0.5109666937449229,9679000000.0,1255000000.0,1778000000.0,1852000000.0,8422000000.0,302000000.0,1183000000.0,4723840000.0,9593840000.0,10.28688524590164,0.9600431965442765,0.5220580638495712,4.026294820717132,0.014908972975066196,10.28688524590164,0.06454183266932272,3.837400487408611,14.579753086419753,3.7640159362549794,0.5308641975308642,1.9933774834437086,0.009102763853136431,0.12718256018183696,0.5831533477321814,0.008368633123256536,-4723.84,0.5109666937449229,-0.6036585365853658,0.6280035930833144,0.9782468173738171,-0.3149730435206869,-0.24580335731414868,-0.6067961165048543,-0.5612535612535613,0.7309718969555035,0.4716922421840455,-0.3271123450261472,Travel Services,Consumer Cyclical,TNL
2014Q3,2014,Q3,2014-10-24,2014-09-30,206000000.0,1514000000.0,351000000.0,1.64,834000000.0,0.5508586525759577,9557000000.0,1408000000.0,1842000000.0,1811000000.0,8146000000.0,306000000.0,1146000000.0,4549560000.0,9160560000.0,11.35483870967742,1.0171176145775815,0.5088416867217747,3.453835227272727,0.03547759527985967,11.35483870967742,0.14630681818181818,3.004993394980185,5.52131067961165,3.2312215909090907,0.2087378640776699,2.2222222222222223,0.009451463438222599,0.15841791357120436,0.5538376587520707,0.021554881238882495,82.71927272727272,0.5508586525759577,0.36666666666666664,1.8593362282878412,1.1511144272288545,-0.2262976288419269,0.17134831460674158,0.3464052287581699,0.31954887218045114,0.5094009216589863,0.6017646119450654,-0.25365053541186033,Travel Services,Consumer Cyclical,TNL
2014Q2,2014,Q2,2014-07-24,2014-06-30,153000000.0,1343000000.0,266000000.0,1.2,712000000.0,0.530156366344006,9857000000.0,1484000000.0,2054000000.0,2167000000.0,8370000000.0,322000000.0,984000000.0,4342130000.0,8808130000.0,11.68503937007874,0.9478541762805722,0.47813736430962767,3.1758760107816713,0.02725050335559235,11.68503937007874,0.10309973045822103,3.233157110945644,7.094983660130718,2.9259636118598378,0.29411764705882354,1.9596273291925466,0.010363577322650405,0.13624835142538297,0.47808029533917856,0.015521964086436035,10.192793427230047,0.530156366344006,0.7391304347826088,2.037262947765332,1.0574888736733996,-0.166684443329046,0.18076285240464346,0.7,0.5555555555555556,0.7648155822627435,0.6201762623708735,-0.2534806523323834,Travel Services,Consumer Cyclical,TNL
2014Q1,2014,Q1,2014-04-24,2014-03-31,90000000.0,1193000000.0,171000000.0,0.69,603000000.0,0.5054484492875104,10022000000.0,1522000000.0,2239000000.0,2135000000.0,8498000000.0,336000000.0,877000000.0,4231680000.0000005,8893680000.0,11.890625,1.048711943793911,0.4854320494911195,3.1964520367936924,0.016171691029282426,11.890625,0.05913272010512484,3.547091366303437,11.754666666666667,2.780341655716163,0.5333333333333333,1.755952380952381,0.011343012704174227,0.11903811614448213,0.5831381733021077,0.008980243464378368,15.73115241635688,0.5054484492875104,0.06153846153846142,1.78125,0.8413048002219755,-0.11032734342160576,-0.01631321370309951,0.046511627906976744,0.030120481927710843,0.6894531249999999,0.69371225052521,-0.2400893516808275,Travel Services,Consumer Cyclical,TNL
2013Q4,2013,Q4,2014-02-14,2013-12-31,86000000.0,1195000000.0,166000000.0,0.65,613000000.0,0.5129707112970712,9741000000.0,1623000000.0,1893000000.0,1743000000.0,8116000000.0,346000000.0,832000000.0,4291830000.0000005,8938830000.0,12.581395348837209,1.0860585197934596,0.4969715634945078,2.9827479975354283,0.01635955262192886,12.581395348837209,0.0529882932840419,3.5914895397489546,12.476250000000002,2.6443807763401113,0.43023255813953487,1.6820809248554913,0.00862103112192235,0.12267734318858434,0.6465863453815262,0.008828662354994354,66.02815384615386,0.5129707112970712,-0.5357142857142857,1.087512291052114,0.8100051906500225,-0.04377097690306442,-0.21005154639175258,-0.5401069518716578,-0.48606811145510836,0.4599156118143459,0.7103488785750333,-0.2538287983034498,Travel Services,Consumer Cyclical,TNL
2013Q3,2013,Q3,2013-10-23,2013-09-30,187000000.0,1427000000.0,323000000.0,1.4,776000000.0,0.5437981779957953,9666000000.0,1680000000.0,1864000000.0,1680000000.0,7984000000.0,327000000.0,785000000.0,3606430000.0,8168430000.0,12.82442748091603,1.1095238095238096,0.499793089178564,2.8755952380952383,0.03134041352057018,12.82442748091603,0.1113095238095238,2.527281009110021,4.821430481283422,2.146684523809524,0.20855614973262032,1.9908256880733946,0.010814018295100694,0.14763087109455825,0.5988095238095238,0.019346161804262362,70.7143137254902,0.5437981779957953,0.4285714285714285,0.7893774862917967,0.5815473892631657,-0.39175377255447547,0.1883614088820827,0.40601503759398494,0.34024896265560167,0.6196418085731064,0.810407483066337,-0.22022546749497174,Travel Services,Consumer Cyclical,TNL
2013Q2,2013,Q2,2013-07-24,2013-06-30,133000000.0,1253000000.0,241000000.0,0.98,653000000.0,0.5211492418196328,9849000000.0,1641000000.0,2095000000.0,1978000000.0,8207000000.0,330000000.0,637000000.0,3497850000.0,7944850000.0,12.155555555555555,1.0591506572295248,0.48624225809726873,2.918342474101158,0.02362518703058088,12.155555555555555,0.08104814137720902,2.7915802075019953,6.574906015037594,2.131535648994516,0.2932330827067669,1.8181818181818181,0.011149706248123847,0.12722103766879886,0.5586450960566228,0.013503909026297086,8.308432304038005,0.5211492418196328,4.157894736842105,0.7912457894179895,0.46094632871351915,-0.40611489232550346,0.13763066202090593,3.925925925925926,0.3314917127071823,0.8666666666666666,0.7348563516787817,-0.19261992619926202,Travel Services,Consumer Cyclical,TNL
2013Q1,2013,Q1,2013-04-24,2013-03-31,27000000.0,1133000000.0,181000000.0,0.19,574000000.0,0.5066195939982348,9892000000.0,1743000000.0,2141000000.0,2089000000.0,8148000000.0,365000000.0,544000000.0,3975740000.0,8713740000.0,12.722627737226277,1.0248922929631403,0.5009098261221189,2.842799770510614,0.017795628837148327,12.722627737226277,0.01549053356282272,3.509037952338923,36.812407407407406,2.2809753298909925,1.5185185185185186,1.5315068493150685,0.010312545588997269,0.11453699959563284,0.5500239348970799,0.0027294783663566516,17.063261802575106,0.5066195939982348,-0.6666666666666666,-0.1788321167883211,0.430101555061885,-0.37052308339988727,0.0,-0.6625,0.16025641025641027,-0.2944525547445255,0.6708161012341202,-0.15684917994687023,Travel Services,Consumer Cyclical,TNL
2012Q4,2012,Q4,2013-02-15,2012-12-31,80000000.0,1094000000.0,156000000.0,0.57,574000000.0,0.5246800731261426,9463000000.0,1930000000.0,1830000000.0,1931000000.0,7532000000.0,379000000.0,558000000.0,3338780000.0,7705780000.0,13.884892086330936,0.9476954945624029,0.48208813272746487,2.3637305699481863,0.015757098269749404,13.884892086330936,0.04145077720207254,3.0519012797074954,10.4336875,1.7299378238341967,0.4,1.3720316622691293,0.009584339189763926,0.11560815808940082,0.5271879854997411,0.0084539786537039,30.0790990990991,0.5246800731261426,-0.48648648648648657,-0.04076738609112711,0.3346299704422509,-0.30891464302960364,-0.18233618233618235,-0.4968553459119497,-0.4583333333333333,0.41125455799743754,0.5430669703010866,-0.07537362966769438,Travel Services,Consumer Cyclical,TNL
2012Q3,2012,Q3,2012-10-24,2012-09-30,159000000.0,1265000000.0,288000000.0,1.11,702000000.0,0.5549407114624506,9355000000.0,2020000000.0,1829000000.0,1608000000.0,7336000000.0,372000000.0,510000000.0,3365670000.0,7584670000.0,14.326241134751774,1.1374378109452736,0.4757883484767504,2.2034653465346534,0.027642559109874825,14.326241134751774,0.07871287128712871,2.660608695652174,5.291933962264151,1.6661732673267327,0.20125786163522014,1.5134408602150538,0.009507765170085005,0.13522180652057722,0.5771144278606966,0.01699625868519508,29.014396551724136,0.5549407114624506,0.26136363636363646,0.7348608837970539,0.32803751399776043,-0.24333233443212463,0.12680577849117175,0.2421875,0.24675324675324675,0.9408756137479539,0.5806318758027589,-0.023830543159281545,Travel Services,Consumer Cyclical,TNL
2012Q2,2012,Q2,2012-07-25,2012-06-30,128000000.0,1139000000.0,231000000.0,0.88,623000000.0,0.5469710272168569,9114000000.0,1997000000.0,1935000000.0,1702000000.0,7118000000.0,363000000.0,384000000.0,3428640000.0,7262640000.0,13.868055555555555,1.13689776733255,0.4520517884573184,2.0630946419629446,0.02346476713789836,13.868055555555555,0.06409614421632448,3.0102194907813873,6.6965625,1.7168953430145217,0.2578125,1.421487603305785,0.009624807503849923,0.1249725696730305,0.5722679200940071,0.014044327408382708,9.167486631016043,0.5469710272168569,3.1904761904761907,0.6771488425925926,0.30245854434974745,-0.23880312757786196,0.14732965009208104,3.0,0.29775280898876405,1.2410015649452266,0.5389568236714976,-0.011003209384683516,Travel Services,Consumer Cyclical,TNL
2012Q1,2012,Q1,2012-04-25,2012-03-31,32000000.0,1036000000.0,178000000.0,0.21,543000000.0,0.5241312741312741,9372000000.0,2125000000.0,2115000000.0,1765000000.0,7248000000.0,362000000.0,290000000.0,3066000000.0,7107000000.0,14.554794520547945,1.198300283286119,0.4566794707639778,2.0141176470588236,0.019579873678234334,14.554794520547945,0.015058823529411765,2.9594594594594597,23.953125,1.4428235294117646,1.15625,1.361878453038674,0.012067840834964124,0.11054204011950491,0.63342776203966,0.0034144259496372174,15.723076923076922,0.5241312741312741,-0.4473684210526316,-0.5235259076138897,0.31089228431425625,-0.20342102986349492,0.05232558139534884,-0.42857142857142855,0.78,-0.13302891933028926,0.4018518236966536,0.08900942608555451,Travel Services,Consumer Cyclical,TNL
2011Q4,2011,Q4,2012-02-17,2011-12-31,56000000.0,1001000000.0,100000000.0,0.38,516000000.0,0.5154845154845155,9023000000.0,2232000000.0,1730000000.0,1563000000.0,6791000000.0,351000000.0,293000000.0,2493679999.9999995,6366680000.0,15.287671232876713,1.106845809341011,0.44497395544719054,1.7988351254480286,0.013379556515485643,15.287671232876713,0.025089605734767026,2.4911888111888105,11.1325,1.1172401433691754,0.4107142857142857,1.3817663817663817,0.009223316544223798,0.11093871217998448,0.5425463851567498,0.0062063615205585725,43.74877192982456,0.5154845154845155,-0.6481481481481481,-0.22893171070849908,0.3214480901143906,-0.19692895667938112,-0.22522522522522523,-0.68,-0.647887323943662,1.0503495373176546,0.3396237763709906,0.1619152346080508,Travel Services,Consumer Cyclical,TNL
2011Q3,2011,Q3,2011-10-26,2011-09-30,175000000.0,1212000000.0,284000000.0,1.08,666000000.0,0.5495049504950495,9022000000.0,2419000000.0,1674000000.0,1536000000.0,6603000000.0,337000000.0,260000000.0,2046329999.9999998,5700330000.0,15.213836477987421,1.08984375,0.42440700509864776,1.5828854898718479,0.02935256625293526,15.213836477987421,0.07234394377842084,1.6883910891089107,2.9233285714285713,0.8459404712691194,0.13142857142857142,1.6201780415430267,0.011239633881143315,0.13433828419419197,0.5436197916666666,0.019397029483484814,19.124579439252333,0.5495049504950495,0.6119402985074627,1.392671588733935,0.45609197887945785,-0.15759487940268982,0.18716577540106952,0.5350877192982456,0.23478260869565218,0.37966161750376476,0.10671304133706791,-0.2784271534554327,Travel Services,Consumer Cyclical,TNL
2011Q2,2011,Q2,2011-08-01,2011-06-30,114000000.0,1090000000.0,230000000.0,0.67,561000000.0,0.5146788990825688,9329000000.0,2614000000.0,1903000000.0,1750000000.0,6715000000.0,344000000.0,109000000.0,2536730000.0,5972730000.0,15.652694610778443,1.0874285714285714,0.400042877050059,1.4276970160673297,0.021080288402786262,15.652694610778443,0.04361132364192808,2.3272752293577983,5.563004385964912,0.9704399387911247,0.22807017543859648,1.5377906976744187,0.010249415586207442,0.11683996141065495,0.5617142857142857,0.012219959266802444,6.157111650485437,0.5146788990825688,0.6341463414634149,0.8449587338922155,0.38537132814998265,-0.38271527104312775,0.15432098765432098,0.5833333333333334,0.5131578947368421,0.24115405425882946,0.027370250417892057,-0.23525484443452,Travel Services,Consumer Cyclical,TNL
2011Q1,2011,Q1,2011-04-29,2011-03-31,72000000.0,952000000.0,152000000.0,0.41,486000000.0,0.5105042016806722,9457000000.0,2707000000.0,1993000000.0,1775000000.0,6750000000.0,345000000.0,21000000.0,2484280000.0,6095280000.0,15.647398843930636,1.1228169014084508,0.4002326319128688,1.398226819357222,0.014532474982471795,15.647398843930636,0.026597709641669746,2.60953781512605,8.625972222222222,0.9177244181751015,0.375,1.3507246376811595,0.010868340122691484,0.10066617320503331,0.615774647887324,0.007613408057523528,13.214255319148936,0.5105042016806722,-0.06818181818181825,1.9905862923203965,0.272622417115142,-0.3781835576932957,0.0611353711790393,-0.08860759493670886,0.10948905109489052,0.7341040462427747,-0.048413260526856856,-0.22581430656266283,Travel Services,Consumer Cyclical,TNL
2010Q4,2010,Q4,2011-02-22,2010-12-31,79000000.0,937000000.0,137000000.0,0.44,458000000.0,0.4887940234791889,9416000000.0,2917000000.0,1752000000.0,1575000000.0,6499000000.0,348000000.0,-25000000.0,2340690000.0,5928690000.0,16.86127167630058,1.1123809523809525,0.3976210705182668,1.2835104559478916,0.01532859534377806,16.86127167630058,0.027082619129242372,2.498068303094984,7.407246835443038,0.8024305793623585,0.26582278481012656,1.3764367816091954,0.008971713469105264,0.09951146983857265,0.5561904761904762,0.008389974511469838,58.51725,0.4887940234791889,-0.47619047619047616,0.00964238074064662,0.5030847119792705,-0.3259511501546441,-0.2048611111111111,-0.4935897435897436,-0.5089605734767025,-0.23892100192678226,-0.08155778106376296,-0.16077288300551731,Travel Services,Consumer Cyclical,TNL
2010Q3,2010,Q3,2010-10-28,2010-09-30,156000000.0,1065000000.0,279000000.0,0.84,576000000.0,0.5408450704225352,9213000000.0,2911000000.0,1602000000.0,1521000000.0,6302000000.0,336000000.0,-82000000.0,780570000.0,2611570000.0,16.44632768361582,1.0532544378698225,0.217193096711169,0.6873926485743731,0.037705315683692564,16.44632768361582,0.05358983167296462,0.7329295774647887,1.2509134615384616,0.26814496736516663,0.1346153846153846,1.4553571428571428,0.026903416733925208,0.11559752523607945,0.5285996055226825,0.016932595245848257,-11.826818181818181,0.5408450704225352,0.6470588235294117,0.46892655610029405,0.2799768787992563,0.0,0.1566265060240964,0.6421052631578947,0.622093023255814,0.35593220338983045,-0.10933318465655666,-0.13135593220338979,Travel Services,Consumer Cyclical,TNL
2010Q2,2010,Q2,2010-07-30,2010-06-30,95000000.0,963000000.0,172000000.0,0.51,498000000.0,0.5171339563862928,9219000000.0,2710000000.0,1728000000.0,1852000000.0,6509000000.0,343000000.0,-215000000.0,568800000.0,2121800000.0,15.055555555555555,0.9330453563714903,0.19438116932422173,0.6612546125461255,0.02574112057367726,15.055555555555555,0.03505535055350553,0.5906542056074766,1.496842105263158,0.20988929889298893,0.23157894736842105,1.3556851311953353,0.03867791842475386,0.10445818418483567,0.474622030237581,0.010304805293415771,1.7501538461538462,0.5171339563862928,0.8888888888888888,0.19949494787765293,0.24816503973471743,0.0,0.11910112359550562,0.9,0.3230769230769231,-0.00419287471064807,-0.11903945340909101,-0.17362302483164985,Travel Services,Consumer Cyclical,TNL
2010Q1,2010,Q1,2010-04-30,2010-03-31,50000000.0,886000000.0,130000000.0,0.27,445000000.0,0.5022573363431151,9585000000.0,2701000000.0,1876000000.0,1909000000.0,6884000000.0,330000000.0,-287000000.0,945120000.0,2864120000.0,15.089385474860336,0.9827134625458355,0.21721439749608765,0.7708256201406887,0.01657292341269639,15.089385474860336,0.018511662347278787,1.066726862302483,4.725600000000001,0.3499148463532025,0.44,1.3363636363636364,0.023277467411545624,0.09243609806990088,0.5243583027763227,0.005216484089723527,5.5924260355029585,0.5022573363431151,-0.30769230769230765,-0.564454871078642,0.26203994840659156,0.0,-0.07484407484407485,-0.3150684931506849,-0.12751677852348994,-0.3927617188515006,-0.08559035434009755,-0.1741630481565554,Travel Services,Consumer Cyclical,TNL
2009Q4,2009,Q4,2010-02-19,2009-12-31,73000000.0,913000000.0,149000000.0,0.39,481000000.0,0.5268346111719606,9352000000.0,2688000000.0,1740000000.0,1885000000.0,6664000000.0,354000000.0,-315000000.0,784020000.0,2644020000.0,15.016759776536313,0.9230769230769231,0.21546193327630453,0.7496279761904762,0.01959982268800657,15.016759776536313,0.027157738095238096,0.8587294633077766,2.685,0.29167410714285713,0.0958904109589041,1.2203389830508475,0.008928343664702432,0.09762617621899058,0.449867374005305,0.007805816937553465,8.34063829787234,0.5268346111719606,-0.31578947368421045,-0.09831174412179997,0.41549296859949914,-0.3996876481146223,-0.11090573012939002,-0.2980769230769231,-0.2766990291262136,-0.1801630260106926,-0.016925044139837534,-0.2111601069034205,Travel Services,Consumer Cyclical,TNL
2009Q3,2009,Q3,2009-11-05,2009-09-30,104000000.0,1016000000.0,206000000.0,0.57,541000000.0,0.53248031496063,9342000000.0,2627000000.0,1699000000.0,1822000000.0,6715000000.0,360000000.0,-380000000.0,1648590000.0000002,3467590000.0,14.675977653631286,0.9324917672886938,0.21290944123314065,0.7571374191092501,0.026521416192126765,14.675977653631286,0.0395888846593072,1.6226279527559058,3.9629567307692306,0.6275561476969927,0.0673076923076923,1.3194444444444444,0.004246052687448061,0.10875615499892957,0.46048298572996704,0.011132519803040034,18.733977272727277,0.53248031496063,0.46153846153846134,-0.031657354079135676,0.20744250566909464,0.0,0.1812227074235808,0.4647887323943662,0.36423841059602646,0.26305562302647567,0.08423641903176396,-0.18737665262285236,Travel Services,Consumer Cyclical,TNL
2009Q2,2009,Q2,2009-08-07,2009-06-30,71000000.0,920000000.0,151000000.0,0.39,458000000.0,0.49782608695652175,9379000000.0,2510000000.0,1802000000.0,2018000000.0,6869000000.0,391000000.0,-477000000.0,1158130000.0,2912130000.0,14.022346368715084,0.8929633300297324,0.20556562533319117,0.7681274900398406,0.01902147878202922,14.022346368715084,0.028286852589641434,1.2588369565217392,4.077922535211267,0.461406374501992,0.11267605633802817,1.1815856777493605,0.0069076873926070485,0.09809148096812027,0.4271555996035679,0.007570103422539717,5.386651162790698,0.49782608695652175,0.56,-0.09852717236833844,0.19909344390533096,0.0,0.024608501118568233,0.5777777777777777,0.6966292134831461,0.07202174398510242,0.09091512919360034,-0.44701021180140427,Travel Services,Consumer Cyclical,TNL
2009Q1,2009,Q1,2009-05-07,2009-03-31,45000000.0,901000000.0,89000000.0,0.25,447000000.0,0.4961154273029967,9444000000.0,2379000000.0,1924000000.0,2194000000.0,7065000000.0,392000000.0,-540000000.0,304380000.0,2082380000.0,13.365168539325843,0.8769371011850501,0.20256247352816603,0.8041193778898696,0.012609883882018086,13.365168539325843,0.018915510718789406,0.33782463928967815,1.6909999999999998,0.12794451450189154,0.15555555555555556,1.1581632653061225,0.022997568828438137,0.09540448962304109,0.4448495897903373,0.004764930114358323,1.9387261146496815,0.4961154273029967,1.0328170984959268,-0.6058071894987035,0.2906164610486891,0.0,-0.07453416149068323,1.0331858407079646,1.0669676448457486,0.8166131621187801,0.17061345731628574,-0.46887775822390687,Travel Services,Consumer Cyclical,TNL
2008Q4,2008,Q4,2009-02-27,2008-12-31,-1356000000.0,911000000.0,-1329000000.0,-7.61798,483000000.0,0.5301866081229418,9573000000.0,2342000000.0,1914000000.0,2169000000.0,7231000000.0,414000000.0,-578000000.0,619440000.0,2467440000.0,13.157303370786517,0.8824343015214384,0.2072495560430377,0.8471391972672929,-0.30995517138894396,13.157303370786517,-0.5789923142613151,0.6799560922063667,-0.11420353982300885,0.2644918872758326,-0.005162241887905605,1.0338164251207729,0.011300529510525636,0.09516348062258435,0.4103273397879207,-0.1416483860858665,14.078181818181818,0.5301866081229418,-10.522475,-17.843264600567974,0.42032700503680753,-0.47402156999756667,-0.27586206896551724,-10.549295774647888,-6.491735537190083,-17.843264600567974,0.42032700503680753,-0.47402156999756667,Travel Services,Consumer Cyclical,TNL
2008Q3,2008,Q3,2008-11-10,2008-09-30,142000000.0,1226000000.0,242000000.0,0.8,667000000.0,0.5440456769983687,10997000000.0,3753000000.0,1990000000.0,2307000000.0,7244000000.0,495000000.0,785000000.0,2632620000.0,6217620000.0,21.084269662921347,0.8625921109666234,0.3467309266163499,1.0159872102318146,0.0199206051077999,21.084269662921347,0.03783639754862776,2.147324632952692,4.634894366197183,0.7014708233413269,0.04929577464788732,1.1292929292929292,0.002658948120123679,0.11148495044102937,0.40788903337667964,0.012912612530690188,-11.25051282051282,0.5440456769983687,0.45454545454545453,0.3295880171789394,0.46519777735504686,0.0,0.1362862010221465,0.4489795918367347,0.4152046783625731,0.3295880171789394,0.46519777735504686,0.0,Travel Services,Consumer Cyclical,TNL
2008Q2,2008,Q2,2008-08-08,2008-06-30,98000000.0,1132000000.0,171000000.0,0.55,587000000.0,0.5185512367491166,10939000000.0,3647000000.0,2310000000.0,2463000000.0,7292000000.0,618000000.0,651000000.0,3027309087.8199997,6481309087.82,20.46785716374271,0.9378806333739342,0.33769083097175245,1.0128873046339457,0.014267470371883941,20.46785716374271,0.026871401151631478,2.6743013143286216,7.722727264846939,0.8300820092733754,0.07142857142857142,0.8818770226537217,0.002312284539482151,0.10348295090958955,0.4100690215184734,0.008958771368498035,47.301704497187494,0.5185512367491166,1.291666666666667,0.2499999995901168,0.48218110725119595,0.0,0.1487279843444227,1.3333333333333333,1.011764705882353,0.2499999995901168,0.48218110725119595,0.0,Travel Services,Consumer Cyclical,TNL
2008Q1,2008,Q1,2008-05-08,2008-03-31,42000000.0,1012000000.0,85000000.0,0.24,511000000.0,0.5049407114624506,10822000000.0,3537000000.0,2281000000.0,2461000000.0,7285000000.0,588000000.0,560000000.0,4047750000.0,7489750000.0,20.21142857142857,0.9268590004063388,0.3392164110145999,1.0378852134577325,0.007075471698113208,20.21142857142857,0.011874469889737066,3.9997529644268774,24.09375,1.1444020356234097,0.16666666666666666,0.8520408163265306,0.001729355814958928,0.09351321382369247,0.45306785859406745,0.0038809831824062097,84.328125,0.5049407114624506,-0.6,-0.6257796252307692,0.47446638228930815,0.0,-0.04127579737335835,-0.6,-0.5526315789473685,-0.6257796252307692,0.47446638228930815,0.0,Travel Services,Consumer Cyclical,TNL
2007Q4,2007,Q4,2008-02-29,2007-12-31,105000000.0,1032000000.0,190000000.0,0.6,533000000.0,0.5164728682170543,10459000000.0,3516000000.0,2056000000.0,2180000000.0,6943000000.0,586000000.0,525000000.0,5001500000.0,8398500000.0,20.091428571428573,0.9431192660550459,0.34487044650540205,1.025881683731513,0.01618951552367605,20.091428571428573,0.029863481228668942,4.846414728682171,11.908333333333333,1.4224971558589306,0.06666666666666667,0.8515358361774744,0.0013995801259622115,0.09867100105172578,0.48256880733944957,0.010039200688402333,-45.46818181818182,0.5164728682170543,-0.07692307692307698,0.3265934065934065,0.63655881773399,-0.19682188981294882,-0.17492260061919504,-0.10256410256410256,-0.03553299492385787,0.3265934065934065,0.63655881773399,-0.19682188981294882,Travel Services,Consumer Cyclical,TNL
2007Q3,2007,Q3,2007-11-08,2007-09-30,117000000.0,1216000000.0,197000000.0,0.65,646000000.0,0.53125,10200000000.0,3408000000.0,2010000000.0,2257000000.0,6792000000.0,554000000.0,427000000.0,4951800000.0,8190800000.0,18.933333333333334,0.8905626938413823,0.34019607843137256,1.0181924882629108,0.01773079106606295,18.933333333333334,0.03433098591549296,4.072203947368421,10.580769230769231,1.4529929577464789,0.0,1.0288808664259927,0.0,0.1192156862745098,0.4288879042977404,0.011470588235294118,-75.02727272727273,0.53125,0.25,0.0833333351239669,0.4370995491795594,0.0,0.1766848816029144,0.21875,0.1588235294117647,0.0833333351239669,0.4370995491795594,0.0,Travel Services,Consumer Cyclical,TNL
2007Q2,2007,Q2,2007-08-09,2007-06-30,96000000.0,1100000000.0,170000000.0,0.52,549000000.0,0.4990909090909091,9994000000.0,3300000000.0,2166000000.0,2183000000.0,6694000000.0,614000000.0,318000000.0,5193056590.25,8358056590.25,18.21875004744466,0.9922125515345854,0.34180508304982987,1.0351515151515152,0.015779336803756098,18.21875004744466,0.02909090909090909,4.720960536590909,13.52358487044271,1.5736535121969697,0.0,0.8973941368078175,0.0,0.11006603962377426,0.45350435180943655,0.009605763458074845,99.86647288942308,0.4990909090909091,0.15555555555555556,0.20454545605818533,0.4168228583729379,0.0,0.06601941747572816,0.11627906976744186,0.1038961038961039,0.20454545605818533,0.4168228583729379,0.0,Travel Services,Consumer Cyclical,TNL
2007Q1,2007,Q1,2007-05-10,2007-03-31,86000000.0,1012000000.0,154000000.0,0.45,515000000.0,0.508893280632411,9774000000.0,3416000000.0,2074000000.0,2145000000.0,6358000000.0,543000000.0,222000000.0,4896391311.18,7854391311.18,18.27162788148145,0.9668997668997669,0.32044198895027626,0.9168618266978923,0.014551095836830839,18.27162788148145,0.025175644028103045,4.838331335158103,14.233695672034886,1.4333698217740047,0.0,0.9152854511970534,0.0,0.10354000409249028,0.47878787878787876,0.008798854102721507,-81.606521853,0.508893280632411,-0.08163265306122446,-0.2827442826931296,0.3801691117287095,0.0,0.027944111776447105,-0.07526881720430108,-0.043478260869565216,-0.2827442826931296,0.3801691117287095,0.0,Travel Services,Consumer Cyclical,TNL
