Quarters,Year,Quarter,FillingDate,Date,NetIncome,Revenue,OperatingIncome,EPSDiluted,GrossProfit,GrossProfitRatio,TotalAssets,CommonStockEquity,CurrentAssets,CurrentLiability,TotalLiability,Inventory,RetainedEarnings,MarketCap,EnterpriseValue,bookValuePerShare,currentRatio,debtToAssets,debtToEquity,roic,shareholdersEquityPerShare,roe,priceToSalesRatio,peRatio,pbRatio,payoutRatio,inventoryTurnover,dividendYield,assetTurnover,quickRatio,returnOnAssets,priceToFreeCashFlowsRatio,grossProfitMargin,epsdilutedGrowth,fiveYNetIncomeGrowthPerShare,fiveYRevenueGrowthPerShare,fiveYShareholdersEquityGrowthPerShare,grossProfitGrowth,netIncomeGrowth,operatingIncomeGrowth,threeYNetIncomeGrowthPerShare,threeYRevenueGrowthPerShare,threeYShareholdersEquityGrowthPerShare,Industry,Sector,Symbol
2023Q1,2023,Q1,2023-05-12,2023-03-31,-5541000.0,15534000.0,-7104000.0,-2.72,5229000.0,0.3366164542,786283000.0,293550000.0,52507000.0,18130000.0,470127000.0,8349000.0,-411113000.0,17371257.599999998,457865257.6,143.97610452797613,2.8961389961389963,0.5713553516990701,1.5303934593765969,-0.0041978556435009525,143.97610452797613,-0.018875830352580482,1.1182733101583622,-0.7837600433134813,0.05917648645886561,0.0,1.2342795544376572,0.0,0.01975624552483012,2.100165471594043,-0.007047081012815997,-5.695494295081967,0.3366164542294322,0.662111801242236,-41.12541082820206,50.05728715354699,30.472145960882994,-0.1872862915760025,0.6271197846567967,-0.3258678611422172,-39.859414391997994,43.48998260922166,34.73404609911455,REIT—Office,Real Estate,NYC
2022Q4,2022,Q4,2023-03-16,2022-12-31,-14860000.0,16196000.0,-5358000.0,-8.05,6434000.0,0.3972585824,790455000.0,301062000.0,50857000.0,16998000.0,468879000.0,6902000.0,-399355000.0,26123274.240000002,465783274.24,163.18926489974328,2.9919402282621483,0.5678691386606448,1.4909719592642048,-0.009788241757337683,163.18926489974328,-0.04935860387561366,1.61294605087676,-0.4394898088829071,0.08677041353608228,0.0,1.4143726456099681,0.0,0.0204894649284273,2.255030003529827,-0.018799299137838333,-5.787167532122287,0.3972585823660163,0.12117903930130998,-115.63423492489244,59.45098638825922,33.58973329886456,0.2098533283189169,0.061216754059005625,0.152081025478715,-122.39100476820497,47.98760762700943,38.64878314032645,REIT—Office,Real Estate,NYC
2022Q3,2022,Q3,2022-11-14,2022-09-30,-15829000.0,15932000.0,-6319000.0,-9.16,5318000.0,0.3337936229,802191000.0,309571000.0,55517000.0,22394000.0,474198000.0,13253000.0,-389246000.0,44665473.6,485791473.6,179.0939174100686,2.4791015450567118,0.5590987682484595,1.4487920380138966,-0.011112478884671621,179.0939174100686,-0.05113205048276486,2.8035070047702737,-0.7054373870743572,0.14428184035326308,0.0,0.8008752735229759,0.0,0.01986060676322721,1.6178887201929089,-0.019732208414205595,-23.632525714285716,0.33379362289731357,0.036803364879074624,-158.02149848916923,63.984499517188155,35.84717958521329,-0.13892487046632124,0.009201301952929394,0.03820395738203958,-193.33756427965224,49.45596902383192,41.84001626616487,REIT—Office,Real Estate,NYC
2022Q2,2022,Q2,2022-08-12,2022-06-30,-15976000.0,16231000.0,-6570000.0,-9.51,6176000.0,0.3805064383,805941000.0,318813000.0,57790000.0,19094000.0,470798000.0,12444000.0,-375837000.0,70526862.0,510561862.0,189.85880869051002,3.0266052162983135,0.5560357395888781,1.4056264957827942,-0.011331474905358681,189.85880869051002,-0.0501108800456694,4.345195120448524,-1.1036376752628942,0.22121702063592136,-0.08393840761141713,0.8080199292831887,0.019014031845057844,0.020139191330382746,1.8944170943751963,-0.019822790998348515,-50.05455074520937,0.3805064382970858,0.0010504201680672045,-180.08123962094396,66.82093437828537,36.92566337912999,0.20015546055188496,-0.009860935524652338,-0.028169014084507043,-165.63078888750672,58.694734676681435,43.854457033175535,REIT—Office,Real Estate,NYC
2022Q1,2022,Q1,2022-05-13,2022-03-31,-15820000.0,15646000.0,-6390000.0,-9.52,5146000.0,0.3289019558,810182000.0,329360000.0,56205000.0,14926000.0,466583000.0,12989000.0,-363183000.0,175555353.6,612972353.6,198.11652158012,3.7655768457724776,0.5526647099046881,1.3594820257469031,-0.010942843282874287,198.11652158012,-0.048032547971824144,11.220462329029784,-2.774262857142857,0.5330196550886568,-0.08400758533501897,0.8083763184232813,0.0075702618732329,0.019311710208323563,2.5114565188262095,-0.019526476766948662,99.07186997742663,0.32890195577144316,-270.99999999999994,-201.9182519161039,65.04449887581394,0.0,-0.6770225318521308,-3.265300620113238,0.2520191970033946,-210.86011205725856,55.330135895311834,45.051859125522725,REIT—Office,Real Estate,NYC
2021Q4,2021,Q4,2022-03-18,2021-12-31,-3709000.0,24208000.0,-8543000.0,-0.035,15933000.0,0.6581708526,823051000.0,351136000.0,864328000.0,403237000.0,471915000.0,0.0,-345274000.0,8999023095.68,9385466095.68,3.311962127790035,2.1434739371635043,0.48370878596830574,1.1337971612138886,-0.01133175337884836,3.311962127790035,-0.010562858835323066,371.7375700462657,-606.5666686222701,25.628312379476895,0.0,0.0,0.0,0.029412515141832036,2.2075503984009406,-0.004506403612898836,0.0,0.6581708526107072,0.6700111539153915,0.36130646951735196,0.5917150608274299,-0.3742865291218622,0.005363452801615346,0.6661566156615661,-0.3534537389100127,0.3045779440206462,0.4355145993047234,-0.2381789002273438,REIT—Office,Real Estate,NYC
2021Q3,2021,Q3,2021-11-12,2021-09-30,-11110000.0,15848000.0,-6312000.0,-0.10606419100306824,15848000.0,1.0,832143000.0,353618000.0,884256000.0,402515000.0,478525000.0,0.0,0.0,6762523649.280001,7137085649.280001,3.375896228093878,2.1968274474243197,0.4779599179467952,1.1247476090018043,-0.008390316743523824,3.375896228093878,-0.03141808392106737,426.7114872084806,-152.17199930873088,19.12381057887325,-0.11782178217821782,0.0,0.00019356679072602846,0.01904480359745861,2.2584822925853696,-0.013351070669344092,33477.8398479208,1.0,0.017307170630079256,-1.477560259347623,0.07167469175244798,0.0,1.3817252780282536,-0.005247918928700687,0.0012658227848101266,-0.8456028598618524,-0.019078269565512427,-0.2324512036177863,REIT—Office,Real Estate,NYC
2021Q2,2021,Q2,2021-08-12,2021-06-30,-11052000.0,14977000.0,-6320000.0,-0.10793219186413935,6654000.0,0.44428123122120583,841442000.0,354092000.0,69088000.0,6717000.0,479387000.0,0.0,-333111000.0,10731270995.199999,11159536995.199999,3.458009924136521,10.28554414172994,0.5373406604376773,1.2769026128802683,-0.007340054748446336,3.458009924136521,-0.0312122273307502,716.516725325499,-242.74500079623596,30.30644859302102,-0.11599710459645313,0.0,0.00011946394798653644,0.017799206600098403,6.997320232246539,-0.013134595135493593,-1245.9388128642747,0.44428123122120583,0.1847055330961913,-0.7208406507894115,0.48483007273191303,0.0,0.03162790697674418,0.18345031400073883,0.2842582106455266,-0.687103845260074,-0.017702242618194152,-0.23341138049192464,REIT—Office,Real Estate,NYC
2021Q1,2021,Q1,2021-05-13,2021-03-31,-13535000.0,15186000.0,-8830000.0,-0.13238430560436218,6450000.0,0.42473330699328327,851168000.0,363132000.0,72185000.0,8479000.0,481935000.0,0.0,-320737000.0,7034126860.799999,7456497860.799999,3.5517530596766345,8.513386012501474,0.5307612598217978,1.244084795611513,-0.010152844578691445,3.5517530596766345,-0.03727294757829109,463.1981338601343,-129.92476654599187,19.37071605036185,-0.09456963428149243,0.0,0.00018196999077927124,0.017841366216775068,6.14294138459724,-0.01590167863453513,3346.3971745004756,0.42473330699328327,0.1851394453895421,-1.8229377061117837,0.042329718193483794,0.0,4.8108108108108105,0.18463855421686748,0.2869256238391343,-1.0520321782276725,-0.004622687524602121,-0.22361220233295392,REIT—Office,Real Estate,NYC
2020Q4,2020,Q4,2021-03-29,2020-12-31,-16600000.0,9860000.0,-12383000.0,-0.16246252792006624,1110000.0,0.11257606490872211,861846000.0,377558000.0,74997000.0,6916000.0,480279000.0,0.0,-305882000.0,6629270231.04,7391419231.04,3.695122115448456,10.843984962406015,0.9202897037289725,2.100731543233093,-0.01010423279473467,3.695122115448456,-0.04396675477674953,672.3397800243407,-99.8384070939759,17.558283048008516,0.0,0.0,0.0,0.011440558986176184,7.670474262579526,-0.01926098166029662,-813.207830107949,0.11257606490872211,-0.3509114583333333,-1.9660528548664324,-0.3273046216718715,-0.3018979097690946,-0.872369782683684,-0.3509114583333333,-0.7155721806594625,-1.3524738165016112,-0.3355198475997705,-0.21677882084571248,REIT—Office,Real Estate,NYC
2020Q3,2020,Q3,2020-11-12,2020-09-30,-12288000.0,16997000.0,-7218000.0,-0.1202614182579382,8697000.0,0.5116785315055598,877955000.0,394457000.0,85099000.0,6831000.0,481580000.0,0.0,-288640000.0,9972515020.8,10384447020.8,3.860510926250938,12.45776606646172,0.45126230843266457,1.0043883110199592,-0.008537192614346694,3.860510926250938,-0.0311516844675085,586.7220698240866,-202.8913375,25.281627707963096,0.0,0.0,0.0,0.019359762174598925,9.475333040550431,-0.013996161534475,-2767.836530890924,0.5116785315055598,-1.3206067344394987,-1.8091942039140336,0.17828725545539026,0.0,-0.23340678713089466,-1.3246311010215663,-6.744635193133047,-1.088373230713019,0.1728333524422288,-0.20572992401220874,REIT—Office,Real Estate,NYC
2020Q2,2020,Q2,2020-08-13,2020-06-30,-5286000.0,18562000.0,-932000.0,-0.051823265214726355,11345000.0,0.611194914341127,887711000.0,405863000.0,88289000.0,6932000.0,481848000.0,0.0,-276352000.0,14361673216.000002,14767664216.000002,3.979028734363315,12.736439699942297,0.5076494489760744,1.110340188684359,-0.001022655326750447,3.979028734363315,-0.013024099265022926,773.7136739575478,-679.2316125614832,35.3855197837694,0.0,0.0,0.0,0.020909958308503555,9.777553375649163,-0.005954640643182297,-1593.7934986128068,0.611194914341127,0.22085116343778138,0.1737443676637495,0.8474138157543777,0.0,0.19913328400803298,0.22127283441367118,0.5508433734939759,0.013640003247978375,0.27686841456024475,-0.2051603747217036,REIT—Office,Real Estate,NYC
2020Q1,2020,Q1,2020-05-14,2020-03-31,-6788000.0,17477000.0,-2075000.0,-0.06651266456789226,9461000.0,0.5413400469188075,897179000.0,411193000.0,90424000.0,8531000.0,485986000.0,0.0,-271066000.0,14369449881.6,14766481881.6,4.0291016620013735,10.599460790059782,0.5018753225387576,1.0950380964656499,-0.0022644927536231885,4.0291016620013735,-0.01650806312364267,822.1920170280941,-529.2225206835593,34.94575511158994,0.0,0.0,0.0,0.019479947702743822,8.85957097643887,-0.007565937232146539,4185.683041538014,0.5413400469188075,-0.01890429755932107,-0.4183033848725449,0.20174654472942313,0.0,-0.03311190597853858,-0.017691154422788607,-0.04586693548387097,-0.4183033848725449,0.20174654472942313,0.0,REIT—Office,Real Estate,NYC
2019Q4,2019,Q4,2020-03-19,2019-12-31,-6670000.0,18311000.0,-1984000.0,-0.06527861814619529,9785000.0,0.5343782425864234,901356000.0,420549000.0,88548000.0,7033000.0,480807000.0,0.0,-264278000.0,14386579046.400002,14785277046.400002,4.115870702063611,12.590359732688754,0.43826301705430487,0.9393221717326637,-0.002279291305836318,4.115870702063611,-0.01586022080661231,785.6795940363717,-539.2271006896552,34.2090435273892,0.0,0.0,0.0,0.020314947701019354,10.358026446751031,-0.00739996183527929,-4374.149907692308,0.5343782425864234,-0.38533135047427863,-0.19178147843127125,0.24926217774506695,-0.22240785271529925,-0.07836488650277856,-0.3869827406945311,-4.684813753581662,-0.19178147843127125,0.24926217774506695,-0.22240785271529925,REIT—Office,Real Estate,NYC
2019Q3,2019,Q3,2019-11-12,2019-09-30,-4809000.0,18643000.0,-349000.0,-0.04712130287374689,10617000.0,0.5694898889663681,909323000.0,426647000.0,88914000.0,7072000.0,482676000.0,0.0,-257608000.0,14369449881.6,14765132881.6,4.180528697686731,12.572680995475114,0.49432489885332276,1.053566531582315,-0.0003748556698262668,4.180528697686731,-0.01127161330092559,770.7691831572172,-747.00820761073,33.67995059522275,0.0,0.0,0.0,0.02050206582259549,10.528139140271493,-0.005288549833227577,-3138.8051292267364,0.5694898889663681,0.17470396430410154,-0.10070954451819647,0.2939339255968907,0.0,0.14952360329146816,0.1747039643041016,0.8313194780086999,-0.10070954451819647,0.2939339255968907,0.0,REIT—Office,Real Estate,NYC
2019Q2,2019,Q2,2019-08-14,2019-06-30,-5827000.0,16525000.0,-2069000.0,-0.05709624284577316,9236000.0,0.558910741301059,867297000.0,431979000.0,130638000.0,10490000.0,435318000.0,0.0,-252799000.0,14369449881.6,14674978881.6,4.232774650467521,12.453574833174452,0.4605169855309081,0.9245935566312251,-0.00233449776140959,4.232774650467521,-0.013489081645172566,869.5582379183056,-616.5029123734341,33.26423247796768,0.0,0.0,0.0,0.019053449971578363,8.949094375595806,-0.006718575067133865,-4579.174595793499,0.558910741301059,-0.2711605584642233,0.08967348851741924,0.6437879240027851,0.0,-0.049305198147195056,-0.2711605584642234,-0.7563667232597623,0.08967348851741924,0.6437879240027851,0.0,REIT—Office,Real Estate,NYC
2019Q1,2019,Q1,2019-05-15,2019-03-31,-4584000.0,17051000.0,-1178000.0,-0.04491662557148175,9715000.0,0.5697613043223272,822337000.0,439047000.0,81347000.0,9613000.0,383290000.0,0.0,-246972000.0,14369449881.6,14667648881.6,4.30203091345601,8.462186622282326,0.42169208001099306,0.7898311570287464,-0.0014011832742964942,4.30203091345601,-0.010440795632358267,842.7335570699665,-783.6741863874346,32.72872808970338,0.0,0.0,0.0,0.020734808235553064,5.052949131384583,-0.005574356985031684,8487.566380153574,0.5697613043223272,0.107128944292949,0.04220643543669029,0.17245410162965003,0.0,0.117437313089487,0.10712894429294897,0.31868131868131866,0.04220643543669029,0.17245410162965003,0.0,REIT—Office,Real Estate,NYC
2018Q4,2018,Q4,2019-03-15,2018-12-31,-5134000.0,16233000.0,-1729000.0,-0.05030583675479654,8694000.0,0.535575679172057,773742000.0,443680000.0,80811000.0,11127000.0,330062000.0,0.0,-242388000.0,14369449881.6,14613150881.6,4.347427668751096,7.262604475599892,0.37693830760124175,0.6573498918139199,-0.002284477576049056,4.347427668751096,-0.011571402812838081,885.1998941415635,-699.719998130113,32.386967818247385,0.0,0.0,0.0,0.020979861504222336,4.323717084569067,-0.006635286697633061,-2489.0784482244935,0.535575679172057,0.12463768115942024,0.08157423971377453,0.10881147540983598,-0.1786608810587366,0.02936301207672271,0.1246376811594203,0.3014141414141414,0.08157423971377453,0.10881147540983598,-0.1786608810587366,REIT—Office,Real Estate,NYC
2018Q3,2018,Q3,2018-11-14,2018-09-30,-5865000.0,15741000.0,-2475000.0,-0.05746858834571127,8446000.0,0.5365605742964233,772078000.0,448870000.0,92384000.0,13920000.0,323208000.0,0.0,-237254000.0,14369449881.6,14587145881.6,4.3982822251900116,6.636781609195403,0.3649333357510511,0.6277028983892886,-0.0032882456179975316,4.3982822251900116,-0.01306614387239067,912.8676628930817,-612.5085201023019,32.012497786887074,0.0,0.0,0.0,0.020387836462119113,4.604454022988506,-0.0075963827488932465,-2776.705291130435,0.5365605742964233,0.1017001072139685,-0.34241245136186776,0.09251804553026108,0.0,-0.007287259050305595,0.10170010721396845,0.22969187675070027,-0.34241245136186776,0.09251804553026108,0.0,REIT—Office,Real Estate,NYC
2018Q2,2018,Q2,2018-08-14,2018-06-30,-6529000.0,15196000.0,-3213000.0,-0.0639748360288404,8508000.0,0.5598841800473809,780134000.0,460364000.0,96764000.0,10329000.0,319770000.0,0.0,-231389000.0,14369449881.6,14580483881.6,4.510906940355503,9.368186658921482,0.36088928312315577,0.6115638929195159,-0.00420111480562816,4.510906940355503,-0.014182255780208704,945.6073888918137,-550.2163379384285,31.213235356370177,-0.00030632562413845916,0.0,1.391841731227991e-07,0.01947870494043331,6.827088779165456,-0.008369075056336476,-5163.29496284585,0.5598841800473809,0.008353584447144638,-0.019996875488204967,0.5115885805232269,0.0,0.016123253314224293,0.008353584447144593,0.16436931079323797,-0.019996875488204967,0.5115885805232269,0.0,REIT—Office,Real Estate,NYC
2018Q1,2018,Q1,2018-05-14,2018-03-31,-6584000.0,15229000.0,-3845000.0,-0.06451375714717188,8373000.0,0.5498062906297196,741718000.0,466876000.0,53726000.0,12106000.0,274842000.0,0.0,-224861000.0,14369449881.6,14576084881.6,4.57471520076595,4.437964645630266,0.31490404709067327,0.5002827303181144,-0.005309299490058699,4.57471520076595,-0.01410224556413266,943.5583348611202,-545.6200592952613,30.777872243593592,-1.1350243013365735,0.0,0.000520061662873339,0.020532062050536728,2.228729555592268,-0.008876688984223115,-6151.305600000001,0.5498062906297196,0.06583427922814973,-0.3756790639364816,0.04717046001512759,0.0,0.06283320639756283,0.06583427922814983,0.09273242095327985,-0.3756790639364816,0.04717046001512759,0.0,REIT—Office,Real Estate,NYC
2017Q4,2017,Q4,2018-03-19,2017-12-31,-7048000.0,14821000.0,-4238000.0,-0.06906029167273198,7878000.0,0.5315430807637811,760450000.0,481484000.0,64937000.0,15441000.0,278966000.0,0.0,-210605000.0,14369449881.6,14563368881.6,4.717852649794791,4.205491872288064,0.3070773883884542,0.48499430926053616,-0.005728931509664023,4.717852649794791,-0.014638077277749625,969.5330869442008,-509.6995559591374,29.844085954258084,-1.0472474460839956,0.0,0.0005136591909096902,0.019489775790650272,2.5669969561556893,-0.009268196462620816,-5052.5491848101265,0.5315430807637811,-0.19925131870001703,-0.2608228980322004,0.012363387978141993,-0.10867822677534417,0.032909400812901536,-0.19925131870001703,-0.3764209158817798,-0.2608228980322004,0.012363387978141993,-0.10867822677534417,REIT—Office,Real Estate,NYC
2017Q3,2017,Q3,2017-11-13,2017-09-30,-5877000.0,14475000.0,-3079000.0,-0.05758617113516541,7627000.0,0.5269084628670121,775269000.0,496037000.0,76869000.0,14494000.0,279232000.0,0.0,-191617000.0,14369449881.6,14572339881.6,4.8604511777053,5.303504898578722,0.30100648936046714,0.4704507929852007,-0.004076968504458316,4.8604511777053,-0.011847906506974279,992.7081092642487,-611.2578646248087,28.96850412690989,-1.2307299642674834,0.0,0.0005033595620986031,0.018670938732233584,2.1080447081550986,-0.007580594606517221,-3518.4745057786486,0.5269084628670121,-0.09604625139873184,-0.3451590753032731,0.004650194336479792,0.0,-0.05920809177254225,-0.09604625139873181,-0.17295238095238094,-0.3451590753032731,0.004650194336479792,0.0,REIT—Office,Real Estate,NYC
2017Q2,2017,Q2,2017-08-11,2017-06-30,-5362000.0,14545000.0,-2625000.0,-0.052539909754425206,8107000.0,0.5573736679271227,786374000.0,510899000.0,85594000.0,11377000.0,275475000.0,0.0,-173886000.0,14369449881.6,14559115881.6,5.006077462444253,7.523424452843456,0.2965560916306999,0.4564581257743703,-0.003405552672548002,5.006077462444253,-0.010495225083627097,987.930552189756,-669.966891160015,28.125813285209016,-1.3062290190227528,0.0,0.0004874229742760426,0.018496288025799428,3.8268436318888988,-0.006818638459562498,-13051.271463760218,0.5573736679271227,-0.12035102381947346,0.16231838775191385,0.4468317915050232,0.0,0.0201333836667925,-0.12035102381947346,-0.20967741935483872,0.16231838775191385,0.4468317915050232,0.0,REIT—Office,Real Estate,NYC
2017Q1,2017,Q1,2017-05-11,2017-03-31,-4786000.0,14543000.0,-2170000.0,-0.04689593586062645,7947000.0,0.5464484631781613,,,,,,,,14369449881.6,,,0.0,0.0,0.0,0.0,,0.0,988.066415567627,-750.5980924362725,0.0,-1.3917676556623486,0.0,0.00046355288858548253,0.0,0.0,0.0,-27633.557464615384,0.5464484631781613,0.14382826475849733,0.0,0.0,0.0,0.046759747102212854,0.1438282647584973,0.3327183271832718,0.0,0.0,0.0,REIT—Office,Real Estate,NYC
2016Q4,2016,Q4,2017-03-28,2016-12-31,-5590000.0,14640000.0,-3252000.0,-0.05477398275405388,7592000.0,0.5185792349726775,773604000.0,540191000.0,62838000.0,10533000.0,233413000.0,0.0,-140604000.0,14369449881.6,14513106881.6,5.29309705150181,5.965821703218456,0.247320334434672,0.35418583426973055,-0.004278682765671071,5.29309705150181,-0.010348191658135733,981.5198006557378,-642.6408712701253,26.60068361301836,-1.1805008944543829,0.0,0.00045923817921867576,0.018924410938929995,4.589480679768347,-0.00722591920414062,36104.14543115578,0.5185792349726775,-0.279468986037995,0.0,0.0,0.0,-0.057011551360079495,-0.27946898603799497,-0.5956820412168793,0.0,0.0,0.0,REIT—Office,Real Estate,NYC
2016Q3,2016,Q3,2016-11-14,2016-09-30,-4369000.0,14408000.0,-2038000.0,-0.04280993392709506,8051000.0,0.5587867851193781,,,,,,,,14369449881.6,,,0.0,0.0,0.0,0.0,,0.0,997.3243948917268,-822.2390639505609,0.0,-1.4959945067521172,0.0,0.00045485387776530756,0.0,0.0,0.0,-7085.527555029586,0.5587867851193781,0.31745039837525396,0.0,0.0,0.0,0.3226548381797273,0.31745039837525385,0.6,0.0,0.0,0.0,REIT—Office,Real Estate,NYC
2016Q2,2016,Q2,2016-08-12,2016-06-30,-6401000.0,10053000.0,-5095000.0,-0.06272061960799623,6087000.0,0.6054908982393316,,,,,,,,14369449881.6,,,0.0,0.0,0.0,0.0,,0.0,1429.3693307072515,-561.2189455397595,0.0,,0.0,,0.0,0.0,0.0,0.0,0.6054908982393316,0.0,0.0,0.0,0.0,0.0,0.0,0.0,0.0,0.0,0.0,REIT—Office,Real Estate,NYC
