Year,Date,FillingDate,NetIncome,Revenue,OperatingIncome,EPSDiluted,GrossProfit,GrossProfitRatio,TotalAssets,CommonStockEquity,CurrentAssets,CurrentLiability,TotalLiability,Inventory,RetainedEarnings,EnterpriseValue,bookValuePerShare,currentRatio,debtToAssets,debtToEquity,roic,shareholdersEquityPerShare,roe,priceToSalesRatio,peRatio,pbRatio,payoutRatio,inventoryTurnover,dividendYield,assetTurnover,quickRatio,returnOnAssets,priceToFreeCashFlowsRatio,grossProfitMargin,epsdilutedGrowth,fiveYNetIncomeGrowthPerShare,fiveYRevenueGrowthPerShare,fiveYShareholdersEquityGrowthPerShare,grossProfitGrowth,netIncomeGrowth,operatingIncomeGrowth,threeYNetIncomeGrowthPerShare,threeYRevenueGrowthPerShare,threeYShareholdersEquityGrowthPerShare,Industry,Sector,Price,MarketCap,AvgVolume,Symbol
2022,2022-09-30,2022-09-30,-62836076.0,-61247588.0,-60790637.0,-2.09,-61247588.0,1.0,582934163.0,454342750.0,3087308.0,756425.0,128591413.0,0.0,-63932784.0,505817289.06,15.144041010590799,4.081446276894603,0.20585515074710076,0.264117783325474,-0.10584383105732596,15.144041010590799,-0.13830104254992515,-6.299321926930412,-6.140075870746608,0.8491788942598951,-0.7718984075326409,0.0,0.12571479958582032,-0.10506776217196932,4.081446276894603,-0.107792749144469,7.961703626887748,1.0,-1.8565573770491801,-3.435390991617958,-5.778989749100295,-0.02650229712908944,-1.7078173151530183,-1.7380876097515778,-1.7046231965807994,-5.16010788180767,-5.805008960982585,0.16623319165136338,Asset Management,Financial Services,13.66,518338262,81445,THW
2021,2021-09-30,2021-09-30,85133628.0,86530220.0,86273965.0,2.44,86530220.0,1.0,714178888.0,565681893.0,2764979.0,22366441.0,148496995.0,0.0,29972813.0,693953876.9499999,16.212909718315395,0.12362176888133432,0.1680251293006578,0.21213335884519818,0.12582214271771647,16.212909718315395,0.15049735381931342,6.632990993782287,6.741803250179823,1.01462354912251,0.5264646891355317,0.0,0.0780895955576113,0.12116042836595305,0.12362176888133432,0.11920490710445084,-10.371608255302885,1.0,0.20197044334975378,23.476067022876165,5.693064180353911,0.008110566444040623,0.39238372704211993,0.39785872866053434,0.3610417518823382,1.2803734509461615,4.47950246804792,0.05631046602935766,Asset Management,Financial Services,13.66,518338262,81445,THW
2020,2020-09-30,2020-09-30,60902884.0,62145383.0,63388184.0,2.03,62145383.0,1.0,548122390.0,426525524.0,2476341.0,214217.0,121596866.0,0.0,-50521723.0,549920362.9300001,14.216844062152923,11.559964895409795,0.21892920666860552,0.2813430691664774,0.11598394076101741,14.216844062152923,0.14278836921374957,6.91797752586061,7.059113373514463,1.0079592866991003,0.6801930594945225,0.0,0.09635672690094228,0.11337866165255538,11.559964895409795,0.11111183398291757,11.258958335368396,1.0,6.970588235294116,2.402493319838824,46.25982020986879,-0.18196145958579876,7.601555129630076,6.7084052239650935,10.391923188787805,1.360464632723938,3.8490423543031893,-0.08610488924977582,Asset Management,Financial Services,13.66,518338262,81445,THW
2019,2019-09-30,2019-09-30,-10668984.0,-9413749.0,-6749223.0,-0.34,-9413749.0,1.0,530489182.0,407474589.0,2339008.0,1836727.0,123014593.0,0.0,-110013738.0,541737960.5999999,12.985431317682815,1.2734652455155284,0.22620630933054542,0.2944968919276583,-0.012795351929266114,12.985431317682815,-0.026183188566882634,-44.80028791929761,-39.52941213521362,1.035006051874317,-3.9665528601411344,0.0,0.1003443422475703,-0.017745411818784272,1.2734652455155284,-0.020111595791221997,20.753120376401597,1.0,-1.3177570093457944,0.7650996407840406,-7.844527695425033,-0.25281706436910295,-3.227189039306889,-1.3303560475002485,0.0,-4.4105994567980185,-1.809630682934668,-0.19257241614063556,Asset Management,Financial Services,13.66,518338262,81445,THW
2018,2018-09-30,2018-09-30,32295410.0,13660680.0,0.0,1.07,4226740.0,0.3094091948570642,621904000.0,463261631.0,0.0,38642370.0,158642370.0,0.0,-93687740.0,511650925.37,15.348621678680589,0.0,0.19295582597957242,0.2590328919340182,0.0,15.348621678680589,0.06971311207079008,30.866048788932908,13.056072530740437,0.910179447539872,1.322570328105449,0.0,0.10129924791635969,0.021965898273688545,2.1186552481123697,0.051929895932491185,5.3423349278696906,0.3094091948570642,0.244186046511628,1.7392453816320226,9.326196600259689,-0.11683886940683949,-0.03582296556852762,0.21740885758777803,0.0,1.7392453816320226,9.326196600259689,-0.11683886940683949,Asset Management,Financial Services,13.66,518338262,81445,THW
2017,2017-09-30,2017-09-30,26527990.0,13177010.0,0.0,0.86,4383780.0,0.33268397003569095,602040810.0,479857907.0,0.0,2182900.0,122182900.0,0.0,-4892890.0,569124512.64,15.556319204380245,0.0,0.19932203599287562,0.25007402868532913,0.0,15.556319204380245,0.0552830111018677,34.08398055704595,16.93022926501405,0.9359540524149371,1.6304361921125574,0.0,0.09630325535412673,0.02188723717915402,0.00020156672316642998,0.04406344147998871,9.781203788693743,0.33268397003569095,7.626742902999299,1.594159853274467,8.746217243891254,-0.1048879343028036,0.24903625065175955,7.572708735259996,-1.0,1.594159853274467,8.746217243891254,-0.1048879343028036,Asset Management,Financial Services,13.66,518338262,81445,THW
2016,2016-09-30,2016-09-30,3094470.0,11501900.0,2740320.0,0.09969,3509730.0,0.30514349803076013,633869120.0,499218740.0,0.0,14650380.0,134650380.0,0.0,1603150.0,575673445.5999999,16.08247176250122,0.0,0.1893135289505821,0.24037559166949543,0.004425447459810406,16.08247176250122,0.006198625476279196,39.61818270024952,147.25764851493147,0.9127950116616215,14.029895264778784,0.0,0.09527447576589677,0.01814554398863917,0.13975814961796212,0.004881875299430898,-5.67431638891407,0.30514349803076013,1.068874272844095,1.0688736282848328,7.453888717032903,-0.07461306677251274,11.78059343899742,1.0685669881262407,6.083515749638259,1.0688736282848328,7.453888717032903,-0.07461306677251274,Asset Management,Financial Services,13.66,518338262,81445,THW
2015,2015-09-30,2015-09-30,-45130610.0,1366630.0,-539060.0,-1.44742,-325560.0,-0.23822102544214602,565420440.0,541882850.0,0.0,0.0,23537590.0,0.0,2101310.0,447896946.20000005,17.37918613828933,0.0,0.0,0.0,-0.000994790663701573,17.37918613828933,-0.08328480962259648,328.0831360353571,-9.934903521135656,0.8274265483766464,,0.0,,0.002417015557484975,0.0,-0.07981779010323715,0.0,-0.23822102544214602,0.0,0.0,0.0,0.0,0.0,0.0,0.0,0.0,0.0,0.0,Asset Management,Financial Services,13.66,518338262,81445,THW
TTM,,,,,,,,,,,,,,,,638337277.0,15.144041010590799,4.081446276894603,0.20585515074710076,0.264117783325474,-0.10584383105732596,15.144041010590799,-0.12320501554784495,-8.462998771478151,-6.522040155085433,0.9020049530007906,-0.7718984075326409,0.0,0.10278184480234262,-0.10506776217196932,4.081446276894603,-0.107792749144469,10.696371576941711,1.0,,,,,,,,,,,Asset Management,Financial Services,13.66,518338262,81445,THW
