Quarters,Year,Quarter,FillingDate,Date,NetIncome,Revenue,OperatingIncome,EPSDiluted,GrossProfit,GrossProfitRatio,TotalAssets,CommonStockEquity,CurrentAssets,CurrentLiability,TotalLiability,Inventory,RetainedEarnings,MarketCap,EnterpriseValue,bookValuePerShare,currentRatio,debtToAssets,debtToEquity,roic,shareholdersEquityPerShare,roe,priceToSalesRatio,peRatio,pbRatio,payoutRatio,inventoryTurnover,dividendYield,assetTurnover,quickRatio,returnOnAssets,priceToFreeCashFlowsRatio,grossProfitMargin,epsdilutedGrowth,fiveYNetIncomeGrowthPerShare,fiveYRevenueGrowthPerShare,fiveYShareholdersEquityGrowthPerShare,grossProfitGrowth,netIncomeGrowth,operatingIncomeGrowth,threeYNetIncomeGrowthPerShare,threeYRevenueGrowthPerShare,threeYShareholdersEquityGrowthPerShare,Industry,Sector,Symbol
2023Q1,2023,Q1,2023-05-02,2023-03-31,-45288000.0,1106579000.0,-79489000.0,-0.82,1036889000.0,0.9370221195,6589357000.0,1459263000.0,980245000.0,77951000.0,5130094000.0,0.0,1360316000.0,1757475540.0,1954908540.0,26.354282927886437,12.575143359289811,0.07099524278317293,0.3205816908946502,-0.0297925171842647,26.354282927886437,-0.031034844301541256,1.588206119942634,-9.701662360890301,1.2043583233454147,-0.3881822999470058,0.0,0.01000298416670994,0.16793429161601048,14.270785493451013,-0.006872901255767444,185.23140177065767,0.9370221195233237,-5.833333333333333,-0.06217527303901988,0.41192822165645127,-0.13417824444309132,0.18912698185154392,-5.689512555391433,-1.2660782009955045,0.6747409033783188,0.5619116425552175,-0.10134233498541534,Insurance—Property & Casualty,Financial Services,MCY
2022Q4,2022,Q4,2023-02-14,2022-12-31,-6770000.0,1151693000.0,298743000.0,-0.12,871975000.0,0.7571245115,6514188000.0,1522131000.0,978823000.0,206822000.0,4992057000.0,0.0,1423184000.0,1893688200.0000002,2024166200.0000002,27.489678712683535,4.732683176838054,0.06451364314324363,0.2760958156689536,0.059371417544722485,27.489678712683535,-0.004447711793531569,1.6442647476367402,-69.92940177252585,1.2441032999130825,-2.5967503692762186,0.0,0.009283471270507996,0.17679763003462595,5.179390973880921,-0.0010392699750145374,32.76333846606343,0.7571245114800559,0.9325842696629214,-1.3420411355194792,0.3425213726191861,-0.1364425293645261,0.048422391673940905,0.9311312981292534,3.3970392361389714,-1.2135915259292176,0.1653947001826841,-0.15435151253067658,Insurance—Property & Casualty,Financial Services,MCY
2022Q3,2022,Q3,2022-11-01,2022-09-30,-98303000.0,900287000.0,-124630000.0,-1.78,831702000.0,0.9238187378,6454661000.0,1546481000.0,1159058000.0,155441000.0,4908180000.0,0.0,1447534000.0,1573643820.0,1637353820.0,27.929439598345706,7.456578380221434,0.061908131193876795,0.25839050075623304,-0.0481861113772159,27.929439598345706,-0.06356560475039784,1.7479357360486156,-4.00202389550675,1.017564276573718,-0.17884499964395797,0.0,0.011172159656814845,0.13947858764387472,7.456578380221434,-0.015229769619194563,19.320840536293094,0.9238187378025008,0.5315789473684209,-3.1129301596049217,0.04795885463431541,-0.13006635190760565,0.16127870202947522,0.5334035817183325,0.5333363288475508,-2.418472249249523,-0.0883911565073072,-0.1423043604114926,Insurance—Property & Casualty,Financial Services,MCY
2022Q2,2022,Q2,2022-08-02,2022-06-30,-210681000.0,785625000.0,-267066000.0,-3.8,716195000.0,0.9116245028,6499665000.0,1662365000.0,1174929000.0,165922000.0,4837300000.0,0.0,1563418000.0,2452935300.0,2565862300.0,30.022304094200937,7.081212859054254,0.061992271909398405,0.24238299049847656,-0.09897530446315403,30.022304094200937,-0.12673570485422878,3.12227245823389,-2.910722015748928,1.4755696252026478,-0.1668873794979139,0.0,0.014333847289001061,0.1208716141524217,7.081212859054254,-0.03241413211296274,30.843281067283634,0.9116245027844073,-0.06741573033707858,-5.075934114379494,-0.07981889251959753,-0.05820599131895562,-0.11082597419366053,-0.06989746949222261,-0.07318347304041728,-3.5298800220820046,-0.19818271289828077,-0.060033757215197756,Insurance—Property & Casualty,Financial Services,MCY
2022Q1,2022,Q1,2022-05-03,2022-03-31,-196917000.0,805461000.0,-248854000.0,-3.56,805461000.0,1.0,6667116000.0,1908207000.0,1144060000.0,175406000.0,4758909000.0,0.0,1809260000.0,3045405000.0,3154663000.0,34.46220945982554,6.522353853345952,0.060749205503549064,0.2122526539311511,-0.08254719950378014,34.46220945982554,-0.10319477918276161,3.780946563520766,-3.866356129739941,1.5959510682017204,-0.17855746329671893,0.0,0.011545590816328206,0.12081100733810542,6.522353853345952,-0.02953555930330296,30.979146533747013,1.0,-7.472727272727273,-8.288874437099466,-0.05087816696907979,0.09146084294736775,-0.232362788330587,-7.462015554753388,-7.3590228445852715,-2.4485512331702277,-0.209009935373013,0.10927690884526146,Insurance—Property & Casualty,Financial Services,MCY
2021Q4,2021,Q4,2022-02-15,2021-12-31,30473000.0,1049273000.0,39134000.0,0.55,1049273000.0,1.0,6772472000.0,2140281000.0,1164132000.0,169125000.0,4632191000.0,0.0,2041338000.0,2937985260.0,3009936260.0,38.65346481009915,6.883263858093127,0.060171234373504974,0.190399298036099,0.013244925854714682,38.65346481009915,0.014237850076695537,2.8000198804314986,24.103183637974603,1.372710060034173,1.1538082893052866,0.0,0.011967384751276799,0.15493205435179355,6.883263858093127,0.004499538720868835,47.68605054292253,1.0,26.5,2.16641241140266,0.4201904185997261,0.2193120535342182,0.12557216001064134,22.65916149068323,0.0,1.3719627668957333,0.2841812869309222,0.3223118622616574,Insurance—Property & Casualty,Financial Services,MCY
2021Q3,2021,Q3,2021-11-02,2021-09-30,1288000.0,932213000.0,0.0,0.02,932213000.0,1.0,6754373000.0,2144933000.0,0.0,0.0,4609440000.0,0.0,2046025000.0,3082503570.0,3150571570.0,38.737479908255224,0.0,0.060653150188774,0.19099617563812016,0.0,38.737479908255224,0.0006004849568727788,3.306651559246653,598.3120283385093,1.4371094901332582,27.190993788819874,0.0,0.01136154401923369,0.1380162155687878,0.0,0.0001906912751190969,31.107491724861745,1.0,-0.9898477157360406,-0.9522690405749213,0.15116448757909595,0.17909397041641617,-0.08496674928222621,-0.9882030756267116,0.0,-0.978025724389948,0.04115906496266604,0.23606207116882963,Insurance—Property & Casualty,Financial Services,MCY
2021Q2,2021,Q2,2021-08-03,2021-06-30,109181000.0,1018775000.0,0.0,1.97,1018775000.0,1.0,6696948000.0,2178631000.0,0.0,0.0,4518317000.0,0.0,2079759000.0,3596346450.0,3630337450.0,39.346065630022935,0.0,0.061611050287384644,0.18938773936476622,0.0,39.346065630022935,0.05011449850846701,3.5300693970700108,8.234826686877753,1.6507368388680783,0.3207700973612625,0.0,0.009738216405708076,0.15212526661398595,0.0,0.01630309806795573,27.070933541088003,1.0,0.020725388601036288,1.229253338722043,0.18487034265521193,0.1931910543203987,0.025857520320291292,0.020430861255198843,0.0,0.8129627695987726,0.14983937740847464,0.27326158279835455,Insurance—Property & Casualty,Financial Services,MCY
2021Q1,2021,Q1,2021-05-04,2021-03-31,106995000.0,993096000.0,0.0,1.93,993096000.0,1.0,6554154000.0,2104437000.0,0.0,0.0,4449717000.0,0.0,2005600000.0,3366502410.0,3442742410.0,38.012987482162536,0.0,0.06326827230486193,0.19704557561000877,0.0,38.012987482162536,0.05084257689823929,3.3899063232557576,7.866027407822796,1.5997164134635533,0.32732370671526706,0.0,0.0104030818145174,0.15152161514666881,0.0,0.016324761365082357,20.208310282730057,1.0,-0.3588039867109634,3.5742730987321103,0.20184706305507502,0.16099394924739283,-0.07324397643486319,-0.35832388765945195,0.0,3.5098916218241927,0.26735962696487814,0.24884716635347584,Insurance—Property & Casualty,Financial Services,MCY
2020Q4,2020,Q4,2021-02-16,2020-12-31,166743000.0,1071583000.0,0.0,3.01,1071583000.0,1.0,6328246000.0,2032597000.0,0.0,0.0,4295649000.0,0.0,1933627000.0,2890241180.0,2958119180.0,36.71731276418946,0.0,0.06579342838442122,0.20483991661898546,0.0,36.71731276418946,0.08203446133198071,2.6971696826097467,4.333377083295851,1.4219450191060992,0.20998782557588624,0.0,0.01211455993440658,0.1693333350188978,0.0,0.026349007292067975,18.992877805158535,1.0,0.39999999999999997,6.099280303995359,0.35826907002042907,0.11235681623152872,0.07289837340579551,0.4028875034705571,0.0,7.426345406272897,0.24943098481292741,0.153433260191049,Insurance—Property & Casualty,Financial Services,MCY
2020Q3,2020,Q3,2020-11-03,2020-09-30,118857000.0,998774000.0,0.0,2.15,998774000.0,1.0,6145788000.0,1900832000.0,0.0,0.0,4244956000.0,0.0,1801898000.0,2290160460.0,2385021460.0,34.337078651685395,0.0,0.06784972081692373,0.21937235905119443,0.0,34.337078651685395,0.06252893469806906,2.2929716432346057,4.817050026502435,1.2048200261780104,0.29342823729355444,0.0,0.01522862725522735,0.16251357840524275,0.0,0.019339586721832905,13.185029189263878,1.0,-0.47815533980582525,6.756415859590417,0.3227759682565974,0.03534935342493931,-0.007027935771288362,-0.4791793559469088,0.0,1.5553189185273326,0.16287345352946428,0.06951591316803374,Insurance—Property & Casualty,Financial Services,MCY
2020Q2,2020,Q2,2020-08-04,2020-06-30,228211000.0,1005843000.0,0.0,4.12,1005843000.0,1.0,5916737000.0,1816815000.0,0.0,0.0,4099922000.0,0.0,1717917000.0,2255838500.0,2412654500.0,32.81937569998916,0.0,0.07081082022067231,0.2306063082922587,0.0,32.81937569998916,0.1256104776765934,2.2427342040457607,2.471220164672167,1.241644581314003,0.1528191016208684,0.0,0.01545988332054799,0.1699996129623473,0.0,0.03857041474042196,14.748573091080267,1.0,2.6414342629482075,22.59111457860492,0.3801781982754546,-0.02025510928121392,0.42005842066549864,2.639399729892819,0.0,3.4161145875591195,0.17839309989877045,0.02953761663057702,Insurance—Property & Casualty,Financial Services,MCY
2020Q1,2020,Q1,2020-05-05,2020-03-31,-139204000.0,708311000.0,0.0,-2.51,708311000.0,1.0,5716898000.0,1623444000.0,0.0,0.0,4093454000.0,0.0,1524581000.0,2254177760.0,2421812760.0,29.326276238303407,0.0,0.07354880216509023,0.25899938648946313,0.0,29.326276238303407,-0.08574610519365004,3.1824689437266964,-4.048335105313066,1.3885158711972818,-0.25053159391971497,0.0,0.015471273214939357,0.12389778512752896,0.0,-0.024349568594716924,25.957528817033428,1.0,-5.4035087719298245,-6.2991897397733005,-0.052433323738973574,-0.13526594870071743,-0.2830809530027035,-5.392956324160566,0.0,-6.153840198220781,-0.16515969356998939,-0.0712005212294929,Insurance—Property & Casualty,Financial Services,MCY
2019Q4,2019,Q4,2020-02-12,2019-12-31,31688000.0,987993000.0,0.0,0.57,987993000.0,1.0,5889157000.0,1799502000.0,0.0,0.0,4089655000.0,0.0,1700674000.0,2697546610.0,2823277610.0,32.50721679281753,0.0,0.07133941241505364,0.23346959325413363,0.0,32.50721679281753,0.017609316355302745,2.730329678449139,21.28208320184297,1.4990517432045087,1.1005743499116385,0.0,0.012928414237854449,0.16776475818185863,0.0,0.005380736156295375,27.5763548726756,1.0,-0.544,2.506165789729669,0.3633793469256733,-0.04427244146770104,0.0007069822089648991,-0.5426229034958575,0.0,2.21322561423901,0.33758616807488157,0.025430487462443134,Insurance—Property & Casualty,Financial Services,MCY
2019Q3,2019,Q3,2019-10-29,2019-09-30,69282000.0,987295000.0,0.0,1.25,987295000.0,1.0,5873242000.0,1802544000.0,0.0,0.0,4070698000.0,0.0,1703861000.0,3093237400.0,3198600400.0,32.56334567789721,0.0,0.07163556345881883,0.23341066847744077,0.0,32.56334567789721,0.03843567757569302,3.1330427076000587,11.161764238907653,1.7160398858502206,0.501371207528651,0.0,0.011229658609455583,0.16810051416236552,0.0,0.011796210678872078,22.575079550430594,1.0,-0.16666666666666666,1.1996481092757123,0.3625232108446585,-0.06941083060951538,0.00797151978535703,-0.16778378378378378,0.0,1.568208204660041,0.21953614881780403,-0.008834734827141533,Insurance—Property & Casualty,Financial Services,MCY
2019Q2,2019,Q2,2019-07-30,2019-06-30,83250000.0,979487000.0,0.0,1.5,979487000.0,1.0,5716518000.0,1767962000.0,0.0,0.0,3948556000.0,0.0,1669315000.0,3505505490.0,3684210490.0,31.939768395570248,0.0,0.07330074006589325,0.23701018460804021,0.0,31.939768395570248,0.04708811614729276,3.5789198733622807,10.527043513513513,1.9827945906077167,0.4172252252252252,0.0,0.009908414092941558,0.17134328974386157,0.0,0.014563060940243695,44.66067229781379,1.0,-0.38775510204081637,-0.12925435785039058,0.20548744066040042,-0.08716621006295744,-0.03758905735534413,-0.38726843162798913,0.0,0.7003479555405052,0.1395474922381615,-0.03140897783742149,Insurance—Property & Casualty,Financial Services,MCY
2019Q1,2019,Q1,2019-04-30,2019-03-31,135867000.0,1017743000.0,0.0,2.45,1017743000.0,1.0,5606720000.0,1719294000.0,0.0,0.0,3887426000.0,0.0,1620799000.0,2787526170.0,2932694170.0,31.06727381145986,0.0,0.0740670124422122,0.2415369331830391,0.0,31.06727381145986,0.07902487881653748,2.738929346603219,5.129144991057431,1.6213202454030549,0.25558818550494233,0.0,0.012457640890955295,0.18152199503452998,0.0,0.024232884823925577,16.76636875439831,1.0,2.6554054054054057,0.8578830834903121,0.32517326717580525,-0.08261896656653332,0.24629018708869999,2.6593632066830324,0.0,4.810714219580007,0.2321200411687578,-0.051142272581388155,Insurance—Property & Casualty,Financial Services,MCY
2018Q4,2018,Q4,2019-02-13,2018-12-31,-81879000.0,816618000.0,0.0,-1.48,816618000.0,1.0,5433729000.0,1617684000.0,0.0,0.0,3816045000.0,0.0,1519658000.0,2861631400.0,2919074400.0,29.231731116732924,0.0,0.06841231868574969,0.22979395234174288,0.0,29.231731116732924,-0.05061495322943171,3.504247273510993,-8.737378937212227,1.7689681050192745,-0.42411363108977884,0.0,0.012135035979826053,0.1502868472093474,0.0,-0.015068657270173026,56.18864301282177,1.0,-2.3962264150943398,-6.2901872228607045,0.1431788371712327,-0.11819740639729136,-0.08738493380166315,-2.3977773225442998,0.0,-4.487229094818251,0.03542865817494414,-0.11442006753668961,Insurance—Property & Casualty,Financial Services,MCY
2018Q3,2018,Q3,2018-10-30,2018-09-30,58578000.0,894811000.0,0.0,1.06,894811000.0,1.0,5313037000.0,1734230000.0,0.0,0.0,3578807000.0,0.0,1636263000.0,2729774210.0,2839729210.0,31.339429314924914,0.0,0.06994775304595093,0.21429395178263552,0.0,31.339429314924914,0.03377752662564942,3.0506712702458954,11.650168194544026,1.5740554655380197,0.5904435112158148,0.0,0.012670278689459814,0.16841798767823374,0.0,0.011025332592263144,20.429536293491196,1.0,-0.027522935779816536,0.4702517346912199,0.2196224887506656,-0.06400075226328304,0.010639367240010345,-0.02662013958125623,0.0,2.8241563631562325,0.18553713637462443,-0.05503731965498869,Insurance—Property & Casualty,Financial Services,MCY
2018Q2,2018,Q2,2018-07-31,2018-06-30,60180000.0,885391000.0,0.0,1.09,885391000.0,1.0,5204471000.0,1709858000.0,0.0,0.0,3494613000.0,0.0,1612272000.0,2520925920.0,2648709920.0,30.901792814284683,0.0,0.0713876588033635,0.21728997378729695,0.0,30.901792814284683,0.03519590515703643,2.8472459286349197,10.472440677966102,1.4743481154575409,0.5746593552675308,0.0,0.013718372176521552,0.17012122845914598,0.0,0.011563134850785027,25.520093944240852,1.0,2.4155844155844157,7.450209620195606,0.36815996114274224,-0.07421068527853973,0.13050189993666877,2.4124439646067546,0.0,5.223978623313547,0.21546957180583842,-0.07750001399764847,Insurance—Property & Casualty,Financial Services,MCY
2018Q1,2018,Q1,2018-05-01,2018-03-31,-42607000.0,783184000.0,0.0,-0.77,783184000.0,1.0,5132787000.0,1684221000.0,0.0,0.0,3448566000.0,0.0,1586675000.0,2538078840.0,2619443840.0,30.438462372587292,0.0,0.07236516925405242,0.22053815977831887,0.0,30.438462372587292,-0.025297748929623845,3.2407184518580565,-14.892381768254042,1.5069749397495933,-0.8116506677306546,0.0,0.013625266266354437,0.15258455104410137,0.0,-0.00830094839314392,35.180245893686326,1.0,-3.138888888888889,-1.6363324343998547,0.05029737068038634,-0.10856917580689682,-0.08640379630774543,-3.154153395014915,0.0,-2.6227168070426616,0.048222849468309216,-0.10247128994884887,Insurance—Property & Casualty,Financial Services,MCY
2017Q4,2017,Q4,2018-02-08,2017-12-31,19779000.0,857254000.0,0.0,0.36,857254000.0,1.0,5101323000.0,1761387000.0,0.0,0.0,3339936000.0,0.0,1663864000.0,2956942080.0,3036864080.0,31.833062242463672,0.0,0.072791901238169,0.21081965519218662,0.0,31.833062242463672,0.011229218791781704,3.449318498368045,37.374767177309266,1.678757751703629,1.7484706001314525,0.0,0.011695528375043451,0.16804542664716585,0.0,0.003877229495172135,49.47035535033126,1.0,-0.5714285714285714,2.12930511702529,0.24891804801496348,-0.05124362211572121,-0.0012850131122598173,-0.5745079057760568,0.0,1.9405425719984024,0.183500760323763,-0.06409290430798617,Insurance—Property & Casualty,Financial Services,MCY
2017Q3,2017,Q3,2017-10-31,2017-09-30,46485000.0,858357000.0,0.0,0.84,858357000.0,1.0,5025599000.0,1776191000.0,0.0,0.0,3249408000.0,0.0,1678668000.0,3136317560.0,3222914560.0,32.10525269322536,0.0,0.07386900546581611,0.2090068016333829,0.0,32.10525269322536,0.026171171906624907,3.653861458577259,16.867363450575453,1.7657546739061285,0.7409702054426159,0.0,0.010982306268756792,0.17079695375615922,0.0,0.009249643674316235,32.00258729413685,1.0,-0.09677419354838718,-0.3030621267363247,0.1642182009151833,-0.06911985870047786,0.006460713351867334,-0.0997036778804253,0.0,0.4766885630073016,0.18524520593270377,-0.08250212578311725,Insurance—Property & Casualty,Financial Services,MCY
2017Q2,2017,Q2,2017-08-01,2017-06-30,51633000.0,852847000.0,0.0,0.93,852847000.0,1.0,4938983000.0,1763192000.0,0.0,0.0,3175791000.0,0.0,1666627000.0,2986794000.0,3096505000.0,31.877781996347924,0.0,0.07514421491226028,0.21049097318953353,0.0,31.877781996347924,0.029283821614435636,3.5021451678906064,14.46165243158445,1.6939698002259538,0.6668409737958283,0.0,0.011527745134080222,0.1726766421346257,0.0,0.010454176497469216,31.981946675232894,1.0,0.8979591836734695,10.734928312104657,0.306818143562682,-0.05954657460454012,0.006304395023504314,0.9137509266123054,0.0,-0.45953934912301136,0.05042437999206882,-0.08893777205507607,Insurance—Property & Casualty,Financial Services,MCY
2017Q1,2017,Q1,2017-05-02,2017-03-31,26980000.0,847504000.0,0.0,0.49,847504000.0,1.0,4863989000.0,1745969000.0,0.0,0.0,3118020000.0,0.0,1649425000.0,3372564030.0,3507024030.0,31.574389207371105,0.0,0.07628388962228327,0.212514655185745,0.0,31.574389207371105,0.01545273713336262,3.9794078022050634,31.25059330985916,1.931628814715496,1.276056338028169,0.0,0.010208256891122687,0.17424052562618872,0.0,0.005546887544359167,47.636430831379414,1.0,2.0425531914893615,-0.6349981257069437,0.16382455675145174,-0.08735686176212282,0.14900528472148786,2.034429875009585,0.0,-0.6307744282192702,0.10438813202519363,-0.06764442941227956,Insurance—Property & Casualty,Financial Services,MCY
2016Q4,2016,Q4,2017-02-09,2016-12-31,-26082000.0,737598000.0,0.0,-0.47,737598000.0,1.0,4788718000.0,1752402000.0,0.0,0.0,3036316000.0,0.0,1656873000.0,3328348590.0,3428030590.0,31.70104379601657,0.0,0.0668237302760363,0.18260650238929196,0.0,31.70104379601657,-0.014883571235367227,4.512415421408409,-31.902735507246376,1.8993065461007235,-1.3196073920711602,0.0,0.010340863965814349,0.15402828063794946,0.0,-0.005446551665811184,45.08918799192598,1.0,-1.9591836734693877,-1.3258166889363583,-0.0229766749199913,-0.06343251572477303,-0.08731417710805507,-1.9685109543260304,0.0,-2.6870128074558273,0.03369861610403623,-0.04370827278036533,Insurance—Property & Casualty,Financial Services,MCY
2016Q3,2016,Q3,2016-11-01,2016-09-30,26930000.0,808162000.0,0.0,0.49,808162000.0,1.0,4801272000.0,1815457000.0,0.0,0.0,2985815000.0,0.0,1717373000.0,3030956150.0,3091099150.0,32.853598508840186,0.0,0.060400660491636386,0.15973939344198182,0.0,32.853598508840186,0.014833730570319208,3.750431411028977,28.137357500928335,1.6695279205180846,1.2724842183438545,0.0,0.011306003222778397,0.16832247787669602,0.0,0.00560893030013713,29.16428021592079,1.0,-0.4431818181818182,8.06477555828656,0.30221859817090163,-0.004562402578370558,-0.058089540479462194,-0.4489800094121499,0.0,-0.3231286941764891,0.10307521096791468,-0.018777809234902576,Insurance—Property & Casualty,Financial Services,MCY
2016Q2,2016,Q2,2016-08-02,2016-06-30,48873000.0,858003000.0,0.0,0.88,858003000.0,1.0,4722048000.0,1822028000.0,0.0,0.0,2900020000.0,0.0,1724711000.0,2937302640.0,2994021640.0,32.975494986788284,0.0,0.06141403052234962,0.159163305942609,0.0,32.975494986788284,0.02682340776321769,3.423417680357761,15.025180774660855,1.6121062025391486,0.7009596300615882,0.0,0.011663081472598957,0.181701456656095,0.0,0.010349958323168252,56.85065206030929,1.0,1.0952380952380953,-0.15304325818465114,0.20482246707105817,-0.020527375254397358,0.0413668802796388,1.0954851434206576,0.0,6.245698052526523,0.32770999600700795,-0.012084473872091519,Insurance—Property & Casualty,Financial Services,MCY
2016Q1,2016,Q1,2016-05-03,2016-03-31,23323000.0,823920000.0,0.0,0.42,823920000.0,1.0,4692063000.0,1807378000.0,0.0,0.0,2884685000.0,0.0,1710096000.0,3063655500.0,3118546500.0,32.74176192460281,0.0,0.06180650174560742,0.1604534303283541,0.0,32.74176192460281,0.012904328812235183,3.718389528109525,32.83942353042062,1.6950828769632031,1.4688076148008404,0.0,0.01118174024461954,0.17559866523531334,0.0,0.004970734621423455,74.5723413577392,1.0,0.0,-0.6022846168552307,0.1594886206906917,-0.014462135923757845,0.04802027047653937,-0.0035035248878444777,0.0,-0.6508460663973306,0.10754897592713797,-0.041113987273262806,Insurance—Property & Casualty,Financial Services,MCY
2015Q4,2015,Q4,2016-02-09,2015-12-31,23405000.0,786168000.0,0.0,0.42,786168000.0,1.0,4628645000.0,1820885000.0,0.0,0.0,2807760000.0,0.0,1721030000.0,2568987480.0,2594766480.0,33.00857443260097,0.0,0.06265332510918423,0.15926321541448252,0.0,33.00857443260097,0.012853639850951597,3.267733461550203,27.44058406323435,1.4108455393943056,1.4613544114505448,0.0,0.013313805639878013,0.16984841136012807,0.0,0.005056555428208471,67.9464540188844,1.0,0.4999999999999998,1.983396645817599,0.19137014231327346,0.007996342841143337,0.04486232959823926,0.5327439423706615,0.0,2.3404055872777874,0.14884225896309705,-0.01620851681611978,Insurance—Property & Casualty,Financial Services,MCY
2015Q3,2015,Q3,2015-11-02,2015-09-30,15270000.0,752413000.0,0.0,0.28,752413000.0,1.0,4646579000.0,1829499000.0,0.0,0.0,2817080000.0,0.0,1731827000.0,2786333640.0,2781149640.0,33.16472699586687,0.0,0.06241150747679099,0.15851334163068687,0.0,33.16472699586687,0.008346547333450305,3.703197100528566,45.617774066797644,1.5230036419806732,2.2307138179436805,0.0,0.01222502557159666,0.1619283778452922,0.0,0.003286288686795167,39.56062074057247,1.0,0.6470588235294118,-0.8433865424072003,-0.02526247111585719,-0.0182755922110122,0.036137493785898915,0.5841892312480548,0.0,-0.7703967186871649,0.02348279107643714,-0.03840078609357532,Insurance—Property & Casualty,Financial Services,MCY
2015Q2,2015,Q2,2015-08-04,2015-06-30,9639000.0,726171000.0,0.0,0.17,726171000.0,1.0,4586484000.0,1847743000.0,0.0,0.0,2738741000.0,0.0,1750621000.0,3069654000.0,3084872000.0,33.497878897751995,0.0,0.06322926232817994,0.1569482336017509,0.0,33.497878897751995,0.005216634564438886,4.227177896115378,79.61546840958606,1.6612992174777552,3.534080298786181,0.0,0.011097341915408057,0.15832847122109223,0.0,0.0021016098606252633,54.458353291819684,1.0,-0.6382978723404255,-0.4626483461725512,0.10344031083145955,0.02759108549031046,-0.02468208899896313,-0.6316071087330403,0.0,2.822319957994538,0.11575844707658864,-0.011750724800040427,Insurance—Property & Casualty,Financial Services,MCY
2015Q1,2015,Q1,2015-04-28,2015-03-31,26165000.0,744548000.0,0.0,0.47,744548000.0,1.0,4618057000.0,1869964000.0,0.0,0.0,2748093000.0,0.0,1775047000.0,3184277250.0,3239701250.0,33.91363644607265,0.0,0.06279697283944308,0.15508319946266344,0.0,33.91363644607265,0.01399224797910548,4.276792429769471,30.42496894706669,1.7028548410557638,1.3015478692910376,0.0,0.010694734574384187,0.16122538115055748,0.0,0.005665802739117339,576.4441075307748,1.0,2.2366544187822104,-0.5750818413495724,0.05701883828042394,0.03208985232980942,0.03149993557870412,2.248568429089521,0.0,-0.6450096289177298,0.025371273526618054,-0.019742000647264862,Insurance—Property & Casualty,Financial Services,MCY
2014Q4,2014,Q4,2015-02-09,2014-12-31,-20956000.0,721811000.0,0.0,-0.38005767242786415,721811000.0,1.0,4600289000.0,1875446000.0,0.0,0.0,2724843000.0,0.0,1782937000.0,3124727130.0,3124820130.0,34.01305790819565,0.0,0.06303951773464667,0.15462988537126635,0.0,34.01305790819565,-0.011173875440828474,4.329010128690197,-37.27723718744035,1.6661248204427108,-1.6241171979385378,0.0,0.010892151085205318,0.15690557701918292,0.0,-0.004555365978093985,74.60965903392946,1.0,-1.666767846364674,-1.6081699859388252,0.058803186849891644,0.05217062032647085,0.0025333790748999635,-1.6696063394683027,0.0,-1.2624473051104694,-0.041460552809156455,0.004873034546239554,Insurance—Property & Casualty,Financial Services,MCY
2014Q3,2014,Q3,2014-11-04,2014-09-30,31296000.0,719987000.0,0.0,0.57,719987000.0,1.0,4609006000.0,1924640000.0,0.0,0.0,2684366000.0,0.0,1837928000.0,2684647620.0,2694966620.0,34.992182102469,0.0,0.06292029127321597,0.15067752930418157,0.0,34.992182102469,0.01626070330035747,3.7287445745548182,21.44561301763804,1.3948830014963838,1.0811924846625767,0.0,0.012603888774050725,0.1562130750100998,0.0,0.006790184260988161,43.00114716811891,1.0,-0.6705202312138729,-0.8024306752246594,-0.16753161816540885,0.08362983521676434,-0.10784380541226415,-0.6704296545914069,0.0,9.248507784659953,0.1655600737603293,0.060234959383496794,Insurance—Property & Casualty,Financial Services,MCY
2014Q2,2014,Q2,2014-07-29,2014-06-30,94960000.0,807019000.0,0.0,1.73,807019000.0,1.0,4562400000.0,1923663000.0,0.0,0.0,2638737000.0,0.0,1840469000.0,2586165120.0,2597692120.0,34.98968678380443,0.0,0.05917937927406628,0.14035722473219062,0.0,34.98968678380443,0.049364155779884525,3.2045901273699875,6.808564448188711,1.3443961442310841,0.35607624262847515,0.0,0.013074571201393359,0.17688475363843592,0.0,0.02081360687357531,35.337848710100566,1.0,0.31060606060606055,-0.17341009515854236,0.010033907407809909,0.16671627165934394,0.05775300279439444,0.30710677366515715,0.0,0.653894196727473,0.13891889258578818,0.03930025514068517,Insurance—Property & Casualty,Financial Services,MCY
2014Q1,2014,Q1,2014-04-29,2014-03-31,72649000.0,762956000.0,0.0,1.32,762956000.0,1.0,4476119000.0,1861806000.0,0.0,0.0,2614313000.0,0.0,1779322000.0,2478363160.0,2509531160.0,33.86517998435709,0.0,0.060320112132854375,0.1450204801144695,0.0,33.86517998435709,0.03902071429568924,3.2483697093934643,8.528552216823357,1.3311607976341253,0.4654021390521549,0.0,0.013642471993491058,0.17045033878679275,0.0,0.016230354912369398,57.63501220901839,1.0,3.719669614984391,-0.25121920194775405,-0.034197479045443756,0.18941356878573287,0.07510984226115826,3.724830905306972,0.0,0.243894437018847,0.07806971544543766,0.019353119273090854,Insurance—Property & Casualty,Financial Services,MCY
2013Q4,2013,Q4,2014-02-10,2013-12-31,15376000.0,709654000.0,0.0,0.27968059370282117,709654000.0,1.0,4315181000.0,1822486000.0,0.0,0.0,2492695000.0,0.0,1740484000.0,2732906670.0,2656398670.0,33.14997180639176,0.0,0.044030598021264925,0.10425320139633446,0.0,33.14997180639176,0.00843682749826336,3.8510410284448477,44.434616772892824,1.4995487866573463,2.1988163371488034,0.0,0.012371077421388854,0.16445521056938284,0.0,0.0035632340798682606,79.44727085089683,1.0,-0.6115547309683039,1.0909878797430765,0.4198694480202476,0.21517597582802267,-0.026092851741604875,-0.6114227950467526,0.0,1.6482434837509166,0.0790776978496074,0.012314252297047877,Insurance—Property & Casualty,Financial Services,MCY
2013Q3,2013,Q3,2013-10-30,2013-09-30,39570000.0,728667000.0,0.0,0.72,728667000.0,1.0,4340456000.0,1840155000.0,0.0,0.0,2500301000.0,0.0,1758918000.0,2655069290.0,2585008290.0,33.4823231863753,0.0,0.041470297130071124,0.09781784686616073,0.0,33.4823231863753,0.02150362333607767,3.643734778712361,16.774509034622188,1.4428508957125896,0.8507455142784938,0.0,0.012679141793696842,0.16787798332709744,0.0,0.009116553652427303,38.6827700802774,1.0,5.235294117647059,1.2804778875815845,0.5813081970420635,0.08161465365705516,0.13399380920588827,5.271373056994818,0.0,-0.592645030590502,-0.05250391053880623,-0.008874280628324398,Insurance—Property & Casualty,Financial Services,MCY
2013Q2,2013,Q2,2013-07-31,2013-06-30,-9264000.0,642567000.0,0.0,-0.17,642567000.0,1.0,4231820000.0,1833868000.0,0.0,0.0,2397952000.0,0.0,1753011000.0,2443775680.0,2403444680.0,33.37886095993884,0.0,0.03308269255308591,0.07634137244338196,0.0,33.37886095993884,-0.005051617673682075,3.8031453218107996,-65.94817789291882,1.332579923963993,-3.6336355785837653,0.0,0.013774586708383971,0.15184176075541966,0.0,-0.002189129027227056,71.03999069767441,1.0,-1.140495867768595,-1.1304905691885945,-0.1875275436439538,-0.021096736308956674,-0.13184571298096476,-1.139390018206166,0.0,-1.518504886438528,-0.01970664234363884,0.02394005515840352,Insurance—Property & Casualty,Financial Services,MCY
2013Q1,2013,Q1,2013-05-01,2013-03-31,66461000.0,740153000.0,0.0,1.21,740153000.0,1.0,4272166000.0,1875346000.0,0.0,0.0,2396820000.0,0.0,1795937000.0,2073854720.0,2028812720.0,34.14562470412585,0.0,0.03277026220423083,0.07465289071989915,0.0,34.14562470412585,0.03543932692953727,2.8019270610265714,7.801021350867425,1.1058517841507647,0.5061765546711605,0.0,0.016221483441231605,0.173250056294629,0.0,0.01555674568825275,38.62142615043671,1.0,4.78125,18.287113585610534,0.1392378838026478,0.05803478304574644,0.08652372536009348,4.8235531009089865,0.0,0.08358744641074085,0.05493104099292112,0.039149924680856395,Insurance—Property & Casualty,Financial Services,MCY
2012Q4,2012,Q4,2013-02-11,2012-12-31,-17382000.0,681212000.0,0.0,-0.32,681212000.0,1.0,4189686000.0,1842497000.0,0.0,0.0,2347189000.0,0.0,1763117000.0,2179536660.0,2161353660.0,33.5524092216921,0.0,0.03341539198880298,0.0759838414933647,0.0,33.5524092216921,-0.009433936663126181,3.1994983353199884,-31.347610459095613,1.1829254864458394,-1.9351052813255092,0.0,0.015432637870839943,0.16259261433911754,0.0,-0.004148759596781238,68.625209697733,1.0,-1.2644628099173554,-1.4016673352055762,-0.10359948617452813,0.01965041435577913,-0.06910019158815925,-1.2625640096071056,0.0,-1.506514806462464,0.0033439573250978786,0.03792076912111293,Insurance—Property & Casualty,Financial Services,MCY
2012Q3,2012,Q3,2012-10-31,2012-09-30,66201000.0,731778000.0,0.0,1.21,731778000.0,1.0,4210910000.0,1893833000.0,0.0,0.0,2317077000.0,0.0,1814135000.0,2120113710.0,2071939710.0,34.4891369670922,0.0,0.033246970369825046,0.07392415276320563,0.0,34.4891369670922,0.034956091693406965,2.897208866623484,8.006350772646938,1.1194829269529045,0.5059742299965257,0.0,0.015799152584131913,0.17378143916635597,0.0,0.015721304896091345,35.62078848770981,1.0,13.1,0.03931502952426476,-0.08140127348235547,0.019348194887758876,0.1298013756262496,13.576177811550153,0.0,-0.581385409677051,-0.1524963637534755,0.06805164933631032,Insurance—Property & Casualty,Financial Services,MCY
2012Q2,2012,Q2,2012-08-01,2012-06-30,-5264000.0,647705000.0,0.0,-0.1,647705000.0,1.0,4120433000.0,1860731000.0,0.0,0.0,2259702000.0,0.0,1781430000.0,2287474650.0,2266987650.0,33.896183623280805,0.0,0.033977011639310724,0.07523924737106008,0.0,33.896183623280805,-0.002828995701151859,3.531661250106144,-108.6376638487842,1.229341936045565,-6.363031914893617,0.0,0.014642785221685406,0.15719343088456966,0.0,-0.0012775356376380832,206.54398645598195,1.0,-1.0746268656716418,-1.0755056359412207,-0.19887379172763764,0.03663899321188405,-0.10373957864877019,-1.0717596379300944,0.0,-1.0458903551886944,-0.1881316874990833,0.13025387237075237,Insurance—Property & Casualty,Financial Services,MCY
2012Q1,2012,Q1,2012-05-02,2012-03-31,73356000.0,722675000.0,0.0,1.34,722675000.0,1.0,4136779000.0,1898560000.0,0.0,0.0,2238219000.0,0.0,1820189000.0,2400319980.0,2335618980.0,34.59664340251836,0.0,0.033842755438470366,0.07374009775830102,0.0,34.59664340251836,0.038637704365413784,3.321437686373543,8.180380541469,1.2642844998314513,0.45637711979933476,0.0,0.013947307141941966,0.17469509490354693,0.0,0.0177326369138888,78.61910779208019,1.0,-0.07466836124778216,0.20426565391170548,-0.10146554382455156,0.06686899323608737,-0.03573134575304155,-0.07692307692307693,0.0,-0.24255452431650396,-0.08352093463343671,0.21510404245317769,Insurance—Property & Casualty,Financial Services,MCY
2011Q4,2011,Q4,2012-02-14,2011-12-31,79469000.0,749454000.0,0.0,1.44812945314066,749454000.0,1.0,4070006000.0,1857483000.0,0.0,0.0,2212523000.0,0.0,1780311000.0,2503488740.0,2432095740.0,33.84811487508428,0.0,0.03439798368847614,0.07537081093070569,0.0,33.84811487508428,0.04278316409894465,3.3404168101044225,7.875677119379883,1.347785546354933,0.4210698511369213,0.0,0.013366147594496471,0.1841407604804514,0.0,0.0195255240409965,-156.8307172837186,1.0,21.687563616295144,0.5732119379621406,-0.06557347079571435,0.06920099744302907,0.21715786345232818,22.012427287149656,0.0,1.471116807892562,0.5022334122337766,0.24076775279002968,Insurance—Property & Casualty,Financial Services,MCY
2011Q3,2011,Q3,2011-11-02,2011-09-30,-3782000.0,615741000.0,0.0,-0.07,615741000.0,1.0,4096617000.0,1809487000.0,0.0,0.0,2287130000.0,0.0,1734304000.0,2102577100.0,2030814100.0,33.004176850399446,0.0,0.03368633191728687,0.07626470927948087,0.0,33.004176850399446,-0.0020900951485144687,3.4147102434302736,-138.9857945531465,1.1619741396318404,-8.698043363299842,0.0,0.01564556182030138,0.15030475145711694,0.0,-0.0009232007776172388,28.82809487900185,1.0,-1.0673076923076923,-1.0551854959325868,-0.22789837503389587,0.0632957533457144,-0.12852082027097986,-1.0660599814850396,0.0,0.9731276057596355,0.33948468829082634,0.06616859035060103,Insurance—Property & Casualty,Financial Services,MCY
2011Q2,2011,Q2,2011-08-03,2011-06-30,57251000.0,706547000.0,0.0,1.04,706547000.0,1.0,4246515000.0,1845602000.0,0.0,0.0,2400913000.0,0.0,1770981000.0,2164841800.0,2123680800.0,33.666581539584094,0.0,0.062144134661010264,0.1429864076870311,0.0,33.666581539584094,0.0310202307973225,3.063974229598314,9.453292518907967,1.1729732629245093,0.5745401827042322,0.0,0.015194181856614185,0.16638278682637409,0.0,0.0134818786699211,40.19834738366695,1.0,-0.018867924528301903,0.5135436659634431,-0.11153334825083587,0.1295456285930021,0.0014230174489719266,-0.01674509669219936,0.0,-0.19179564802977417,-0.10465829508749631,-0.012658742730210755,Insurance—Property & Casualty,Financial Services,MCY
2011Q1,2011,Q1,2011-05-04,2011-03-31,58226000.0,705543000.0,0.0,1.06,705543000.0,1.0,4208575000.0,1820877000.0,0.0,0.0,2387698000.0,0.0,1746624000.0,2144676170.0000002,2075978170.0000002,33.22222627670638,0.0,0.06310734631080592,0.14585938534014103,0.0,33.22222627670638,0.031976899043702565,3.0397526018966956,9.208412779514306,1.1778259432130782,0.5648851028750043,0.0,0.015336114822406963,0.16764415508812366,0.0,0.0138350866979916,72.40635280216071,1.0,3.456867255888697,-0.00715534612852734,-0.09992236765818123,0.11701630716105385,0.07611505721898788,3.4622996574618345,0.0,16.176339575618066,0.08820537694575041,0.029422401129023352,Insurance—Property & Casualty,Financial Services,MCY
2010Q4,2010,Q4,2011-02-14,2010-12-31,-23647000.0,655639000.0,0.0,-0.431443740991443,655639000.0,1.0,4203364000.0,1794815000.0,0.0,0.0,2408549000.0,0.0,1721289000.0,2357335090.0,2443157090.0,32.746720429126604,0.0,0.06357051161878914,0.14887885380944554,0.0,32.746720429126604,-0.013175174043007219,3.59547722145876,-24.922136951833213,1.313413967456256,-1.3905357973527297,0.0,0.013948801822654752,0.15597959158426442,0.0,-0.005625732151676609,-163.86313707771444,1.0,-1.2437535259838661,-1.5116326463042122,-0.14507126249025168,0.1162986859770415,-0.14491164003912618,-1.2441635948744953,0.0,-1.5474872653128784,-0.13559795175046296,-0.004834292711100952,Insurance—Property & Casualty,Financial Services,MCY
2010Q3,2010,Q3,2010-11-02,2010-09-30,96849000.0,766750000.0,0.0,1.77,766750000.0,1.0,4260496000.0,1851091000.0,0.0,0.0,2409405000.0,0.0,1777817000.0,2239471650.0,2333668650.0,33.78211515649238,0.0,0.06313607617516834,0.14531484405682918,0.0,33.78211515649238,0.05231995617719496,2.920732507336159,5.780833178453055,1.209811754257354,0.3338186248696424,0.0,0.014436440845321709,0.17996730897059873,0.0,0.02273186032799937,55.235587263220204,1.0,4.53125,0.3190140255549204,-0.0003815574119370623,0.15197612688162596,0.17301222808834577,4.435763596565078,0.0,0.5236886073798579,-0.035463434375175185,-0.0015482806334714133,Insurance—Property & Casualty,Financial Services,MCY
2010Q2,2010,Q2,2010-08-04,2010-06-30,17817000.0,653659000.0,0.0,0.32,653659000.0,1.0,4181870000.0,1786004000.0,0.0,0.0,2395866000.0,0.0,1713299000.0,2270414720.0,2320912720.0,32.59845221581368,0.0,0.06455580876497835,0.15115531656144107,0.0,32.59845221581368,0.00997590150973906,3.4733931912510956,31.857421563675143,1.2712259994938422,1.8144468765785486,0.0,0.014238808317803721,0.15630782401174595,0.0,0.004260534162946241,201.15307167537875,1.0,-0.7142857142857143,-0.7591118898704502,-0.12446569959090802,0.14555335999195712,-0.06598393625944327,-0.7087726180552151,0.0,-0.7439378359837708,-0.1899305061813568,-0.0030492205011248916,Insurance—Property & Casualty,Financial Services,MCY
2010Q1,2010,Q1,2010-05-05,2010-03-31,61179000.0,699837000.0,0.0,1.12,699837000.0,1.0,4237508000.0,1800125000.0,0.0,0.0,2437383000.0,0.0,1727809000.0,2395112760.0,2423516760.0,32.85918989467535,0.0,0.0639326226640752,0.15049788209152143,0.0,32.85918989467535,0.033985973196305815,3.422386584304631,9.787315745598981,1.3305258023748352,0.5283348861537456,0.0,0.01349539802042556,0.16515296254307957,0.0,0.014437494867266327,94.110521021611,1.0,0.7922290054038266,0.006082474120254495,-0.03327137572817745,0.20520240217750382,0.03324120580757749,0.7870308164159486,0.0,0.006082471790639193,-0.1283680230950243,0.013290521673379433,Insurance—Property & Casualty,Financial Services,MCY
2009Q4,2009,Q4,2010-02-18,2009-12-31,34235000.0,677322000.0,0.0,0.6249201394593213,677322000.0,1.0,4232633000.0,1770946000.0,0.0,0.0,2461687000.0,0.0,1698954000.0,2150780580.0,2236672580.0,32.32656115948378,0.0,0.06412013514991732,0.15324973206410586,0.0,32.32656115948378,0.01933147594562454,3.175418161524356,15.70600686432014,1.214481175597675,0.9440046735796699,0.0,0.015026172497800777,0.16002379606263997,0.0,0.008088345953925134,81.33340568749054,1.0,-0.7807297756283083,-0.541094912804265,-0.04557585013937024,0.20566767727670537,-0.21354475090393552,-0.7829615118837051,0.0,-0.321102252607194,-0.15405931917456786,0.02113785548114906,Insurance—Property & Casualty,Financial Services,MCY
2009Q3,2009,Q3,2009-11-03,2009-09-30,157737000.0,861234000.0,0.0,2.85,861234000.0,1.0,4273847000.0,1768613000.0,0.0,0.0,2505234000.0,0.0,1697037000.0,1981578600.0,2050074600.0,32.29163775789666,0.0,0.06380434301929853,0.15418296710473123,0.0,32.29163775789666,0.08918683736917007,2.3008596966678048,3.140636946309363,1.1204139062644003,0.20138585113194749,0.0,0.016030653540566094,0.20151259509289873,0.0,0.03690749809246798,48.88200207212985,1.0,0.3768115942028987,1.3999908856546557,0.2572660821243454,0.2500083735896507,0.08198080602628964,0.37825368948072036,0.0,1.303991236078145,0.08103904794882151,0.040339877349011476,Insurance—Property & Casualty,Financial Services,MCY
2009Q2,2009,Q2,2009-08-05,2009-06-30,114447000.0,795979000.0,0.0,2.07,795979000.0,1.0,4141871000.0,1642546000.0,0.0,0.0,2499325000.0,0.0,1571066000.0,1830961100.0,1909677100.0,29.98988497352565,0.0,0.06601509317890393,0.16646474436636782,0.0,29.98988497352565,0.06967658744412637,2.300263072266982,3.999582994748661,1.1147091770945836,0.27756079233182174,0.0,0.01734935821410952,0.19217860720432867,0.0,0.027631715232077483,40.540277654769284,1.0,0.18285714285714277,0.46125374052321994,0.2036474249465319,0.23818739662261013,0.011463127638323774,0.1841018902672447,0.0,2.0283954243436986,0.001839094398839052,0.006188983993631203,Insurance—Property & Casualty,Financial Services,MCY
2009Q1,2009,Q1,2009-05-08,2009-03-31,96653000.0,786958000.0,0.0,1.75,786958000.0,1.0,4131962000.0,1559344000.0,0.0,0.0,2572618000.0,0.0,1488385000.0,1626589196.1,1723633196.1,28.47216550499748,0.0,0.06676924908796354,0.17692568156865965,0.0,28.47216550499748,0.06198311597697493,2.0669326648944417,4.207291020713273,1.0431240291430242,0.32867060515452184,0.0,0.019529823557273288,0.19045625298586966,0.0,0.023391551035561314,40.1200995510939,1.0,1.5693236968724937,0.40062979055474734,0.25674497598418927,0.18514941357728107,0.5805670260455998,1.5741364459888918,0.0,0.6493397600300859,0.004704808617087233,-0.042692897689105926,Insurance—Property & Casualty,Financial Services,MCY
2008Q4,2008,Q4,2009-03-02,2008-12-31,-168345000.0,497896000.0,0.0,-3.0738225189174426,497896000.0,1.0,3950195000.0,1494051000.0,0.0,0.0,2456144000.0,0.0,1423499000.0,2518748724.87,2641977724.87,27.279976288046118,0.0,0.04015624545117393,0.10617107448139321,0.0,27.279976288046118,-0.11267687649216794,5.058784816246766,-3.7404566884522854,1.685851905236167,-0.18867801241498114,0.0,0.012610626731588472,0.12604339785757412,0.0,-0.042616883470309695,-134.42646767732293,1.0,-0.19603989062935517,-4.4103827310310635,-0.18059641459968315,0.18671139805395784,0.0846674843311236,-0.19785255338375823,0.0,-4.645128669636679,-0.35026805796561167,-0.07005644275923784,Insurance—Property & Casualty,Financial Services,MCY
2008Q3,2008,Q3,2008-11-07,2008-09-30,-140539000.0,459031000.0,0.0,-2.57,459031000.0,1.0,4150250000.0,1694772000.0,0.0,0.0,2455478000.0,0.0,1623607000.0,2997453000.0,3118802956.0,30.955870534083438,0.0,0.037373882537196555,0.09152319958082857,0.0,30.955870534083438,-0.08292501882259089,6.52995767170409,-5.332066188033215,1.768646756023819,-0.22596574616298679,0.0,0.010594661534309296,0.11060321667369435,0.0,-0.033862779350641525,58.03506360239307,1.0,-2.992248062015504,-3.8208968633777816,-0.20984968545460944,0.39395933212376294,-0.4173971978570803,-2.987091027344965,0.0,-2.915683702068433,-0.4010436630397836,0.055600683287858804,Insurance—Property & Casualty,Financial Services,MCY
2008Q2,2008,Q2,2008-08-06,2008-06-30,70726000.0,787897000.0,0.0,1.29,787897000.0,1.0,4310784000.0,1866328000.0,0.0,0.0,2444456000.0,0.0,1795903000.0,2557166873.6,2667994873.6,34.09822216148389,0.0,0.03573990253281074,0.0825508699435469,0.0,34.09822216148389,0.037895803953002904,3.245559855666413,9.03899157876877,1.370159411207462,0.44888725504057914,0.0,0.0124153023910031,0.18277348157550924,0.0,0.01640676034800166,-107.64299013301903,1.0,19.428571428571427,0.6152244277219154,0.4113943732150292,0.5457771755818079,0.17706895418392166,18.855592022216612,0.0,-0.04282996875738348,0.05638099159785119,0.19825728866633818,Insurance—Property & Casualty,Financial Services,MCY
2008Q1,2008,Q1,2008-05-08,2008-03-31,-3961000.0,669372000.0,0.0,-0.07,669372000.0,1.0,4344058000.0,1826173000.0,0.0,0.0,2517885000.0,0.0,1756924000.0,2507312987.34,2616871987.34,32.27268635330819,0.0,0.03685908429399423,0.0876795352904681,0.0,32.27268635330819,-0.002169016845611013,3.7457691498001116,-158.24999920095937,1.3729876563392407,-8.013885382479172,0.0,0.012660166544933843,0.1540891028618863,0.0,-0.0009118202381275756,361.701238796884,1.0,-1.0888275919447434,-1.0909090908931427,0.2250105898975416,0.557175902930744,-0.1452017428704238,-1.0888275923932544,0.0,-1.0630630633397358,-0.10481204280475316,0.18369074960155696,Insurance—Property & Casualty,Financial Services,MCY
2007Q4,2007,Q4,2008-02-27,2007-12-31,44592000.0,783076000.0,0.0,0.7880434273569473,783076000.0,1.0,4414496000.0,1861998000.0,0.0,0.0,2552498000.0,0.0,1712072000.0,2818534414.34,2908851414.34,32.90579668218024,0.0,0.03138795459323103,0.07441576199329968,0.0,32.90579668218024,0.02394846825829029,3.599311451685405,15.801794124170257,1.5137150600269176,0.6382310728381773,0.0,0.01009744633778556,0.17738740730538663,0.0,0.010101266373330047,34796.72116469136,1.0,-0.3147448457765675,1.4867119150618464,0.5530335134658939,0.6376955897725829,-0.010501815167547609,-0.29530010430165304,0.0,-0.4213066359836748,0.06828999840829317,0.22727113654353537,Insurance—Property & Casualty,Financial Services,MCY
2007Q3,2007,Q3,2007-11-07,2007-09-30,63278000.0,791387000.0,0.0,1.15,791387000.0,1.0,4477830000.0,1845672000.0,0.0,0.0,2632158000.0,0.0,1695940000.0,2945700000.0,3028760000.0,33.83450045829514,0.0,0.02925077548723377,0.0709660221317764,0.0,33.83450045829514,0.03428453159607991,3.7221991263440013,11.63793103448276,1.5960040570588925,0.44968235405670215,0.0,0.009659843161218047,0.1767344896970184,0.0,0.014131398467561297,34.567452121667294,1.0,-0.09448818897637803,2.411764691144708,0.6347534763862305,0.6849240906315505,-0.018233809089612137,-0.08964306780416924,0.0,-0.03333332739639805,0.15995977957556778,0.3097325445733792,Insurance—Property & Casualty,Financial Services,MCY
2007Q2,2007,Q2,2007-08-06,2007-06-30,69509000.0,806085000.0,0.0,1.27,806085000.0,1.0,4370923000.0,1789619000.0,0.0,0.0,2581304000.0,0.0,1661117000.0,3016252744.56,3101945744.56,32.69815610375423,0.0,0.029264528338751334,0.07147498992802379,0.0,32.69815610375423,0.03884011066042549,3.7418544502875006,10.848425184364615,1.6854161386082733,0.4093426750492742,0.0,0.009433228051368293,0.18441985823131635,0.0,0.015902590825782107,58.419413618949854,1.0,0.15454545454545446,62.50000007308406,1.40244302108644,0.9674162786119339,0.009875946189059912,0.14980232577374158,0.0,-0.11188810825165693,0.219786837138638,0.35000333666526623,Insurance—Property & Casualty,Financial Services,MCY
2007Q1,2007,Q1,2007-05-08,2007-03-31,60453000.0,798202000.0,0.0,1.1,798202000.0,1.0,4372742000.0,1766110000.0,0.0,0.0,2606632000.0,0.0,1620061000.0,2888673072.48,2983206072.48,32.42820217089435,0.0,0.03220130526795315,0.07972776327635311,0.0,32.42820217089435,0.034229464755875905,3.6189749868830194,11.945945910376656,1.635613338059351,0.47034886606123766,0.0,0.009843273810001864,0.18254038312802356,0.0,0.013824963832762143,77.74236543531501,1.0,0.19501273039176575,1.0943396411741155,0.9209941956424588,0.6553917009144942,0.0027864881706164946,0.20587648607675735,0.0,-0.11904761668059718,0.2818433985231796,0.34981881794186886,Insurance—Property & Casualty,Financial Services,MCY
