Quarters,Year,Quarter,FillingDate,Date,NetIncome,Revenue,OperatingIncome,EPSDiluted,GrossProfit,GrossProfitRatio,TotalAssets,CommonStockEquity,CurrentAssets,CurrentLiability,TotalLiability,Inventory,RetainedEarnings,MarketCap,EnterpriseValue,bookValuePerShare,currentRatio,debtToAssets,debtToEquity,roic,shareholdersEquityPerShare,roe,priceToSalesRatio,peRatio,pbRatio,payoutRatio,inventoryTurnover,dividendYield,assetTurnover,quickRatio,returnOnAssets,priceToFreeCashFlowsRatio,grossProfitMargin,epsdilutedGrowth,fiveYNetIncomeGrowthPerShare,fiveYRevenueGrowthPerShare,fiveYShareholdersEquityGrowthPerShare,grossProfitGrowth,netIncomeGrowth,operatingIncomeGrowth,threeYNetIncomeGrowthPerShare,threeYRevenueGrowthPerShare,threeYShareholdersEquityGrowthPerShare,Industry,Sector,Symbol
2023Q1,2023,Q1,2023-05-10,2023-04-01,-4415000.0,156538000.0,-1082000.0,-0.14,27510000.0,0.1757400759,616408000.0,238924000.0,374176000.0,146821000.0,377484000.0,199944000.0,0.0,434266800.0,602399800.0,7.350376865097677,2.548518263736114,0.2796086358386004,0.7213716495622039,-0.003600651987525557,7.350376865097677,-0.018478679412700275,2.774194125388085,-24.590419026047567,1.8175938792251929,0.0,0.645320689793142,0.0,0.2539519279438294,1.066502748244461,-0.007162463822662912,-20.92448684590922,0.17574007589211565,0.33333333333333326,-2.3016587191714093,-0.15098835938077793,-0.3135686342877782,0.2789400278940028,0.34872400059005754,0.6583517524471109,0.9374980289218027,-0.058315182388975956,-0.27824086396145487,Aerospace & Defense,Industrials,ATRO
2022Q4,2022,Q4,2023-03-10,2022-12-31,-6779000.0,158153000.0,-3167000.0,-0.21,21510000.0,0.136007537,615031000.0,239920000.0,365294000.0,151612000.0,375111000.0,187983000.0,240360000.0,332493805.6,482715805.6,7.432246731756858,2.4094003113210034,0.266653225609766,0.6835611870623541,-0.007120458179257732,7.432246731756858,-0.028255251750583528,2.102355349566559,-12.261904617200178,1.3858528076025343,0.0,0.7268901975178607,0.0,0.25714638774305687,1.0656676252539377,-0.011022208636637828,44.708055075971494,0.136007537005305,0.5434782608695652,-0.20750001424988956,-0.07044533477963215,-0.2677673486738772,0.49499582985821516,0.5437167665073702,0.7787480788039681,0.8090909057171102,-0.23532150587259607,-0.4081033144370513,Aerospace & Defense,Industrials,ATRO
2022Q3,2022,Q3,2022-11-15,2022-10-01,-14857000.0,131438000.0,-14314000.0,-0.46,14388000.0,0.10946606,598887000.0,237088000.0,347337000.0,133488000.0,361799000.0,190198000.0,-14857000.0,253414260.0,425783260.0,7.353618063955833,2.602009169363538,0.29210351869384377,0.7378568295316507,-0.028790296425696558,7.353618063955833,-0.06266449588338507,1.9280136642371308,-4.264223261762132,1.068861604130112,0.0,0.6154113082156489,0.0,0.2194704510199754,1.0218371688840944,-0.024807684922197343,-8.28124113591059,0.10946606004351862,-0.3529411764705882,-3.5234875222322644,-0.0958770065765389,-0.27656874296483575,-0.08409192182825131,-0.3494096276112625,-0.7048594568842306,-12.520269222418658,-0.303340782145689,-0.4775689857144711,Aerospace & Defense,Industrials,ATRO
2022Q2,2022,Q2,2022-08-11,2022-07-02,-11010000.0,129127000.0,-8396000.0,-0.34,15709000.0,0.1216554245,582281000.0,250676000.0,324356000.0,124966000.0,331605000.0,175204000.0,0.0,333652800.0,464901800.0,7.813602643226732,2.5955539906854663,0.2437534455013988,0.5662009925162361,-0.02175835127009555,7.813602643226732,-0.043921236975219005,2.5839119626414306,-7.576130790190736,1.3310121431648823,0.0,0.6473482340585831,0.0,0.2217606276007632,1.032488836963654,-0.018908396461502264,-27.853143000250437,0.12165542450455753,-2.501544799176107,-2.4617057496654735,-0.1281759046711022,-0.2644776967460502,-0.2119098981588321,-2.5504675910996455,-0.8137826744437243,-2.6342051844345566,-0.3182796573499694,-0.4731022283187111,Aerospace & Defense,Industrials,ATRO
2022Q1,2022,Q1,2022-05-09,2022-04-02,-3101000.0,116176000.0,-4629000.0,-0.0971,19933000.0,0.1715758849,588471000.0,260082000.0,325929000.0,121185000.0,328389000.0,166088000.0,284124000.0,415767660.0,534847660.0,8.144615288259795,2.689516029211536,0.2431640641594913,0.5501918625664214,0.0067990159858915804,8.144615288259795,-0.011923162694842396,3.5787741013634484,-33.51883747178329,1.5986022100722077,0.0,0.5794699195607148,0.0,0.19742009376842698,1.1677187770763708,-0.005269588475897708,-492.6157109004739,0.17157588486434375,-2.942,-1.2804863397007789,-0.20104226235702308,-0.2124291151783386,0.07956022530329289,-2.933291770573566,-4.30406852248394,-1.040462321739453,-0.43095617078066883,-0.4309146974369821,Aerospace & Defense,Industrials,ATRO
2021Q4,2021,Q4,2022-03-04,2021-12-31,1604000.0,116052000.0,1401000.0,0.05,18464000.0,0.1591010926,609138000.0,256604000.0,339861000.0,118613000.0,352534000.0,157576000.0,287225000.0,384960000.0,536999000.0,7.998877805486284,2.8652930117272137,0.29844797073897866,0.7084690807625758,-0.03255090966536067,7.998877805486284,0.006250876837461614,3.3171336986867956,60.0,1.5002104409907875,0.0,0.6193075087576788,0.0,0.19051840469647272,1.1566691677977963,0.002633229251827993,33.25788336933045,0.15910109261365596,1.2173913043478262,-0.8308823520485584,-0.214942577524469,-0.20746853029251322,0.07155707736057107,1.2235851686646222,1.3114717652289907,-0.8684210532639167,-0.4142601322928283,-0.3202580433129914,Aerospace & Defense,Industrials,ATRO
2021Q3,2021,Q3,2021-11-09,2021-09-30,-7174000.0,111841000.0,-4498000.0,-0.23,17231000.0,0.15406693430852728,610306000.0,251660000.0,331839000.0,101816000.0,358646000.0,157163000.0,0.0,435213240.0,609560240.0,8.130128577889773,3.2592028757759093,0.3333377027261734,0.8083843280616705,-0.009922127863015995,8.130128577889773,-0.028506715409679726,3.8913568369381535,-15.166338165597994,1.7293699435746641,0.0,0.6019864726430522,0.0,0.1832539742358751,1.343413608863047,-0.01175475908806402,-25.251711053089643,0.15406693430852728,0.11538461538461538,-1.734281295068599,-0.10886334410240764,-0.05576281733931117,0.11925949983760961,0.11421163106556365,0.2402027027027027,-1.4406078784387253,-0.45096389849781593,-0.28882143417379097,Aerospace & Defense,Industrials,ATRO
2021Q2,2021,Q2,2021-08-09,2021-06-30,-8099000.0,111158000.0,-5920000.0,-0.26,15395000.0,0.1384965544540204,602495000.0,254851000.0,315702000.0,99057000.0,347644000.0,154133000.0,0.0,545436500.0,707097500.0,8.181412520064205,3.1870741088464216,0.32406575988182473,0.7661260893620194,-0.01243032743229658,8.181412520064205,-0.03177935342611957,4.906857806005865,-16.836538461538463,2.1402172249667455,0.0,0.6213010841286422,0.0,0.18449613689740163,1.3300221084829946,-0.013442435206931178,190.44570530726256,0.1384965544540204,0.3333333333333333,-1.5827966128170894,-0.27126829342971004,-0.1373180626711309,0.07860996286695159,0.31992610630615503,0.3776282590412111,-1.5979999999999999,-0.4481937902273825,-0.24873490743838114,Aerospace & Defense,Industrials,ATRO
2021Q1,2021,Q1,2021-05-10,2021-04-03,-11909000.0,105857000.0,-9512000.0,-0.39,14273000.0,0.13483284053014916,605957000.0,260304000.0,310236000.0,95202000.0,345653000.0,155254000.0,0.0,556974761.28,719516761.28,8.524524431032761,3.2587130522468017,0.31895167478880515,0.7424818673550925,-0.02025259682667698,8.524524431032761,-0.045750353432909216,5.26157704525917,-11.692307525400956,2.1397088069334314,0.0,0.5898978448220336,0.0,0.17469391392458541,1.3595302619692864,-0.019653209716200985,-63.523581350364964,0.13483284053014916,0.4,-2.147908120870404,-0.2654183941827004,-0.07333877469767033,-0.25342609059525056,0.404103077307981,-0.7392576339367343,-4.737500053352507,-0.3888427975779322,-0.20391824056993305,Aerospace & Defense,Industrials,ATRO
2020Q4,2020,Q4,2021-03-01,2020-12-31,-19985000.0,114803000.0,-5469000.0,-0.65,19118000.0,0.16652874924871303,619745000.0,270371000.0,316947000.0,93736000.0,349374000.0,157059000.0,312803000.0,406771617.42,560994617.4200001,8.793652695553401,3.381272936758556,0.3140565877901395,0.7198812002766569,-0.02978341131915086,8.793652695553401,-0.07391695115230554,3.543214179246187,-5.088461563922942,1.5044942594435056,0.0,0.6092296525509522,0.0,0.18524231740473904,1.4238712981138517,-0.032247133901846727,103.29396074657187,0.16652874924871303,-2.8235294117647056,-2.5918981332583795,-0.191725892383898,-0.0023968096426374252,0.2600013181308904,-2.803768557289684,0.39213071023674556,-2.737499981298474,-0.2915547816358019,-0.13364022206188214,Aerospace & Defense,Industrials,ATRO
2020Q3,2020,Q3,2020-10-30,2020-09-26,-5254000.0,106506000.0,-8997000.0,-0.17,15173000.0,0.14246145757046552,637461000.0,289846000.0,313670000.0,99268000.0,347615000.0,163451000.0,0.0,242159900.0,403045900.0,9.41975950601235,3.1598299552725955,0.2992857602269002,0.6582219523471085,-0.008432187283848246,9.41975950601235,-0.01812686737094871,2.2736737836366028,-11.522644651693946,0.8354778054553108,0.0,0.5587790836397453,0.0,0.1670784565644016,1.2374984889390337,-0.008242072848378175,-20.686818725439945,0.14246145757046552,0.7792207792207791,-1.2678049932618212,-0.3301934735561761,0.28466657985568417,-0.4345395594976335,0.7771746045209721,0.5183360993629209,-1.935063520123218,-0.2323528288284413,-0.07330671770875077,Aerospace & Defense,Industrials,ATRO
2020Q2,2020,Q2,2020-08-04,2020-06-27,-23579000.0,123694000.0,-18679000.0,-0.77,26833000.0,0.21693048975698093,658526000.0,292359000.0,326616000.0,112498000.0,366167000.0,156584000.0,0.0,307139442.34,458291442.34,9.547327258457116,2.9033049476435138,0.3003541242107373,0.6765346714142544,-0.0349956340614105,9.547327258457116,-0.080650843654548,2.483058534286222,-3.2564935147801006,1.0505557972903177,0.0,0.6185881060644766,0.0,0.1878346488976897,1.3271169265231382,-0.03580572369200305,17.87045105835806,0.21693048975698093,0.6451612903225806,-2.4643946147021376,-0.21517710721842842,0.2539668974552334,-0.24877516167865843,0.6478801726326479,0.7235034637930013,-4.279629580463902,-0.12504197941302303,-0.10127601111800907,Aerospace & Defense,Industrials,ATRO
2020Q1,2020,Q1,2020-05-07,2020-03-28,-66963000.0,157584000.0,-67556000.0,-2.17,35719000.0,0.22666641283379024,850026000.0,313809000.0,494549000.0,120202000.0,536217000.0,151798000.0,0.0,288419040.0,457957040.0,10.183974816641786,4.114315901565698,0.4210482973461988,1.1405090357510461,-0.09376855652957225,10.183974816641786,-0.2133877613452769,1.8302558635394457,-1.076785090273733,0.9190910394539353,0.0,0.8028103137063729,0.0,0.18538727050701978,2.679597677243307,-0.07877759033253101,14.098794544654641,0.22666641283379024,-0.9727272727272726,-7.747581321210776,0.049482268843815465,0.4254106357565526,0.3274490857737476,-0.9657419638925584,-0.8329715650097678,-7.276774027349369,0.12308118239839046,-0.01522640745161618,Aerospace & Defense,Industrials,ATRO
2019Q4,2019,Q4,2020-03-02,2019-12-31,-34065000.0,198412000.0,-36856000.0,-1.1,26908000.0,0.13561679737112675,782716000.0,388857000.0,343081000.0,120640000.0,393859000.0,145787000.0,428584000.0,865560686.9,1047434686.9,12.556662189598343,2.843841180371353,0.2731258847398034,0.5497650807366204,-0.046175986145546015,12.556662189598343,-0.0876028977233276,4.362441217769087,-6.352272764567738,2.225910005220428,0.0,1.1764011880345984,0.0,0.25349168791745663,1.4912466843501326,-0.04352153271429229,93.92953737384698,0.13561679737112675,-28.500000000000004,-2.9923736311247966,0.2883756558047952,0.8378827929630274,-0.268685111702995,-29.15289256198347,-8.222418185381148,-4.720588233087662,0.39038597555370874,0.24411826030361633,Aerospace & Defense,Industrials,ATRO
2019Q3,2019,Q3,2019-11-07,2019-09-28,1210000.0,177018000.0,5103000.0,0.04,36794000.0,0.20785456846196432,777968000.0,425792000.0,352893000.0,119083000.0,352176000.0,149621000.0,0.0,877250000.0,1034701000.0,14.075768595041323,2.963420471435889,0.23168819283055345,0.4233193672027657,0.005788931552146895,14.075768595041323,0.002841763114384488,4.955710718683975,181.25,2.0602782579287537,0.0,0.9371946451367121,0.0,0.22753892190938443,1.5326285028089652,0.0015553338954815623,45.56669436941616,0.20785456846196432,-0.7999999999999999,-0.9225058711943794,0.07910728600700735,1.2046163151221296,-0.08842256522062285,-0.8201011002081475,-0.5173555282322898,-0.8732704588371708,0.44328499192459275,0.6347667757814662,Aerospace & Defense,Industrials,ATRO
2019Q2,2019,Q2,2019-08-08,2019-06-29,6726000.0,189098000.0,10573000.0,0.2,40363000.0,0.213450168695597,767263000.0,474966000.0,354648000.0,119590000.0,292297000.0,142853000.0,0.0,1288189125.62,1393366125.62,14.829447120822218,2.9655322351367173,0.1593755987190833,0.25745632318944933,0.013484627697494712,14.829447120822218,0.014161013630449337,6.8122831844863505,47.88095174026167,2.71217124093093,0.0,1.0411751940806284,0.0,0.24645786386154422,1.623948490676478,0.008766224879865184,-224.3841013098763,0.213450168695597,-0.9148936170212765,-0.4747874686264693,0.11183542075980862,1.5035198394427947,-0.2249361522361119,-0.9139303355258107,-0.5379135527293387,-0.5292796525798381,0.20568640984393075,0.5636781717500459,Aerospace & Defense,Industrials,ATRO
2019Q1,2019,Q1,2019-05-09,2019-03-30,78146000.0,208174000.0,22881000.0,2.35,52077000.0,0.250160923073967,780521000.0,466003000.0,361416000.0,147971000.0,314518000.0,139090000.0,0.0,1065390455.76,1164730455.76,14.311765304038751,2.4424785937785107,0.14772952937845363,0.24743617530359246,0.03045613814557797,14.311765304038751,0.16769419939356614,5.117788272118516,3.4083332984413786,2.286230894994238,0.0,1.1222733481918183,0.0,0.266711593922521,1.3822303018834772,0.10012030425830952,135.20183448730964,0.250160923073967,5.351351351351352,9.432793073367634,0.480193804658685,1.580358163564517,0.09240224869944622,5.259191029235082,0.23294536049143227,6.0640499460648005,0.35475926472183844,0.5557651432847361,Aerospace & Defense,Industrials,ATRO
2018Q4,2018,Q4,2019-03-01,2018-12-31,12485000.0,202917000.0,18558000.0,0.37,47672000.0,0.23493349497577828,774640000.0,386625000.0,374171000.0,128092000.0,388015000.0,138685000.0,376567000.0,1000442758.35,1217802758.35,11.76752108178224,2.9211113886893796,0.3020525663534029,0.6051910766246362,0.023941178098908642,11.76752108178224,0.032292272874232135,4.930305289108355,20.03289464056868,2.5876308007759454,0.0,1.1194072899015755,0.0,0.2619500671279562,1.553024388720607,0.016117164102034492,28.085757231689172,0.23493349497577828,-0.2884615384615385,0.9271686710239276,0.8976285556161849,1.2231414017923377,0.02918825561312608,-0.26554503206070945,0.011665939816833842,-0.06935185142742846,0.3369332139056326,0.33497614475035936,Aerospace & Defense,Industrials,ATRO
2018Q3,2018,Q3,2018-11-07,2018-09-29,16999000.0,212674000.0,18344000.0,0.52,46320000.0,0.21779813235280288,776056000.0,369445000.0,366028000.0,117673000.0,406611000.0,154870000.0,0.0,1222426073.6999998,1477178073.6999998,11.43190890243525,3.110552123256822,0.3345699279433443,0.7027974394023467,0.03181538482006867,11.43190890243525,0.046012261635696786,5.747886783057637,17.977911549208773,3.3088174794624368,0.0,1.0741525150125912,0.0,0.27404465657117527,1.648661970035607,0.021904347108971517,367.31552695312496,0.21779813235280288,0.22040803873387366,1.3431006139412927,1.3387896279908,1.4579349111059519,-0.06560154926167998,0.21204991087344027,-0.08867802672760694,-0.1750104761615026,0.273462491882017,0.5590834672094852,Aerospace & Defense,Industrials,ATRO
2018Q2,2018,Q2,2018-08-08,2018-06-30,14025000.0,208606000.0,20129000.0,0.426087,49572000.0,0.23763458385664843,764423000.0,351290000.0,353495000.0,115789000.0,413133000.0,159479000.0,0.0,1008959762.25,1263696762.25,10.890180578160118,3.052923852870307,0.3471180223514991,0.7553445870932848,0.026645457632092615,10.890180578160118,0.039924279085655726,4.8366766164443975,17.985022500000003,2.8721562306071906,0.0,0.9972096639682968,0.0,0.2728934111087709,1.55544999956818,0.018347171657577023,201.1883872881356,0.23763458385664843,3.454554008280015,1.2049984827283917,1.388239750152512,1.039810586037096,0.33502100614025637,3.257741347905282,2.0351326899879374,-0.1731255683633594,0.25647478272205904,0.43034019706678944,Aerospace & Defense,Industrials,ATRO
2018Q1,2018,Q1,2018-05-10,2018-03-31,3294000.0,179059000.0,6632000.0,0.095652,37132000.0,0.20737298879140395,767570000.0,338028000.0,349893000.0,122539000.0,429542000.0,159961000.0,0.0,1023885549.0000001,1283603549.0,10.708101686861488,2.8553603342609293,0.35971312062743466,0.8168110334055168,0.009060567133826997,10.708101686861488,0.009744754872377435,5.718146247884776,77.708375,3.028996263623132,0.0,0.8872600196297847,0.0,0.23328035228057376,1.4202580402973748,0.004291465273525542,-189.60843500000001,0.20737298879140395,1.5499991374997844,-0.6775935950287351,1.029153375457538,1.1122466179584471,0.15485335738500294,1.5826994516186097,1.8191699604743083,-0.6760002246559954,0.16403765465617676,0.4987705987128745,Aerospace & Defense,Industrials,ATRO
2017Q4,2017,Q4,2018-03-01,2017-12-31,-5653000.0,171318000.0,-8096000.0,-0.173913,32153000.0,0.18768022040883037,735956000.0,329927000.0,315329000.0,102891000.0,406029000.0,150196000.0,325191000.0,1172150539.2749999,1426003539.2749999,10.150116521431483,3.064689817379557,0.3692707172711412,0.823718580170765,-0.00782944538909729,10.150116521431483,-0.017134093299426844,6.841957875267046,-51.837543749999995,3.552757244102483,0.0,0.9265559668699566,0.0,0.23278293811043052,1.4631697621755062,-0.007681165721863807,100.12390358546168,0.18768022040883037,-1.9523791269871693,-1.814153292584477,1.069541096331883,1.147347535414501,-0.010463792201397225,-1.9328382838283829,-1.8029356342358425,-1.3149997854264472,0.05985499638975971,0.4856435746724011,Aerospace & Defense,Industrials,ATRO
2017Q3,2017,Q3,2017-11-09,2017-09-30,6060000.0,149636000.0,10083000.0,0.182609,32493000.0,0.21714694324895079,640628000.0,337330000.0,285671000.0,93092000.0,303298000.0,139265000.0,330844000.0,858501146.8944,1020471146.8944,10.164916144338495,3.0686954840372964,0.2768330450745206,0.5257374084724158,0.013731323512406548,10.164916144338495,0.017964604393324046,5.737263405159187,35.416713980792075,2.544989022305754,0.0,0.8411517610311277,0.0,0.23357705251721747,1.4003566364456665,0.009459467897125946,62.11121016454927,0.21714694324895079,-0.192306501479519,0.095443276033274,0.9354740853004925,1.5555395028901144,-0.048521229868228405,-0.2114508783344177,-0.14179930206826113,-0.6462224524067338,-0.16850910405015443,0.5920793115021502,Aerospace & Defense,Industrials,ATRO
2017Q2,2017,Q2,2017-08-16,2017-07-01,7685000.0,151114000.0,11749000.0,0.226087,34150000.0,0.22598832669375438,627828000.0,347723000.0,277515000.0,84090000.0,280105000.0,134423000.0,324784000.0,867268036.1499,1021966036.1499,10.623202870476344,3.3002140563681768,0.25957109271966206,0.46866615093048203,0.016728398834516538,10.623202870476344,0.022100925161694797,5.7391640493263365,28.213013537732596,2.494134803133241,0.0,0.8701189528577699,0.0,0.24069331090680887,1.5298846474015935,0.012240613671260281,-179.67019601199502,0.22598832669375438,-0.31578979224355763,0.17368921452139122,0.8444888500910428,1.4710369667071836,-0.10875068507451001,-0.33675671010615343,-0.2932507218479307,-0.41280586609373826,-0.13060349206696895,0.7934181178825088,Aerospace & Defense,Industrials,ATRO
2017Q1,2017,Q1,2017-05-05,2017-04-01,11587000.0,152396000.0,16624000.0,0.330435,38317000.0,0.2514304837397307,603286000.0,346100000.0,256402000.0,83125000.0,257186000.0,122184000.0,317099000.0,923406314.49,1054139314.49,10.341437761635985,3.0845353383458645,0.23454215745102655,0.4088298179716845,0.02550157179034099,10.341437761635985,0.03347876336318983,6.059255587351374,19.923326022482094,2.6680332692574398,0.0,0.9336656190663262,0.0,0.25260987326077516,1.4862436090225564,0.019206479182344693,256.28818054121564,0.2514304837397307,0.15151398990092577,0.48351086079059735,0.825713308442728,1.5497438899882239,0.05018363207805734,0.1721800708143652,0.0792002077382498,0.5050110120374132,0.05424243474327259,0.8645228442714497,Aerospace & Defense,Industrials,ATRO
2016Q4,2016,Q4,2017-02-24,2016-12-31,9885000.0,154068000.0,15404000.0,0.286957,36486000.0,0.2368175091518031,604344000.0,337449000.0,255073000.0,86560000.0,266895000.0,116597000.0,305512000.0,983848676.5899,1114067676.5899,10.092820425715798,2.9467768022181144,0.2450921991448579,0.4389404028460597,0.02193535622564304,10.092820425715798,0.0292933154343323,6.385808062608069,24.882364101919574,2.9155477615577468,0.0,1.0084479017470431,0.0,0.2549342758428974,1.470841035120148,0.016356578372582503,47.908486394132254,0.2368175091518031,-0.07438898906196063,0.24482239453328514,0.6398745434883463,1.135434281093041,-0.0563070636008587,-0.18129865827397715,-0.12102710413694721,0.4993989508943163,0.4158412713544144,0.9067539198209675,Aerospace & Defense,Industrials,ATRO
2016Q3,2016,Q3,2016-11-08,2016-10-01,12074000.0,155099000.0,17525000.0,0.310019,38663000.0,0.2492794924532073,619428000.0,329371000.0,265957000.0,93220000.0,290057000.0,120691000.0,295707000.0,1303072295.9616,1453785295.9616,8.610260988643285,2.8530036472859903,0.2647458623116811,0.4978914354937138,0.02611664912532354,8.610260988643285,0.036657750682361226,8.401551885967027,26.980956931456024,3.956244769459363,0.0,0.964744678559296,0.0,0.25039068301723527,1.4177858828577559,0.019492176653299494,-699.8240042758325,0.2492794924532073,-0.28070171368114305,0.20491360685145335,0.8289590626728424,1.2763032710582427,-0.1376603100256496,-0.19399198931909212,-0.2249347662642077,0.40598514140374253,0.44094615689714833,0.8512622221133769,Aerospace & Defense,Industrials,ATRO
2016Q2,2016,Q2,2016-08-04,2016-07-02,14980000.0,164426000.0,22611000.0,0.431002,44835000.0,0.27267585418364493,612251000.0,318444000.0,257364000.0,92248000.0,293807000.0,119329000.0,283633000.0,846495950.0998,992673950.0998,9.48369516741755,2.7899141444800972,0.2720926548098737,0.5231343658539649,0.03239755744775882,9.48369516741755,0.047041238019871624,5.148187939254132,14.127101970957945,2.658225465387321,0.0,1.0021956104551282,0.0,0.26855979002075947,1.373764200849883,0.024467089478008203,44.43548294487139,0.27267585418364493,0.29545570674144794,1.5130529568795696,1.2614316393363045,1.745985499971131,0.13555200972570475,0.304309969525468,0.284788908460708,1.2625201719993815,0.8084097517346704,0.7763655669808435,Aerospace & Defense,Industrials,ATRO
2016Q1,2016,Q1,2016-05-05,2016-04-02,11485000.0,159530000.0,17599000.0,0.332703,39483000.0,0.24749576882091143,613821000.0,310973000.0,257037000.0,95147000.0,302848000.0,118666000.0,268653000.0,975152780.9918001,1131707780.9918,9.199181101218059,2.701472458406466,0.28077566587001745,0.5542153177285488,0.025327098688740585,9.199181101218059,0.03693246680579986,6.112660822364446,21.226660448232476,3.1358117296093235,0.0,1.011637705829808,0.0,0.2598966148111583,1.2818901279073434,0.018710666464653376,-511.3543686375459,0.24749576882091143,-0.16981155615885968,0.6695090808481733,1.19120127431946,1.8237488111438835,0.014961054985733014,-0.17415689940317824,0.10179678206974269,0.04973031715082149,0.6882150198277116,0.8146016667806092,Aerospace & Defense,Industrials,ATRO
2015Q4,2015,Q4,2016-02-24,2015-12-31,13907000.0,157340000.0,15973000.0,0.400756,38901000.0,0.24724164230329224,609243000.0,300225000.0,249967000.0,104232000.0,309018000.0,115467000.0,257168000.0,1048432977.0497999,1199660977.0498,8.814780045363857,2.3981790620922556,0.27868847077438724,0.5655391789491215,0.031886168973212434,8.814780045363857,0.0463219252227496,6.663486570800813,18.847216816168118,3.4921574720619533,0.0,1.02573895571895,0.0,0.2582549163470077,1.0921597973750863,0.022826688201587873,32.21685084502965,0.24724164230329224,-0.3513511763715703,1.284686280924168,1.230048890923603,1.8558998049089195,-0.3453985562118229,-0.43682675953672956,-0.5698087799622946,0.9114903474258198,0.8139347531851023,0.8648452129260392,Aerospace & Defense,Industrials,ATRO
2015Q3,2015,Q3,2015-11-10,2015-10-03,24694000.0,200145000.0,37130000.0,0.617832,59427000.0,0.2969197331934348,648393000.0,283986000.0,286408000.0,113149000.0,364407000.0,119811000.0,243315000.0,988064370.0464001,1174165370.0464,7.332454703593627,2.531246409601499,0.32161667383824316,0.7343108463093251,0.05187467245806896,7.332454703593627,0.0869549907389801,4.93674271176597,10.00308141700818,3.4792714079088407,0.0,1.1744998372436588,0.0,0.30867853292678976,1.3000203271792061,0.03808492688847659,52.78403600867568,0.2969197331934348,0.22077783507904616,2.593465202971785,1.711981079217718,1.6530719265482985,0.20171074981800532,0.39592990390050875,0.31877108861658676,2.8248317677242167,1.218194579776751,0.8434365204894057,Aerospace & Defense,Industrials,ATRO
2015Q2,2015,Q2,2015-08-11,2015-07-04,17690000.0,173156000.0,28155000.0,0.506097,49452000.0,0.2855921827716048,638210000.0,256148000.0,274078000.0,109895000.0,382062000.0,133418000.0,218621000.0,1540275936.016,1747679936.016,7.6136995943291685,2.493998817052641,0.362217765312358,0.9024899667379797,0.03779193186761042,7.6136995943291685,0.06906163624154786,8.895307907412969,21.767607914301863,6.013226478504614,0.0,0.9271912335666852,0.0,0.27131508437661583,1.1156376541243915,0.027718149198539665,-138.48911490882935,0.2855921827716048,0.6382997319659712,4.400331831944764,1.7278278834347498,1.861469198789737,0.23131318161446143,0.6559019002152954,0.6049136407683976,1.6285714434962937,1.0563242078102426,0.7710038469920754,Aerospace & Defense,Industrials,ATRO
2015Q1,2015,Q1,2015-05-13,2015-04-04,10683000.0,161638000.0,17543000.0,0.308916,40162000.0,0.24846880065331173,600283000.0,236991000.0,237321000.0,105635000.0,363292000.0,120784000.0,0.0,1593675945.9324,1787869945.9324,7.144590170141763,2.246613338382165,0.36109135191234804,0.9146212303420805,0.025343973302928823,7.144590170141763,0.04507766117700672,9.859537645432386,37.29467251550127,6.7246264454447635,0.0,1.0057292356603524,0.0,0.2692696611431608,0.9363279216168884,0.017796605934201036,80.81521023997972,0.24846880065331173,-0.4197529240946905,1.399038226869246,1.6294217424548592,1.8260820983980026,-0.05556731334509112,-0.42063018601876456,-0.3115802691990739,0.38000003216415557,0.9537483595842261,0.7615418235526883,Aerospace & Defense,Industrials,ATRO
2014Q4,2014,Q4,2015-02-27,2014-12-31,18439000.0,166083000.0,25483000.0,0.532387,42525000.0,0.256046675457452,562910000.0,228177000.0,245818000.0,109216000.0,334733000.0,115053000.0,190248000.0,1214577780.5951998,1376388780.5951998,6.832134365518784,2.250750805742748,0.325110586061715,0.8020440272244792,0.04681285026860445,6.832134365518784,0.08081007288201703,7.31307707950362,16.467511532555992,5.322963228525223,0.0,1.0739224531302964,0.0,0.2950436126556643,1.0079567096396131,0.03275656854559343,59.49729502278827,0.256046675457452,0.07999983771206486,2.2068846352677247,1.302871190727559,1.3987452934087714,-0.17121418826739426,0.07956674473067915,-0.011175352140002329,1.3245999048731867,0.7697156544839233,0.4455398314617243,Aerospace & Defense,Industrials,ATRO
2014Q3,2014,Q3,2014-11-04,2014-09-27,17080000.0,179442000.0,25771000.0,0.492951,51310000.0,0.28594197568016405,590907000.0,211269000.0,277539000.0,135716000.0,379638000.0,126564000.0,0.0,1108528001.4972,1296243001.4972,6.384679501141025,2.0449983789678448,0.3598586579614051,1.0065035570765233,0.04424155030592446,6.384679501141025,0.08084479975765493,6.17763957990437,16.22552695399883,5.246997910233872,0.0,1.0123889889700073,0.0,0.30367215145530513,1.0081788440567065,0.028904717662847114,28.838627474627334,0.28594197568016405,0.28571540351481184,4.183135009605394,1.7974490880007619,1.3276550898091224,0.1876764964584973,0.2994522215459525,0.1463458031226369,0.9704479667117589,1.4461971485410234,0.6879240771301937,Aerospace & Defense,Industrials,ATRO
2014Q2,2014,Q2,2014-08-05,2014-06-28,13144000.0,174563000.0,22481000.0,0.383406,43202000.0,0.24748658077599492,582775000.0,194723000.0,267232000.0,112798000.0,388052000.0,127320000.0,154766000.0,1070473057.0072,1295266057.0072,5.923439026599762,2.3691200198585083,0.42146282870747714,1.261371281255938,0.0336838027839027,5.923439026599762,0.06750101426128398,6.132302131649891,20.360488759266588,5.497414568423864,0.0,1.0317389255419416,0.0,0.2995375573763459,1.1164471001258887,0.022554158980738707,73.96856391702597,0.24748658077599492,0.7500011410887814,4.130277822298441,1.8340976671248015,1.2558697551824873,0.43982669555074155,0.7508991607832689,0.6497394877816101,1.252317091243024,1.45232103909369,0.71512025532926,Aerospace & Defense,Industrials,ATRO
2014Q1,2014,Q1,2014-05-08,2014-03-29,7507000.0,140951000.0,13627000.0,0.219089,30005000.0,0.21287539641435677,602719000.0,180996000.0,290711000.0,123330000.0,421723000.0,141106000.0,141622000.0,1093215437.6628,1332516437.6628,5.546425882315663,2.357179923781724,0.44534517743757873,1.483005149285067,0.02013668264636546,5.546425882315663,0.04147605471944131,7.755996322571674,36.406535155947786,6.039997777093417,0.0,0.7862599747707397,0.0,0.2338585642729033,1.120019459985405,0.012455223744398301,-76.27261826992256,0.21287539641435677,0.1764683771331608,3.024379300395795,1.1165986470607183,1.1439571254449854,0.19195169427561276,0.17498826107372045,0.2489231051232701,0.13042551976096792,1.0055145602633428,0.7025117039181629,Aerospace & Defense,Industrials,ATRO
2013Q4,2013,Q4,2014-03-07,2013-12-31,6389000.0,105456000.0,10911000.0,0.186226,25173000.0,0.2387061902594447,491271000.0,171509000.0,211198000.0,85237000.0,319762000.0,85269000.0,134115000.0,905448608.4204,1051133608.4204,5.293195058260823,2.4777737367575114,0.40775865052079197,1.1679853535382982,0.02106039902351603,5.293195058260823,0.03725168941571579,8.586032169060083,35.42998154720614,5.279306674404259,0.0,0.9415262287583999,0.0,0.21465952600499522,1.3559487077208254,0.013005042023648862,67.7426760751459,0.2387061902594447,-0.12820440799206034,3.2612318392402475,0.497787955705988,0.8557942782887464,0.05835610678999369,-0.10705800139762404,-0.11666126943005181,0.10329681536465359,0.5711327815369407,0.7149417973489485,Aerospace & Defense,Industrials,ATRO
2013Q3,2013,Q3,2013-11-05,2013-09-28,7155000.0,89681000.0,12352000.0,0.213612,23785000.0,0.265217827633501,432830000.0,148237000.0,191904000.0,56463000.0,284593000.0,67255000.0,127766000.0,696309045.2791001,826792045.2791001,4.6510218194880695,3.3987567079326286,0.45900006931127696,1.3402119578782625,0.023705431273326347,4.6510218194880695,0.04826730168581393,7.764287254592389,24.329456508703707,4.697268868629964,0.0,0.9797933239164375,0.0,0.20719682092276415,2.0682570887129623,0.016530739551325002,44.444312585632225,0.265217827633501,0.14705787591421174,1.2332268649378173,0.6498127361102534,0.8140538068333394,0.27321877843798514,0.38716556804963165,0.5478696741854636,0.2652342494773384,0.4766638870569943,0.6828600949965382,Aerospace & Defense,Industrials,ATRO
2013Q2,2013,Q2,2013-08-06,2013-06-29,5158000.0,70833000.0,7980000.0,0.186226,18681000.0,0.26373300580238024,222437000.0,139657000.0,118530000.0,49549000.0,82780000.0,53108000.0,120611000.0,469013828.0805,477953828.0805,5.338819522119133,2.3921774405134313,0.11452680983829129,0.18241119313747253,0.0322959611532899,5.338819522119133,0.03693334383525351,6.6214028500910596,22.732349170245254,3.358326672350831,0.0,0.9819989455449273,0.0,0.3184407270373184,1.1978849219964076,0.023188588229476212,407.8381113743478,0.26373300580238024,-0.3928567935447062,-0.2718585139531984,0.06823017438753216,0.743328692279124,-0.07606706563133686,-0.397711349836525,-0.2786114626649792,1.0251244384818134,0.4351352065566181,1.0064972923044861,Aerospace & Defense,Industrials,ATRO
2013Q1,2013,Q1,2013-05-06,2013-03-30,8564000.0,73967000.0,11062000.0,0.306725,20219000.0,0.2733516297808482,216838000.0,134142000.0,112482000.0,49035000.0,82696000.0,49649000.0,115453000.0,346152712.2989,356286712.2989,5.069531936195597,2.293912511471398,0.12881506009094346,0.20822710262259397,0.05390231940310683,5.069531936195597,0.06384279345767918,4.679826304958969,10.104878336609644,2.580494642236585,0.0,1.0825595681685432,0.0,0.3411164094854223,1.16690119302539,0.03949492247668766,27.696648447663627,0.2733516297808482,0.5135104461703955,1.30659150287991,0.28339517849896834,0.827205219029538,0.15201413024898866,0.5144120247568523,0.39513179467776516,1.4108945559459087,0.508385691889342,1.0052813542774657,Aerospace & Defense,Industrials,ATRO
2012Q4,2012,Q4,2013-02-22,2012-12-31,5655000.0,67420000.0,7929000.0,0.202658,17551000.0,0.26032334618807473,211989000.0,125134000.0,108010000.0,47968000.0,86855000.0,48624000.0,106889000.0,265722218.1288,288325218.12880003,4.7268159224502115,2.251709472981988,0.14143658397369674,0.2396071411446929,0.03758939107946145,4.7268159224502115,0.04519155465341154,3.941296620124592,11.747224497294429,2.1235013515815044,0.0,1.0256046396841065,0.0,0.31803536975975166,1.1018387258172115,0.026675912429418507,297.56127450033597,0.26032334618807473,0.2893944888753157,0.6230395433473687,0.1037284945183974,0.5093321773257684,0.049889334210683735,0.14705882352941177,0.035793598954931415,1.4669494118693411,0.17934818586624154,0.6595732519564002,Aerospace & Defense,Industrials,ATRO
2012Q3,2012,Q3,2012-11-07,2012-09-29,4930000.0,68899000.0,7655000.0,0.157173,16717000.0,0.24263051713377554,207398000.0,117635000.0,107680000.0,47759000.0,89763000.0,46651000.0,102841000.0,347483942.82,373314942.82,3.977600867778711,2.2546535731485164,0.16103337544238613,0.2839121009903515,0.03385361571213376,3.977600867778711,0.04190929570280954,5.04338151235867,17.620889595334685,2.9539162903897647,0.0,1.118561231270498,0.0,0.33220667508847723,1.1494587407609036,0.023770721029132393,165.2324977746077,0.24263051713377554,-0.15384656796769847,-0.24509806526171216,0.15389960639025013,0.6049546060133913,-0.019760759939017238,-0.050827878321139774,-0.015560699588477367,0.6739130474952125,0.20180035797002163,0.4501092660108761,Aerospace & Defense,Industrials,ATRO
2012Q2,2012,Q2,2012-08-08,2012-06-30,5194000.0,64989000.0,7776000.0,0.18575,17054000.0,0.26241363923125455,187572000.0,111626000.0,101843000.0,39025000.0,75946000.0,44572000.0,97911000.0,279718865.5992,297307865.5992,4.299086988015581,2.6096860986547084,0.13731793657902033,0.23074373353878128,0.03914580825308097,4.299086988015581,0.046530378227294715,4.304095548465125,13.463557258336541,2.505857646060954,0.0,1.0754509557569776,0.0,0.3464749536178108,1.3248942985265855,0.027690700104493208,209.0574481309417,0.26241363923125455,-0.15217103551524727,-0.17499998609208225,0.12314635803834499,0.9157480658935406,-0.05883002207505519,-0.14782608695652175,-0.16071235833783054,1.5666667166158335,0.3358468471185571,0.6372550249293244,Aerospace & Defense,Industrials,ATRO
2012Q1,2012,Q1,2012-05-04,2012-03-31,6095000.0,65138000.0,9265000.0,0.219089,18120000.0,0.27817863612637783,180199000.0,105925000.0,95837000.0,35961000.0,74274000.0,42290000.0,92717000.0,348299397.10719997,367289397.10719997,4.055873141707479,2.6650260003893105,0.15108296938384785,0.25702147746046733,0.04711280415592546,4.055873141707479,0.057540712768468255,5.347099958660075,14.286275517112387,3.2881699042454566,0.0,1.1117994797824544,0.0,0.36147814360790015,1.3383665637774256,0.03382371711274757,111.49148434929576,0.27817863612637783,-0.04743913043478262,-0.07068967390811548,0.0875592744364627,1.0688235168222249,0.04444060176379042,0.1791449023021861,0.2315565598830254,3.0827036213832084,0.22221166967059275,0.5677876720195565,Aerospace & Defense,Industrials,ATRO
2011Q4,2011,Q4,2012-03-07,2011-12-31,5169000.0,61156000.0,7523000.0,0.23,17349000.0,0.2836843482242135,174905000.0,102863000.0,92310000.0,33477000.0,72042000.0,40094000.0,86622000.0,297305282.1836,319649282.1836,4.726354969139907,2.7574155390267947,0.19017752494211143,0.32337186354665914,0.03979724941130316,4.726354969139907,0.0502513051340132,4.861424589306037,14.37924560764171,2.8903034345060905,0.0,1.0926073726742156,0.0,0.3496526685915211,1.3916420228813813,0.02955318601526543,21.891265899683383,0.2836843482242135,-0.07132993628515819,5.187682486376609,0.5490265161101237,1.348940523774179,0.217046650298141,-0.22445611402850713,-0.047118429385687145,3.723672599701928,0.29316599970817564,0.6570601333126281,Aerospace & Defense,Industrials,ATRO
2011Q3,2011,Q3,2011-11-08,2011-10-01,6665000.0,56404000.0,7895000.0,0.247666,14255000.0,0.25273030281540315,166331000.0,96241000.0,104387000.0,32274000.0,70090000.0,40015000.0,81469000.0,274195123.6343,288236123.6343,3.7825632015370316,3.234399206791845,0.20833759191010695,0.3600648372315333,0.05356509160541813,3.7825632015370316,0.0692532288733492,4.861270896289271,10.284888358375845,2.849046909677788,0.0,1.0533300012495315,0.0,0.3391069614203005,1.7862056144264733,0.04007070239462277,70.86976573644353,0.25273030281540315,0.46666824585610805,1.5208333578433695,0.4299303648336077,1.143100984528505,-0.00910607535103573,0.46547933157431837,0.09016846175089754,1.6058995197929833,0.2998056491345756,0.47532594807117473,Aerospace & Defense,Industrials,ATRO
2011Q2,2011,Q2,2011-08-09,2011-07-02,4548000.0,55475000.0,7242000.0,0.168863,14386000.0,0.2593240198287517,157159000.0,88480000.0,99116000.0,29984000.0,68679000.0,40826000.0,74804000.0,282085457.5684,301126457.5684,3.453658137494627,3.305629669156884,0.22344250090672504,0.39688065099457503,0.0397266099990731,3.453658137494627,0.05140144665461121,5.084911357699865,15.506016796855759,3.188126780836347,0.0,1.0064419732523393,0.0,0.35298646593577204,1.7288220384204909,0.02893884537315712,730.7913408507773,0.2593240198287517,-0.13333367549091046,0.6399999888576177,0.3880787118036785,1.1530481886258994,-0.008272438990762443,-0.12689575734306008,-0.11260874892782748,-0.34444883234928053,-0.14576331609714557,0.12775142509927143,Aerospace & Defense,Industrials,ATRO
2011Q1,2011,Q1,2011-05-06,2011-04-02,5209000.0,55128000.0,8161000.0,0.194842,14506000.0,0.2631330721230591,153153000.0,83389000.0,100040000.0,29540000.0,69764000.0,39875000.0,70256000.0,225564112.14780003,245231112.14780003,3.2577901635278694,3.386594448205823,0.23868288574170926,0.4383671707299524,0.046487513734111245,3.2577901635278694,0.06246627252995,4.091643305539835,10.825691694557497,2.704962430869779,0.0,1.0187335423197492,0.0,0.3599537717184776,1.8302979011509817,0.034011739894092834,-53.590903337562374,0.2631330721230591,-0.6590917839233787,2.0732560457143863,0.5788810189248881,1.18508155854658,0.16579602989632725,0.16506374412883024,0.2721745908028059,0.45030599571546337,-0.011205843064627059,0.17420133933870635,Aerospace & Defense,Industrials,ATRO
2010Q4,2010,Q4,2011-03-03,2010-12-31,4471000.0,51823000.0,6415000.0,0.571538,12443000.0,0.2401057445535766,150888000.0,77215000.0,97140000.0,31285000.0,73673000.0,37763000.0,65047000.0,182190439.2587,198059439.2587,3.0865158610299983,3.1050023973150074,0.2556730820211017,0.49961794988020464,0.042341199640000084,3.0865158610299983,0.0579032571391569,3.5156289535283562,10.187342834863566,2.3595213269274105,0.0,1.0428196912321586,0.0,0.343453422406023,1.714879335144638,0.029631249668628387,201.76128378593577,0.2401057445535766,2.2195152177464332,1.5747240486314154,0.5435747414203368,0.8193281003494309,-0.03490266035833398,-0.037873897137938456,-0.11223360088569057,0.35792141201283795,-0.10222081567978436,-0.01443640257856989,Aerospace & Defense,Industrials,ATRO
2010Q3,2010,Q3,2010-11-08,2010-10-02,4647000.0,49906000.0,7226000.0,0.177523,12893000.0,0.25834568989700635,146124000.0,72384000.0,91549000.0,30844000.0,73740000.0,35012000.0,60576000.0,161765036.4825,178688036.4825,2.7637602396755607,2.968129944235508,0.266718677287783,0.538433908045977,0.045876003274261785,2.7637602396755607,0.06419927055702918,3.241394551406644,8.70265959126856,2.234817590662301,0.0,1.0571518336570318,0.0,0.34153184966193095,1.6454415769679678,0.03180175741151351,26.7027131862826,0.25834568989700635,0.8636411354665323,3.097883544408194,0.7025104567165016,1.0500972772372743,0.20664482919981284,0.9123456790123456,0.5633924707918649,-0.1964934294853813,-0.05619774705813986,0.11517215377647619,Aerospace & Defense,Industrials,ATRO
2010Q2,2010,Q2,2010-08-05,2010-07-03,2430000.0,47089000.0,4622000.0,0.095256,10685000.0,0.22691074348573978,138240000.0,66405000.0,83625000.0,27586000.0,71835000.0,32501000.0,55929000.0,140296337.65,164138337.65,2.6607658742401963,3.031428985717393,0.29118923611111114,0.6061892929749266,0.02709094574675256,2.6607658742401963,0.036593629997741135,2.9793866433774343,14.4337795936214,2.1127375596717113,0.0,1.120088612658072,0.0,0.3406322337962963,1.6145871094033206,0.017578125,26.59142108605004,0.22691074348573978,-0.2903259452411996,10.243753413853094,1.2784152913560347,1.5625583699418304,-0.0745712800970033,-0.2852941176470588,-0.23980263157894738,-0.5984373655310264,-0.15333622807606154,0.1856836327296751,Aerospace & Defense,Industrials,ATRO
2010Q1,2010,Q1,2010-05-07,2010-04-03,3400000.0,46936000.0,6080000.0,0.134225,11546000.0,0.2459945457644452,136041000.0,64028000.0,80191000.0,26205000.0,72013000.0,31716000.0,53499000.0,88270900.0537,117360900.0537,2.528090098370375,3.060141194428544,0.30702508802493367,0.6523396014243769,0.03540404257305976,2.528090098370375,0.053101767976510277,1.8806651622145047,6.490507356889706,1.3786296628615606,0.0,1.115840585193593,0.0,0.34501363559515147,1.6603319977103606,0.02499246550672224,126.46260752679083,0.2459945457644452,1.2934136317929437,2.9776924990818316,1.1359685040573633,0.9586254026006995,0.16638044246893627,1.3521491455204557,1.408464897547867,-0.4654323280330208,-0.19190705923154966,0.2895305315077478,Aerospace & Defense,Industrials,ATRO
2009Q4,2009,Q4,2010-03-01,2009-12-31,-9655000.0,45576000.0,-14885000.0,-0.45746,9899000.0,0.21719764788485169,138714000.0,60113000.0,82493000.0,29636000.0,78601000.0,31909000.0,50099000.0,62582099.7648,92409099.7648,2.8482116814536327,2.7835402888378997,0.322793661778912,0.7448638397684361,-0.08498695229859839,2.8482116814536327,-0.16061417663400596,1.3731371723012111,-1.6204583056654582,1.0410743061367758,0.0,1.1180858065122692,0.0,0.32856092391539427,1.535598596301795,-0.06960364490967026,11.34144613352664,0.21719764788485169,-5.5936175767678185,-9.454324575380515,2.894430077114552,0.8900708836386702,-0.02183794466403162,-4.868189102564102,-4.799132210311384,-12.918194746116521,0.19039939611415832,0.41552631627050973,Aerospace & Defense,Industrials,ATRO
2009Q3,2009,Q3,2009-11-10,2009-10-03,2496000.0,48586000.0,3918000.0,0.099586,10120000.0,0.2082904540402585,157885000.0,68749000.0,87765000.0,34162000.0,89136000.0,31030000.0,59754000.0,76228864.9188,111831864.9188,2.7429663136494145,2.5690826064047774,0.33659308990721093,0.7730003345503207,0.02217508264799456,2.7429663136494145,0.036305982632474657,1.5689471230148602,7.635102656129807,1.1087996177224395,0.0,1.2396390589751853,0.0,0.30773031003578555,1.5093671330718341,0.015808974886784684,5.02199518537453,0.2082904540402585,0.2777756392984075,5.599999823647415,2.804639551296857,0.971378437241641,0.16001834021091244,0.27607361963190186,0.718421052631579,-0.041666683353515914,0.2503861450318711,0.5540926863883979,Aerospace & Defense,Industrials,ATRO
2009Q2,2009,Q2,2009-08-12,2009-07-04,1956000.0,47024000.0,2280000.0,0.077937,8724000.0,0.18552228649200408,153625000.0,65900000.0,82478000.0,31134000.0,87725000.0,32610000.0,57258000.0,86080934.2986,136837934.29860002,2.62578946013689,2.6491295689599794,0.3595313262815297,0.8381335356600911,0.013615529548747264,2.62578946013689,0.02968133535660091,1.8305744789596803,11.00216440421779,1.3062357253201822,0.0,1.174486353879178,0.0,0.3060960130187144,1.4258688250786922,0.012732302685109845,14.402030165400703,0.18552228649200408,0.38461128482092116,16.99999924504097,1.7590561695346831,0.4875280344387653,0.022743259085580305,0.3961456102783726,-0.07505070993914807,-0.28000000536276937,0.20109291516675493,0.6369458168091499,Aerospace & Defense,Industrials,ATRO
2009Q1,2009,Q1,2009-05-14,2009-04-04,1401000.0,50015000.0,2465000.0,0.056288,8530000.0,0.1705488353493952,160328000.0,63405000.0,87736000.0,36880000.0,96923000.0,35918000.0,55302000.0,91372170.6645,148899170.6645,2.587004103995076,2.378958785249458,0.3662242403073699,0.9260468417317246,0.013767791098564613,2.587004103995076,0.02209604920747575,1.826895344686594,16.304812752408992,1.4410877795836292,0.0,1.154991926053789,0.0,0.3119542438002096,1.2635303687635575,0.008738336410358765,46.905631757956876,0.1705488353493952,1.6549685827321385,3.527246708343183,3.072496452060329,0.9993527176062524,3.3901183736489964,1.7866367209432903,1.8430232558139534,-0.13673965510816838,0.4960176209006382,0.7351685270614579,Aerospace & Defense,Industrials,ATRO
2008Q4,2008,Q4,2009-03-11,2008-12-31,-1781000.0,44381000.0,-2924000.0,-0.08594,1943000.0,0.04377999594421036,104674000.0,58255000.0,66755000.0,23395000.0,46419000.0,35586000.0,53901000.0,63039305.646,74447305.646,2.8522531404406264,2.853387475956401,0.1380094388291266,0.24797871427345292,-0.023401170105238903,2.8522531404406264,-0.03057248304866535,1.420412015186679,-8.848863790847838,1.0821269529825766,0.0,1.1925476310908785,0.0,0.42399258650667787,1.0724941226757854,-0.01701473145193649,9.365518592482543,0.04377999594421036,-1.9022003863273707,-3.318491602583783,2.8923598845941076,0.854574406223367,-0.7542994436014163,-1.7486338797814207,-1.7539969056214544,-2.2562554595252258,0.6191616895829484,0.6812433570264776,Aerospace & Defense,Industrials,ATRO
2008Q3,2008,Q3,2008-11-04,2008-09-27,2379000.0,40363000.0,3878000.0,0.095256,7908000.0,0.19592200777940194,113952000.0,60677000.0,74172000.0,30929000.0,53275000.0,42661000.0,55690000.0,190982705.31440002,209509705.31440002,2.5638830568135225,2.398137670147758,0.1670527941589441,0.31372678280073174,0.03183092198045969,2.5638830568135225,0.0392076074954266,4.73162810778188,20.06964116376629,3.147530453292022,0.0,0.7607651016150583,0.0,0.3542105447907891,0.9158718354941964,0.02087721145745577,-66.87069513809524,0.19592200777940194,-0.6333346164209553,6.804138085775551,2.8447646912554814,0.9974874981648065,-0.34768621628309826,-0.5349882720875684,-0.5034571062740076,1.3216551314858032,0.5238309498673674,0.9018327271924323,Aerospace & Defense,Industrials,ATRO
2008Q2,2008,Q2,2008-08-05,2008-06-28,5116000.0,47889000.0,7810000.0,0.25979,12123000.0,0.2531479045292238,112121000.0,57856000.0,72409000.0,31806000.0,54265000.0,37645000.0,53333000.0,98800517.4212,114696517.4212,3.0624285286898356,2.2765830346475506,0.1616378733689496,0.3132432245575221,0.06878765535459865,3.0624285286898356,0.08842643805309734,2.0631150665330242,4.828015902130572,1.7076969963564714,0.0,0.9500863328463275,0.0,0.42711891617092246,0.9996227126957178,0.045629275514845566,21.334596722349385,0.2531479045292238,0.9354814676848575,14.63569800237791,3.9743950398875008,1.3119637405984426,0.4264031062477939,0.9327540612013601,0.8205128205128205,30.27139471516621,2.0609826217058074,1.9493958617399003,Aerospace & Defense,Industrials,ATRO
2008Q1,2008,Q1,2008-05-08,2008-03-29,2647000.0,41089000.0,4290000.0,0.134225,8499000.0,0.2068436807904792,105293000.0,52339000.0,65700000.0,29975000.0,52954000.0,36095000.0,48217000.0,127114539.0606,147783539.06059998,2.774473213735739,2.1918265221017514,0.20760164493366132,0.41764267563384855,0.03760318446698133,2.774473213735739,0.05057414165345154,3.093639150638857,12.005528811919154,2.428677259034372,0.0,0.9028951378307245,0.0,0.3902348684148044,0.8898415346121769,0.02513937298775797,-95.86315162941176,0.2068436807904792,0.03250000000000005,3.548588949054562,3.5358919046528867,1.3100564093193325,0.1119979065811854,0.27936201063315613,0.13132911392405064,3.15756200406091,1.5104226537726537,1.1495095126399617,Aerospace & Defense,Industrials,ATRO
2007Q4,2007,Q4,2008-03-12,2007-12-31,2069000.0,36273000.0,3792000.0,0.13,7643000.0,0.2107076889146197,104121000.0,49232000.0,64021000.0,31921000.0,54889000.0,36920000.0,45570000.0,231699846.2588,251816846.2588,3.1317267288537995,2.005607593747063,0.2202725674935892,0.4658555411114722,0.03207883579986803,3.1317267288537995,0.04202551186220344,6.387667032194745,27.99659814630256,4.706285469995125,0.0,0.7754604550379198,0.0,0.34837352695421675,0.7373829140691082,0.01987111149527953,44.4550741095165,0.2107076889146197,-0.37449478424881627,2.4146117168069887,3.211778907245494,0.09939186953333198,-0.24640110431867482,-0.49854580707707224,-0.394732641660016,4.007715204459653,3.1612489568207103,1.0782112313711834,Aerospace & Defense,Industrials,ATRO
2007Q3,2007,Q3,2007-11-07,2007-09-29,4126000.0,37724000.0,6265000.0,0.207832,10142000.0,0.26884741808928003,103866000.0,46307000.0,65437000.0,34891000.0,57559000.0,37800000.0,43501000.0,282325293.3111,307923293.3111,2.4783260865295293,1.8754693187354905,0.2545106194519862,0.5708640162394455,0.0605481602788521,2.4783260865295293,0.08910099984883495,7.483970239399322,17.10647681235458,6.096816751486816,0.0,0.7296825396825397,0.0,0.36319873683399767,0.708090911696426,0.03972426010436524,63.543842743889265,0.26884741808928003,-0.0943389648816242,2.187500079425337,2.3957218873491493,0.07071278259336043,-0.11307389593353738,-0.08331481892912686,-0.10894609586118617,11.199999985360414,2.962577982844955,0.7811806813396512,Aerospace & Defense,Industrials,ATRO
2007Q2,2007,Q2,2007-08-08,2007-06-30,4501000.0,41368000.0,7031000.0,0.229481,11435000.0,0.2764213885128602,107338000.0,41657000.0,69806000.0,43058000.0,65681000.0,37744000.0,39375000.0,204199503.92549998,234318503.92549998,2.244077425708065,1.6212086023503183,0.2915929121094114,0.7513503132726793,0.06519019793509857,2.244077425708065,0.108049067383633,4.9361705648206335,11.341896463313708,4.901925340891086,0.0,0.7930532005086901,0.0,0.3853993925729937,0.6744855775930141,0.041932959436546235,-50.14722591490668,0.2764213885128602,-0.05356951375427888,2.4999998880021175,1.2225560913406328,0.003346646203205578,-0.018454935622317595,-0.04132055378061768,-0.04651478166531055,54.999997796985966,2.2815638484847205,0.27128550589044415,Aerospace & Defense,Industrials,ATRO
2007Q1,2007,Q1,2007-05-09,2007-03-31,4695000.0,42875000.0,7374000.0,0.24247,11650000.0,0.2717201166180758,94062000.0,36652000.0,60778000.0,40419000.0,57410000.0,32976000.0,34874000.0,114109768.3496,138593768.34960002,1.9604732393691182,1.5036987555357628,0.2639748251153495,0.6774527993015388,0.07946750817880487,1.9604732393691182,0.12809669322274364,2.6614523230227407,6.0761324999787005,3.1133299233220564,0.0,0.9469007763221737,0.0,0.45581637643256573,0.6187436601598258,0.04991388658544364,-17.357737807970793,0.2717201166180758,5.5532432432432435,2.4684513213226458,1.2428232595057422,-0.13200543238602774,1.5140267587397496,6.851170568561873,6.501525940996948,18.8893803416324,3.576718534242073,0.515141585153991,Aerospace & Defense,Industrials,ATRO
