Quarters,Year,Quarter,FillingDate,Date,NetIncome,Revenue,OperatingIncome,EPSDiluted,GrossProfit,GrossProfitRatio,TotalAssets,CommonStockEquity,CurrentAssets,CurrentLiability,TotalLiability,Inventory,RetainedEarnings,MarketCap,EnterpriseValue,bookValuePerShare,currentRatio,debtToAssets,debtToEquity,roic,shareholdersEquityPerShare,roe,priceToSalesRatio,peRatio,pbRatio,payoutRatio,inventoryTurnover,dividendYield,assetTurnover,quickRatio,returnOnAssets,priceToFreeCashFlowsRatio,grossProfitMargin,epsdilutedGrowth,fiveYNetIncomeGrowthPerShare,fiveYRevenueGrowthPerShare,fiveYShareholdersEquityGrowthPerShare,grossProfitGrowth,netIncomeGrowth,operatingIncomeGrowth,threeYNetIncomeGrowthPerShare,threeYRevenueGrowthPerShare,threeYShareholdersEquityGrowthPerShare,Industry,Sector,Symbol
2023Q1,2023,Q1,2023-05-05,2023-03-31,1157000000.0,4243000000.0,1438000000.0,7.65,1996000000.0,0.4704218713,121398000000.0,37712000000.0,15689000000.0,1183000000.0,82333000000.0,0.0,30237000000.0,100301088000.0,103149088000.0,251.58105403602403,13.262045646661031,0.08496845088057464,0.2735203648705982,0.021699874397968683,251.58105403602403,0.03067988969028426,23.63919113834551,21.67266378565255,2.6596597369537545,0.6879861711322386,0.0,0.007936105339156441,0.03495115240778267,7.797125950972105,0.009530634771577786,-211.1601852631579,0.47042187131746405,-0.07720144752714099,0.1428878562200329,0.27386780762763596,0.2686049625294842,-0.06510538641686182,-0.08101667990468626,0.007708479327259986,0.4866525889302547,0.18443244786191693,0.183057212698893,Asset Management,Financial Services,BLK
2022Q4,2022,Q4,2023-02-24,2022-12-31,1259000000.0,4337000000.0,1427000000.0,8.29,2135000000.0,0.4922757667,117628000000.0,37744000000.0,16445000000.0,1294000000.0,78843000000.0,0.0,29876000000.0,106319949737.81999,107392949737.81999,251.56643495370048,12.708655332302937,0.08776821845138913,0.2735269181856719,0.02262365987594626,251.56643495370048,0.0333562950402713,24.51462986807009,21.11198366517474,2.816870224083828,0.5806195393169182,0.0,0.006875473528746126,0.03687047301662869,8.253477588871716,0.010703233923895671,57.81400203252854,0.4922757666589809,-0.09989142236699257,-0.41261098991448064,0.3439022580919317,0.27485876022311523,0.008026440037771483,-0.10455192034139403,-0.06487549148099607,0.0009974743883831585,0.1280241025282917,0.16380115273605297,Asset Management,Financial Services,BLK
2022Q3,2022,Q3,2022-11-04,2022-09-30,1406000000.0,4311000000.0,1526000000.0,9.21,2118000000.0,0.4913013222,115430000000.0,37162000000.0,16025000000.0,1601000000.0,77313000000.0,0.0,29348000000.0,83204986698.76,84771986698.76,245.77259334271076,10.009369144284822,0.0878194576799792,0.27277864485226844,0.025028527097464726,245.77259334271076,0.037834346913513804,19.300623219382974,14.794627791386914,2.23898032126258,0.5234708392603129,0.0,0.008845623672348578,0.037347310058043835,6.344784509681449,0.012180542320020792,51.234597720911324,0.4913013221990257,0.31009957325746806,0.5894371823161617,0.42751389745371904,0.32427525473497476,-0.052772808586762074,0.30547818012999073,-0.08513189448441247,0.29035016730528795,0.19913665551756501,0.17764013444072227,Asset Management,Financial Services,BLK
2022Q2,2022,Q2,2022-08-05,2022-06-30,1077000000.0,4526000000.0,1668000000.0,7.03,2236000000.0,0.4940344675,125966000000.0,37089000000.0,17231000000.0,1324000000.0,87661000000.0,7302000000.0,28678000000.0,92513285018.15999,94482285018.15999,244.1669275452269,13.014350453172206,0.08149024339901244,0.27676669632505596,0.024730229125707413,244.1669275452269,0.029038259322170995,20.44040764873177,21.474764396044566,2.4943591096594675,0.6843082636954503,0.31361270884689124,0.007966423415354128,0.03593033040661766,13.031722054380664,0.00854992617055396,60.50574559722694,0.49403446752098984,-0.20475113122171942,0.34442490465912035,0.6330200593252169,0.3425047402326433,-0.026979982593559618,-0.20983125458547322,-0.05442176870748299,0.09819754257246566,0.3135431596565133,0.18936580572555697,Asset Management,Financial Services,BLK
2022Q1,2022,Q1,2022-05-06,2022-03-31,1363000000.0,4699000000.0,1764000000.0,8.84,2298000000.0,0.4890402213,143327000000.0,37489000000.0,18146000000.0,1451000000.0,104468000000.0,0.0,28338000000.0,116415348144.04,118425348144.04,246.08412539001338,12.505858028945555,0.0646912305427449,0.24732588225879593,0.03042361514288558,246.08412539001338,0.036357331483901946,24.774494178344327,21.35277845635363,3.105320177759876,0.5766691122523845,0.0,0.006751687063010687,0.03278516957726039,7.624396967608546,0.009509722522623092,-204.59639392625658,0.4890402213236859,-0.16287878787878793,0.6919992298611916,0.7805424151137951,0.3759019477627085,-0.1298750473305566,-0.16482843137254902,-0.18747121142330722,0.34474653842570513,0.45899048221695804,0.24396342023338013,Asset Management,Financial Services,BLK
2021Q4,2021,Q4,2022-02-25,2021-12-31,1632000000.0,5106000000.0,2171000000.0,10.56,2641000000.0,0.5172346259,151561000000.0,37806000000.0,20374000000.0,7488000000.0,113755000000.0,0.0,27688000000.0,139002357236.56,129679357236.56,249.01492354617432,2.720886752136752,0.04940584978985359,0.19806379939692112,0.037072924507749995,249.01492354617432,0.043167751150611014,27.223336709079515,21.29325325314951,3.676727430475586,0.38419117647058826,0.0,0.00451071487178412,0.03368940558586971,2.720886752136752,0.010767941620865525,77.611589746823,0.5172346259302781,-0.030303030303030307,1.0645134530059068,0.9019981518170299,0.39870044592577075,0.022058823529411766,-0.029149315883402735,0.12196382428940568,0.8421272132062034,0.5558213170762852,0.22192222945930087,Asset Management,Financial Services,BLK
2021Q3,2021,Q3,2021-11-05,2021-09-30,1681000000.0,5050000000.0,1935000000.0,10.89,2584000000.0,0.5116831683168317,169636000000.0,36817000000.0,25482000000.0,1402000000.0,132707000000.0,0.0,26672000000.0,127577736637.81999,128636736637.81999,242.02455721295993,18.17546362339515,0.04963569053738593,0.22869869897058423,0.03165630345501765,242.02455721295993,0.04565825569709645,25.26291814610297,18.973488494619275,3.4651855566129774,0.37418203450327187,0.0,0.004930327317106009,0.02976962437218515,8.114122681883025,0.00990945318210757,73.44717135165227,0.5116831683168317,0.2208520179372198,1.072796119133375,0.9205648171765678,0.3743184453384011,0.06381226842321944,0.21988388969521044,0.0020714655618850335,0.45528845355319125,0.48665026669625067,0.1956864748130979,Asset Management,Financial Services,BLK
2021Q2,2021,Q2,2021-08-05,2021-06-30,1378000000.0,4820000000.0,1931000000.0,8.92,2429000000.0,0.5039419087136929,176962000000.0,36033000000.0,26376000000.0,1238000000.0,140814000000.0,0.0,25620000000.0,133383085833.83,133458085833.83,236.3702549907838,21.305331179321485,0.03668019122749517,0.18014042683096052,0.031916733361594,236.3702549907838,0.03824272194932423,27.672839384612033,24.198673046776122,3.7016924994818643,0.45718432510885343,0.0,0.0047232375534095854,0.0272374860139465,8.24394184168013,0.007786982516020388,78.6456874020224,0.5039419087136929,0.14800514800514805,0.8876120495251755,0.8578453319079864,0.3632048141405631,0.12245841035120147,0.14929107589658047,0.24983818770226537,0.35617711198204727,0.4119154291784453,0.18428604307068686,Asset Management,Financial Services,BLK
2021Q1,2021,Q1,2021-05-06,2021-03-31,1199000000.0,4398000000.0,1545000000.0,7.77,2164000000.0,0.4920418371987267,173859000000.0,35380000000.0,25803000000.0,1196000000.0,138430000000.0,0.0,24872000000.0,115029756863.88,115994756863.88,231.89742834600509,21.57441471571906,0.04159692624483058,0.20440927077444884,0.0290104716388174,231.89742834600509,0.03388920293951385,26.155015203246933,23.984519779791494,3.251265032896552,0.5512927439532944,0.0,0.005746339191016388,0.025296360844132313,8.438127090301004,0.006896393054141575,-185.2331028403865,0.4920418371987267,-0.22455089820359284,0.9783186912228345,0.8169117563120128,0.35074600359071556,-0.07875691783737761,-0.22545219638242894,-0.16396103896103897,0.1636682340502899,0.2973175480594251,0.1693496933812943,Asset Management,Financial Services,BLK
2020Q4,2020,Q4,2021-02-25,2020-12-31,1548000000.0,4478000000.0,1848000000.0,10.02,2349000000.0,0.5245645377400625,176982000000.0,35283000000.0,12199000000.0,1028000000.0,141648000000.0,0.0,24334000000.0,110045794318.72,113611794318.72,231.34092472690978,11.866731517509727,0.041043721960425356,0.20587818496159624,0.0348757343178204,231.34092472690978,0.04387382025337982,24.574764251612326,17.772253604444444,3.1189466405555084,0.3578811369509044,0.0,0.005034267810321567,0.025302008113819486,11.866731517509727,0.00874665220191884,57.166646399335065,0.5245645377400625,0.1296505073280722,0.9548323098351862,0.7006088892416772,0.3459119077722247,0.046325167037861915,0.1348973607038123,0.05179282868525897,-0.28951774775280054,0.36503737177813717,0.17236230079937742,Asset Management,Financial Services,BLK
2020Q3,2020,Q3,2020-11-05,2020-09-30,1364000000.0,4369000000.0,1757000000.0,8.87,2245000000.0,0.513847562371252,165118000000.0,33873000000.0,10213000000.0,988000000.0,131186000000.0,0.0,23340000000.0,85934653539.15,86654653539.15,222.13540596056978,10.337044534412955,0.04376869874877361,0.21335577008236647,0.032736409515703314,222.13540596056978,0.04026806010686978,19.669181400583657,15.750486352483502,2.5369661246169515,0.40762463343108507,0.0,0.006470032485168492,0.026459865066195083,10.337044534412955,0.008260758972371274,89.98393040748691,0.513847562371252,0.12993630573248402,0.7618846953694346,0.6348568943475872,0.3109375221824688,0.2328390993959363,0.12355848434925865,0.2496443812233286,0.5289812818202893,0.43454480635418985,0.19691303783370018,Asset Management,Financial Services,BLK
2020Q2,2020,Q2,2020-08-07,2020-06-30,1214000000.0,3648000000.0,1406000000.0,7.85,1821000000.0,0.49917763157894735,157342000000.0,32730000000.0,8456000000.0,914000000.0,124556000000.0,0.0,22532000000.0,83644521591.02,85368521591.02,212.9017580741577,9.25164113785558,0.04569663535483215,0.21967613809960282,0.028008541189014444,212.9017580741577,0.03709135349831959,22.928871050169956,17.224983853175456,2.555591860403911,0.45634266886326197,0.0,0.0066232670049663715,0.023185163529127632,9.25164113785558,0.007715676678827014,50.41863869259795,0.49917763157894735,0.524271844660194,0.60652018235828,0.36100616929682156,0.27710822733528456,-0.01620745542949757,0.5062034739454094,1.0555555555555556,0.49737666351580345,0.3005388424283702,0.17059923836522686,Asset Management,Financial Services,BLK
2020Q1,2020,Q1,2020-05-08,2020-03-31,806000000.0,3710000000.0,684000000.0,5.15,1851000000.0,0.498921832884097,149020000000.0,33013000000.0,7501000000.0,982000000.0,115950000000.0,0.0,21872000000.0,68302385461.630005,69829385461.63,212.65332845745934,7.638492871690428,0.03981344785934774,0.17971708114985005,0.017963886751966522,212.65332845745934,0.02441462454184715,18.410346485614557,21.185603431026678,2.0689542138439405,0.739454094292804,0.0,0.008725903143380152,0.02489598711582338,7.638492871690428,0.005408669977184271,-68.99230854710102,0.498921832884097,-0.37876960193003606,0.05535451648893566,0.46643027121004327,0.2979740590612448,-0.11095100864553314,-0.38047655649500384,-0.5552665799739922,-0.018146263861640498,0.3795207531883731,0.188984166935277,Asset Management,Financial Services,BLK
2019Q4,2019,Q4,2020-02-28,2019-12-31,1301000000.0,3977000000.0,1538000000.0,8.29,2082000000.0,0.5235101835554438,168622000000.0,33547000000.0,8008000000.0,1167000000.0,135009000000.0,0.0,21662000000.0,78016894979.09999,78142894979.09999,216.1592935032563,6.86203941730934,0.029385252220943885,0.14770322234477,0.03261195415813018,216.1592935032563,0.03878141115449966,19.617021619084735,14.991716944485011,2.32559975494381,0.393543428132206,0.0,0.006562681072313376,0.02358529729216828,6.86203941730934,0.007715481965579817,67.14018500783132,0.5235101835554438,0.15944055944055927,0.7240015321873238,0.5389951689523769,0.3206668067787641,0.08720626631853785,0.16264521894548703,0.023968042609853527,0.6100169106143781,0.44924045723143174,0.21415253314302454,Asset Management,Financial Services,BLK
2019Q3,2019,Q3,2019-11-08,2019-09-30,1119000000.0,3692000000.0,1502000000.0,7.15,1915000000.0,0.5186890574214518,163872000000.0,32407000000.0,7633000000.0,1252000000.0,131405000000.0,0.0,20873000000.0,69199370026.28,70710370026.28,208.69923345422632,6.09664536741214,0.037334016793595,0.18878637331440737,0.029881645969082517,208.69923345422632,0.034529576943253,18.74305797028169,15.46009160551385,2.135321690569321,0.4584450402144772,0.0,0.007413362286465568,0.02252977933997266,6.09664536741214,0.006828500292911541,78.99471464187215,0.5186890574214518,0.11544461778471142,0.31971127006449807,0.4014816563341584,0.29297929313207144,0.08009024252679076,0.1156530408773679,0.1752738654147105,0.3517299858850525,0.3755306472657091,0.18508307325092274,Asset Management,Financial Services,BLK
2019Q2,2019,Q2,2019-08-08,2019-06-30,1003000000.0,3524000000.0,1278000000.0,6.41,1773000000.0,0.5031214528944381,163347000000.0,31893000000.0,6886000000.0,1277000000.0,131397000000.0,0.0,20267000000.0,73471828277.36,75554828277.36,205.29169946690715,5.3923257635082225,0.03738054570944064,0.19145266986486062,0.025520364078179467,205.29169946690715,0.031448907283729975,20.848986457820658,18.31301801529412,2.3036976225930457,0.5134596211365903,0.0,0.007009489379464576,0.021573705057331936,5.3923257635082225,0.006140302546113489,83.96780374555429,0.5031214528944381,-0.030257186081694427,0.34806903163036973,0.3776097826434525,0.28846466165419515,0.08374083129584352,-0.04748338081671415,0.0364963503649635,0.34818059394602874,0.33285231961352757,0.1839672171411635,Asset Management,Financial Services,BLK
2019Q1,2019,Q1,2019-05-09,2019-03-31,1053000000.0,3346000000.0,1233000000.0,6.61,1636000000.0,0.48894202032277345,165008000000.0,31309000000.0,6832000000.0,6191000000.0,133646000000.0,0.0,19779000000.0,69383123425.26,70422123425.26,197.8226380192478,1.103537392989824,0.030907592359158343,0.1628924590373375,0.026433849987163104,197.8226380192478,0.03363250183653262,20.736139696730422,16.472726359273505,2.216075998123862,0.5280151946818613,0.0,0.008013476081095242,0.02027780471249879,1.103537392989824,0.006381508775332105,-245.17004743908126,0.48894202032277345,0.14359861591695502,0.48802167444808037,0.33880509589639646,0.26324241794180225,-0.07570621468926554,0.13592233009708737,-0.01043338683788122,0.6748431092812056,0.3325184626681022,0.15226865442242368,Asset Management,Financial Services,BLK
2018Q4,2018,Q4,2019-02-28,2018-12-31,927000000.0,3434000000.0,1246000000.0,5.78,1770000000.0,0.5154338963308096,159573000000.0,32374000000.0,9145000000.0,1292000000.0,127140000000.0,0.0,19282000000.0,62403384414.36,60978384414.36,203.78950275449455,7.078173374613003,0.031728425234845495,0.15639093099400753,0.026280198433538703,203.78950275449455,0.028634089083832706,18.172214447979034,16.82939169750809,1.9275772043726447,0.5361380798274002,0.0,0.007964311626111619,0.021519931316701445,7.078173374613003,0.005809253445131695,146.14375741067917,0.5154338963308096,-0.23342175066312995,0.17268979150693814,0.3155998560114458,0.3016850852976491,-0.02854006586169045,-0.23766447368421054,-0.10744985673352435,0.12387179203002593,0.25204267324261936,0.18562125901431564,Asset Management,Financial Services,BLK
2018Q3,2018,Q3,2018-11-09,2018-09-30,1216000000.0,3576000000.0,1396000000.0,7.54,1822000000.0,0.5095078299776287,174862000000.0,32415000000.0,9262000000.0,6394000000.0,142392000000.0,0.0,18852000000.0,75822198845.82,74277198845.82,202.41473188094034,1.4485455114169534,0.028794134803445004,0.15532932284436218,0.031381015601861496,202.41473188094034,0.03751349683788369,21.203075739882554,15.588445486393915,2.339108401845442,0.4128289473684211,0.0,0.006620752334297078,0.02045041232514783,1.4485455114169534,0.006954055197813133,62.149343316245904,0.5095078299776287,0.1389728096676737,0.766339759640067,0.533954838848126,0.32206531651062115,-0.01193058568329718,0.13327120223671948,-0.030555555555555555,0.4956454550025802,0.2741694158064915,0.19455548257953204,Asset Management,Financial Services,BLK
2018Q2,2018,Q2,2018-08-08,2018-06-30,1073000000.0,3605000000.0,1440000000.0,6.62,1844000000.0,0.511511789181692,195549000000.0,32130000000.0,9291000000.0,1216000000.0,163365000000.0,0.0,18138000000.0,80335938278.40001,78605938278.40001,199.58882093882406,7.640625,0.02553835611534705,0.15543106131341425,0.029529985627644594,199.58882093882406,0.03339558045440398,22.28458759456311,18.71759978527493,2.500340438169935,0.43243243243243246,0.0,0.005775746321553278,0.018435277091675233,7.640625,0.005487115761266997,57.46490577854078,0.511511789181692,-0.008982035928143655,0.5602735407934801,0.539685578669534,0.33102422974702217,0.0423968343697004,-0.014692378328741965,0.04727272727272727,0.3559993012358932,0.28440733731971213,0.19724950893235862,Asset Management,Financial Services,BLK
2018Q1,2018,Q1,2018-05-09,2018-03-31,1089000000.0,3583000000.0,1375000000.0,6.68,1769000000.0,0.493720346078705,216017000000.0,31978000000.0,8758000000.0,1421000000.0,183995000000.0,0.0,17529000000.0,87352359750.96,86307359750.96,198.3131561572911,6.163265306122449,0.023312979996944684,0.1574832697479517,0.029904362102631813,198.3131561572911,0.03405466258052411,24.379670597532794,20.053342458898072,2.7316392441978863,0.4637281910009183,0.0,0.005781183260987406,0.016586657531583164,6.163265306122449,0.005041269900054162,-502.02505604000004,0.493720346078705,-0.523197715917202,0.8305135843006326,0.5542475008262487,0.340359069379564,-0.09235505387378143,-0.52734375,-0.07656145063801209,0.3727904410207105,0.3634755391007067,0.21044581869415127,Asset Management,Financial Services,BLK
2017Q4,2017,Q4,2018-02-28,2017-12-31,2304000000.0,3469000000.0,1489000000.0,14.01,1949000000.0,0.5618333813779187,220217000000.0,31825000000.0,9737000000.0,1161000000.0,188342000000.0,0.0,16966000000.0,82850628925.48001,80826628925.48001,197.32886716774289,8.386735572782085,0.022768451118669313,0.15754909662215238,0.06266320107574934,197.32886716774289,0.07239591516103693,23.88314468880946,8.98986859000434,2.6033190550032996,0.17491319444444445,0.0,0.0048641755074964885,0.015752643982980423,8.386735572782085,0.010462407534386537,64.37500305010101,0.5618333813779187,1.4238754325259515,2.5511253467891573,0.4530287824739609,0.3323429317915993,0.09248878923766816,1.4329461457233368,0.06814921090387374,1.937952787557197,0.2917782032137386,0.20561869288200674,Asset Management,Financial Services,BLK
2017Q3,2017,Q3,2017-11-08,2017-09-30,947000000.0,3233000000.0,1394000000.0,5.78,1784000000.0,0.551809464893288,220567000000.0,30042000000.0,9430000000.0,1652000000.0,190470000000.0,0.0,15065000000.0,72371672596.44,71124672596.44,185.59026340177056,5.708232445520581,0.02266884892118948,0.16643365954330605,0.027172236620898224,185.59026340177056,0.031522535117502165,22.38529928748531,19.105510189134108,2.409016463499101,0.4276663146779303,0.0,0.005596112200672313,0.014657677712441117,5.708232445520581,0.004293479985673287,55.58500199419355,0.551809464893288,0.10727969348659014,0.5706362558598951,0.48381031922733136,0.2766164496106043,0.10327767470624613,0.10501750291715285,0.12238325281803543,0.07137902464374975,0.1772691174099377,0.14980953026857793,Asset Management,Financial Services,BLK
2017Q2,2017,Q2,2017-08-08,2017-06-30,857000000.0,2965000000.0,1242000000.0,5.22,1617000000.0,0.545362563237774,217488000000.0,29555000000.0,8566000000.0,1520000000.0,187872000000.0,0.0,14523000000.0,68642666240.65,68030666240.65,181.87416418575557,5.635526315789473,0.022851835503568015,0.16816105565894096,0.025092034582656356,181.87416418575557,0.028996785653865674,23.150983555025295,20.024115006023923,2.3225398829521233,0.4749124854142357,0.0,0.005929256864427794,0.013632936070036048,5.635526315789473,0.003940447289045832,53.046882720749615,0.545362563237774,-0.0019120458891014674,0.6850371976601222,0.44894888334084204,0.3048633783416762,0.09775967413441955,-0.00580046403712297,0.08282476024411509,0.10117425869158783,0.10810023204180998,0.14149005551495403,Asset Management,Financial Services,BLK
2017Q1,2017,Q1,2017-05-09,2017-03-31,862000000.0,2824000000.0,1147000000.0,5.23,1473000000.0,0.521600566572238,230586000000.0,29156000000.0,9041000000.0,2000000000.0,201380000000.0,0.0,14073000000.0,62518495882.49,62323495882.49,178.8529522689895,4.5205,0.024368348468684135,0.19272190972698586,0.025200524676176422,178.8529522689895,0.029565098093016873,22.13827757878541,18.131814351070187,2.1442754795750445,0.5185614849187935,0.0,0.007149884105340328,0.01224705749698594,4.5205,0.0037383015447598725,-297.70712324995236,0.521600566572238,0.019493177387914333,0.6549613329378068,0.3789605795469612,0.2654137239686575,-0.0816708229426434,0.012925969447708578,-0.0636734693877551,0.18263174149354477,0.09702744280403333,0.1421070820940372,Asset Management,Financial Services,BLK
2016Q4,2016,Q4,2017-02-28,2016-12-31,851000000.0,2890000000.0,1225000000.0,5.13,1604000000.0,0.5550173010380622,220177000000.0,29098000000.0,8525000000.0,1094000000.0,191027000000.0,0.0,13660000000.0,62196048198.08,60936048198.08,178.03306224111233,7.792504570383913,0.022322949263547054,0.16891195271152656,0.02582081765604712,178.03306224111233,0.029245996288404703,21.52112394397232,18.271459517649824,2.1374681489476943,0.4394829612220917,0.0,0.0060132437805195706,0.013125803330956459,7.792504570383913,0.0038650721919183204,53.57110094580534,0.5550173010380622,-0.024714828897338385,0.6795097980958967,0.42142382513924215,0.2724362989580283,0.037516170763260026,-0.027428571428571427,0.013234077750206782,0.04636943607160834,0.0761515718454822,0.1371683952156506,Asset Management,Financial Services,BLK
2016Q3,2016,Q3,2016-11-08,2016-09-30,875000000.0,2837000000.0,1209000000.0,5.26,1546000000.0,0.5449418399718012,226739000000.0,28904000000.0,8216000000.0,1354000000.0,197778000000.0,0.0,13183000000.0,59490274906.439995,58836274906.439995,176.10515090872244,6.06794682422452,0.0218797824811788,0.171637143647938,0.025875541314382702,176.10515090872244,0.030272626626072517,20.96943070371519,16.99722140184,2.058202148714365,0.4297142857142857,0.0,0.006320360774787695,0.012512183611994408,6.06794682422452,0.003859062622663062,57.25724245085659,0.5449418399718012,0.11205073995771656,0.6041417526071866,0.3908521813301934,0.27508217688371106,0.021136063408190225,0.10899873257287707,0.030690537084398978,0.2401286520793155,0.1873873507826091,0.1502251338713639,Asset Management,Financial Services,BLK
2016Q2,2016,Q2,2016-08-08,2016-06-30,789000000.0,2804000000.0,1173000000.0,4.73,1514000000.0,0.5399429386590585,222055000000.0,28568000000.0,8122000000.0,1615000000.0,193420000000.0,0.0,12684000000.0,56434767368.35999,56147767368.35999,173.3930606310279,5.029102167182662,0.022291774560356668,0.1732707924950994,0.024235118973985167,173.3930606310279,0.027618314197703723,20.126521886005705,17.881738709873254,1.9754539123620831,0.47655259822560203,0.0,0.00666255958044054,0.01262750219540204,5.029102167182662,0.0035531737632568507,131.24364504269766,0.5399429386590585,0.2066326530612246,0.45343517765507313,0.36230463040844774,0.33374363225287723,0.0955137481910275,0.2009132420091324,0.21806853582554517,0.12099690452155243,0.17012206951290232,0.15632911645202896,Asset Management,Financial Services,BLK
2016Q1,2016,Q1,2016-05-10,2016-03-31,657000000.0,2624000000.0,963000000.0,3.92,1382000000.0,0.5266768292682927,222958000000.0,28394000000.0,7610000000.0,1385000000.0,194489000000.0,0.0,12271000000.0,56326235434.1,56210235434.1,171.68100274185335,5.494584837545126,0.022282223557800122,0.1749665422272311,0.020410676326555882,171.68100274185335,0.023138691272804112,21.465790942873475,21.43311850612633,1.9837372485067268,0.6377473363774734,0.0,0.0074388070988734446,0.011769032732622288,5.494584837545126,0.002946743332825016,-94.66594190605042,0.5266768292682927,-0.2328767123287672,0.34139083098384027,0.33347995029921607,0.2435501320459703,-0.12030553787396563,-0.23693379790940766,-0.15303430079155672,0.0767276877576907,0.10976911775958377,0.16035765616430914,Asset Management,Financial Services,BLK
2015Q4,2015,Q4,2016-02-26,2015-12-31,861000000.0,2863000000.0,1137000000.0,5.11,1571000000.0,0.5487251135172896,225261000000.0,28503000000.0,8468000000.0,1068000000.0,196681000000.0,0.0,12033000000.0,56467344660.159996,55166344660.159996,171.88415036005517,7.928838951310861,0.021885723671651994,0.17296424937725854,0.025743228096423744,171.88415036005517,0.030207346595095254,19.72313819775061,16.395860818861788,1.9811018019212012,0.41927990708478513,0.0,0.006393075540785968,0.012709701191062812,7.928838951310861,0.003822232876529892,51.521299872408754,0.5487251135172896,0.022000000000000065,0.5157433695885131,0.3282718378035348,0.26339109083783174,-0.0025396825396825397,0.021352313167259787,-0.06955810147299508,0.2906536901938128,0.166310844835512,0.16054298646812357,Asset Management,Financial Services,BLK
2015Q3,2015,Q3,2015-11-06,2015-09-30,843000000.0,2910000000.0,1222000000.0,5.0,1575000000.0,0.5412371134020618,222216000000.0,28136000000.0,8291000000.0,1343000000.0,193993000000.0,0.0,11533000000.0,49393492713.770004,48594492713.770004,169.4477442302173,6.1734921816828,0.02227562371746409,0.17593119135626956,0.026174727551687354,169.4477442302173,0.029961615012794995,16.97370883634708,14.648129511794188,1.7555264683597527,0.4294187425860024,0.0,0.007328900632675465,0.013095366670266768,6.1734921816828,0.0037936062209741874,37.278107708505665,0.5412371134020618,0.03305785123966945,0.755224921594362,0.5958354549181404,0.2708240921102183,-0.006309148264984227,0.029304029304029304,-0.012924071082390954,0.3630139600335979,0.3020053280637543,0.1655771896040212,Asset Management,Financial Services,BLK
2015Q2,2015,Q2,2015-08-07,2015-06-30,819000000.0,2905000000.0,1238000000.0,4.84,1585000000.0,0.5456110154905336,237008000000.0,27776000000.0,7318000000.0,1284000000.0,209136000000.0,0.0,11052000000.0,57645996736.840004,57621996736.840004,166.70612052854915,5.6993769470404985,0.020872713157361777,0.1781033986175115,0.026106787203521036,166.70612052854915,0.029485887096774195,19.8437166047642,17.596458100378513,2.0753887074035138,0.4444444444444444,0.0,0.006314402050530899,0.012256970228853034,5.6993769470404985,0.0034555795584959156,60.67999656509474,0.5456110154905336,0.0,1.1729957718998134,0.6386309727530388,0.27581663090587005,0.09993060374739764,-0.0036496350364963502,0.16026241799437677,0.5705594020166709,0.3845744023714317,0.19603964970498103,Asset Management,Financial Services,BLK
2015Q1,2015,Q1,2015-05-08,2015-03-31,822000000.0,2723000000.0,1067000000.0,4.84,1441000000.0,0.5291957399926551,242714000000.0,27375000000.0,7408000000.0,1714000000.0,215238000000.0,0.0,10613000000.0,61127853296.079994,65457853296.079994,163.834806229687,4.322053675612602,0.036676911921026394,0.32518721461187217,0.022625058046950704,163.834806229687,0.030027397260273973,22.448715863415348,18.591196257931873,2.232980942322557,0.4732360097323601,0.0,0.006363711123893594,0.011218965531448535,4.322053675612602,0.003386702044381453,-103.9589341770068,0.5291957399926551,0.014675052410901529,1.205951344550434,0.5494202240651398,0.2607730637221135,-0.07982120051085569,0.01107011070110701,-0.0673076923076923,0.5397005864109938,0.2972350439438139,0.15915789835546199,Asset Management,Financial Services,BLK
2014Q4,2014,Q4,2015-02-27,2014-12-31,813000000.0,2784000000.0,1144000000.0,4.77,1566000000.0,0.5625,239808000000.0,27366000000.0,8121000000.0,1035000000.0,212323000000.0,0.0,10145000000.0,59783261100.64,62109261100.64,163.67435934161927,7.846376811594203,0.03472361222311182,0.30428268654534824,0.02383135477896118,163.67435934161927,0.02970839728129796,21.473872521781608,18.383536623813036,2.184581637822115,0.3960639606396064,0.0,0.005386123039657215,0.011609287429943955,7.846376811594203,0.0033902121697357884,48.018683614971884,0.5625,-0.11173184357541908,2.602735196860366,1.04551984410006,0.27605333334667437,-0.004450095359186269,-0.1134133042529989,-0.011235955056179775,0.5684668058538143,0.33852591341577554,0.1698119069194031,Asset Management,Financial Services,BLK
2014Q3,2014,Q3,2014-11-07,2014-09-30,917000000.0,2849000000.0,1157000000.0,5.37,1573000000.0,0.5521235521235521,222812000000.0,27106000000.0,8955000000.0,1576000000.0,195577000000.0,0.0,9660000000.0,55135775692.799995,57637775692.799995,161.40957133867164,5.682106598984771,0.03961187009676319,0.32561056592636317,0.02543922834635357,161.40957133867164,0.033830148306647975,19.35267662084942,15.031563711232279,2.0340801185272634,0.3533260632497274,0.0,0.005876402316442065,0.012786564457928657,5.682106598984771,0.004115577257957381,43.142234501408446,0.5521235521235521,0.13771186440677974,1.2955910412541463,0.9832252614943661,0.6470497020097207,0.02142857142857143,0.1349009900990099,0.031194295900178252,0.6430612951447793,0.36509799653052716,0.16867943118287496,Asset Management,Financial Services,BLK
2014Q2,2014,Q2,2014-08-08,2014-06-30,808000000.0,2778000000.0,1122000000.0,4.72,1540000000.0,0.5543556515478761,231693000000.0,26881000000.0,9704000000.0,3091000000.0,204674000000.0,0.0,9113000000.0,53920425831.600006,57058425831.600006,159.33048501566464,3.139437075380136,0.03726914494611404,0.3212306089803207,0.023346540909010838,159.33048501566464,0.03005840556526915,19.409800515334776,16.68330007165842,2.0058935988839703,0.4034653465346535,0.0,0.00604594631760026,0.011990004013932229,3.139437075380136,0.003487373377702391,75.62472066143059,0.5543556515478761,0.07272727272727258,1.8763645649898566,1.0951056562847201,0.6367963344182082,0.09608540925266904,0.06878306878306878,0.0675547098001903,0.45355545976991657,0.3180444197891519,0.22557395918864234,Asset Management,Financial Services,BLK
2014Q1,2014,Q1,2014-05-09,2014-03-31,756000000.0,2670000000.0,1051000000.0,4.4,1405000000.0,0.5262172284644194,216297000000.0,26478000000.0,7453000000.0,1615000000.0,189684000000.0,0.0,8604000000.0,53172725276.08,56767725276.08,156.59910972714147,4.614860681114551,0.0378183701114671,0.3089357202205605,0.021125203513497212,156.59910972714147,0.028552005438477225,19.914878380554306,17.583573173306878,2.008185107488481,0.48412698412698413,0.0,0.0068832281606721925,0.012344137921469092,4.614860681114551,0.003495194108101361,-240.6005668600905,0.5262172284644194,-0.09465020576131686,5.931252145083404,1.0833550858237855,0.689037009097604,-0.11300505050505051,-0.10107015457788347,-0.07237422771403354,0.509802732517028,0.3272183223815226,0.13430630337292207,Asset Management,Financial Services,BLK
2013Q4,2013,Q4,2014-02-28,2013-12-31,841000000.0,2777000000.0,1133000000.0,4.86,1584000000.0,0.5703997119193374,219873000000.0,26460000000.0,6798000000.0,1084000000.0,193257000000.0,0.0,8230000000.0,53486786480.82001,56243786480.82001,156.55822215086312,6.271217712177122,0.03323736884474219,0.2761904761904762,0.024649614830731716,156.55822215086312,0.0317838246409675,19.260636111206342,15.89975816909037,2.0214205019206353,0.3400713436385256,0.0,0.005347115031907135,0.012630018237800912,6.271217712177122,0.0038249353035616014,47.24981137881626,0.5703997119193374,0.15439429928741102,11.33149462662514,1.0114624148932623,0.6895756327937361,0.18208955223880596,0.15205479452054796,0.17287784679089027,0.45264436458343077,0.264102466260802,0.15074172137733488,Asset Management,Financial Services,BLK
2013Q3,2013,Q3,2013-11-08,2013-09-30,730000000.0,2472000000.0,966000000.0,4.21,1340000000.0,0.5420711974110033,212717000000.0,25999000000.0,8391000000.0,3322000000.0,186572000000.0,0.0,7678000000.0,45954424122.46,48880424122.46,153.1049406962596,2.5258880192655027,0.03293577852263806,0.269471902765491,0.022506946588453227,153.1049406962596,0.028078003000115388,18.58997739581715,15.73781648029452,1.7675458333958998,0.39315068493150684,0.0,0.006245318170785871,0.011621074009129501,2.5258880192655027,0.0034317896547995694,40.59578102690813,0.5420711974110033,0.004773269689737368,1.562710453651759,0.4387917945130032,0.6305756887598244,-0.0103397341211226,0.0013717421124828531,0.13780918727915195,0.48623398310685856,0.32557013923775174,0.14825634381750433,Asset Management,Financial Services,BLK
2013Q2,2013,Q2,2013-08-08,2013-06-30,729000000.0,2482000000.0,849000000.0,4.19,1354000000.0,0.5455278001611603,193745000000.0,25589000000.0,6042000000.0,1271000000.0,167990000000.0,0.0,7233000000.0,43704846496.41,46994846496.41,149.9513055271416,4.753737214791503,0.036558362796459264,0.2767986244089257,0.01998453233725746,149.9513055271416,0.028488803782875455,17.608721392590652,14.987944614681071,1.7079544529450155,0.39231824417009603,0.0,0.006543896682567976,0.012810653178146532,4.753737214791503,0.003762677746522491,39.30291951116008,0.5455278001611603,0.15745856353591167,1.0196874994952956,0.3587507360385295,0.6017770451064002,0.0578125,0.15348101265822786,-0.066006600660066,0.8885026703626645,0.36694768965883134,0.14759055522986542,Asset Management,Financial Services,BLK
2013Q1,2013,Q1,2013-05-09,2013-03-31,632000000.0,2449000000.0,909000000.0,3.62,1280000000.0,0.5226623111474071,200738000000.0,25345000000.0,6850000000.0,1657000000.0,175107000000.0,0.0,6822000000.0,43332503328.0,47119503328.0,147.95524623792627,4.133977066988534,0.03994759338042623,0.31639376602880254,0.01910013314066848,147.95524623792627,0.024935884789899387,17.693958075949368,17.14102188607595,1.7097061877293354,0.4889240506329114,0.0,0.007130905815919816,0.012199982066175811,4.133977066988534,0.003148382468690532,251.93315888372092,0.5226623111474071,-0.07888040712468194,0.9678765891549527,0.4174398985441992,0.6143324105516456,1.867208672086721,-0.08405797101449275,-0.0955223880597015,0.6543493285861726,0.3592407735432633,0.13857362416405258,Asset Management,Financial Services,BLK
2012Q4,2012,Q4,2013-03-01,2012-12-31,690000000.0,2539000000.0,1005000000.0,3.93,-1476000000.0,-0.5813312327688066,200451000000.0,25403000000.0,7230000000.0,1169000000.0,174866000000.0,0.0,6473000000.0,35454543245.380005,38740543245.380005,148.10666417721382,6.1847733105218134,0.04085287676289966,0.3223635003739716,0.020731977001326847,148.10666417721382,0.027162146203204347,13.963979222284365,12.845849001949276,1.3956833147809313,0.3710144927536232,0.0,0.007220513270421521,0.012666437184149741,6.1847733105218134,0.0034422377538650345,109.09090229347694,-0.5813312327688066,0.07671232876712336,0.6082628011591549,0.3212911130471384,0.6462579108124163,-1.6630727762803235,0.07476635514018691,0.14857142857142858,1.980651168513874,0.818517279713263,0.15468301372561483,Asset Management,Financial Services,BLK
2012Q3,2012,Q3,2012-11-08,2012-09-30,642000000.0,2320000000.0,875000000.0,3.65,2226000000.0,0.9594827586206897,192828000000.0,25057000000.0,7100000000.0,4598000000.0,167519000000.0,0.0,6066000000.0,31000515100.260002,34614515100.26,145.37668182043214,1.5441496302740323,0.04215674072230174,0.3244203216666002,0.01908296549200505,145.37668182043214,0.025621582791235983,13.36229099149138,12.071851674556076,1.237199788492637,0.40342679127725856,0.0,0.008354699886836,0.012031447715062128,1.5441496302740323,0.003329391997012882,31.062640381022046,0.9594827586206897,0.18506493506493502,0.8705788341486673,0.32894962438540365,0.6534530499296446,0.042134831460674156,0.1588447653429603,0.05548854041013269,0.5658928549394101,0.5735096480797942,0.48344747145820216,Asset Management,Financial Services,BLK
2012Q2,2012,Q2,2012-08-08,2012-06-30,554000000.0,2229000000.0,829000000.0,3.08,2136000000.0,0.9582772543741588,182480000000.0,24672000000.0,5794000000.0,3438000000.0,157558000000.0,0.0,5697000000.0,30059878786.98,34144878786.98,139.38176762757774,1.6852821407795229,0.04232792634809294,0.3130674448767834,0.018162438805836078,139.38176762757774,0.022454604409857328,13.485813722288022,13.564927250442238,1.2183803010286964,0.4693140794223827,0.0,0.008649402808391072,0.012215037264357739,1.6852821407795229,0.0030359491451117933,33.032833831846155,0.9582772543741588,-0.019108280254777087,0.8102400195176664,0.4755392875833594,0.6136741539826571,-0.008356545961002786,-0.03146853146853147,0.01717791411042945,0.8797084254150266,0.6022560150833772,0.4318638791259569,Asset Management,Financial Services,BLK
2012Q1,2012,Q1,2012-05-09,2012-03-31,572000000.0,2249000000.0,815000000.0,3.14,2154000000.0,0.9577590040017786,185518000000.0,25303000000.0,5098000000.0,3491000000.0,159915000000.0,0.0,5390000000.0,36681779916.0,40371779916.0,141.3395072941531,1.4603265539959898,0.03415841050464106,0.2504446113109117,0.017674411412399036,141.3395072941531,0.02260601509702407,16.31026230146732,16.032246466783217,1.4497008226692487,0.4982517482517482,0.0,0.007769524833654203,0.012122812880690823,1.4603265539959898,0.0030832587673433305,-256.5159434685315,0.9577590040017786,0.029508196721311577,1.1063879192401376,0.6095409098381912,0.6552715631302585,0.0065420560747663555,0.03063063063063063,0.008663366336633664,3.9530575923001945,0.6574061188934887,0.5244509313201382,Asset Management,Financial Services,BLK
2011Q4,2011,Q4,2012-02-28,2011-12-31,555000000.0,2227000000.0,808000000.0,3.05,2140000000.0,0.9609339919173776,179896000000.0,25048000000.0,5662000000.0,2428000000.0,154534000000.0,0.0,5118000000.0,31909031001.600002,34713031001.600006,139.91510803872848,2.3319604612850084,0.03537599501934451,0.2540721814116896,0.018400376863517438,139.91510803872848,0.022157457681251998,14.328258195599462,14.373437388108108,1.2739153226445226,0.44144144144144143,0.0,0.0076780770932127354,0.012379374749855471,2.3319604612850084,0.0030851158447102772,37.80690876966825,0.9609339919173776,-0.05572755417956661,1.3570067675429864,0.5732173874027754,0.6715477013033917,0.00234192037470726,-0.06722689075630252,0.039897039897039896,6.682776898956241,0.5228662987152664,0.5099632197799288,Asset Management,Financial Services,BLK
2011Q3,2011,Q3,2011-11-09,2011-09-30,595000000.0,2225000000.0,777000000.0,3.23,2135000000.0,0.9595505617977528,174282000000.0,24727000000.0,5201000000.0,2399000000.0,149343000000.0,0.0,4815000000.0,26498946224.37,28305946224.37,138.11278527876672,2.1679866611087952,0.027484192286065114,0.19371537186071905,0.02256326862486025,138.11278527876672,0.024062765398147775,11.909638752525842,11.134011018642857,1.0716603803279816,0.4184873949579832,0.0,0.009396600072006066,0.012766665519101227,2.1679866611087952,0.003414007183759654,22.51397300286321,0.9595505617977528,0.006230529595015582,10.379222247243746,1.4913142600624634,-0.15676972723432703,-0.04984423676012461,-0.03877221324717286,-0.10277136258660508,0.9811781941286833,0.22831397911793608,0.4709084433090706,Asset Management,Financial Services,BLK
2011Q2,2011,Q2,2011-08-08,2011-06-30,619000000.0,2347000000.0,866000000.0,3.21,2247000000.0,0.9573924158500213,185048000000.0,24424000000.0,6427000000.0,2625000000.0,160378000000.0,0.0,4441000000.0,36035344891.81,38462344891.81,130.00478985466125,2.4483809523809525,0.02857636937443258,0.21650835244022273,0.021531004851643075,130.00478985466125,0.025343924009171306,15.353789898512995,14.553854964382067,1.475407177031199,0.40064620355411956,0.0,0.006882131994145688,0.012683195711382992,2.4483809523809525,0.0033450780338074447,45.21373261205771,0.9573924158500213,0.11072664359861585,2.3328900303805464,1.2211311789973591,7.0084870997734425,0.6731198808637379,0.0897887323943662,0.08521303258145363,0.5577326528506554,0.1670695288827555,0.3887087372199372,Asset Management,Financial Services,BLK
2011Q1,2011,Q1,2011-05-09,2011-03-31,568000000.0,2282000000.0,798000000.0,2.89,1343000000.0,0.5885188431200701,178422000000.0,26479000000.0,5138000000.0,1930000000.0,151706000000.0,0.0,4077000000.0,38553188338.65,39029188338.65,138.05716256842214,2.6621761658031087,0.01824326596495948,0.12292760300615582,0.01861821806487386,138.05716256842214,0.021450961139015824,16.894473417462752,16.96883289553257,1.4559911000660901,0.4788732394366197,0.0,0.007055188214545592,0.01278990259048772,2.6621761658031087,0.0031834639226104404,-161.3104114587866,0.5885188431200701,-0.14497041420118337,1.6778124071964569,0.9268092067718178,7.944910044440868,-0.4373690825303729,-0.1354642313546423,-0.15106382978723404,0.5796046615878719,0.17964355244461047,0.5063349067366268,Asset Management,Financial Services,BLK
2010Q4,2010,Q4,2011-02-28,2010-12-31,657000000.0,2493000000.0,940000000.0,3.38,2387000000.0,0.9574809466506218,178459000000.0,26094000000.0,5705000000.0,2745000000.0,152125000000.0,0.0,3798000000.0,36552741821.700005,37729741821.700005,136.0498357211529,2.0783242258652095,0.02598355924890311,0.17770368667126543,0.020721936985828065,136.0498357211529,0.025178201885490917,14.662150750782192,13.90895807522831,1.4008102177397104,0.2952815829528158,0.0,0.005307399399648577,0.013969595257173917,2.0783242258652095,0.0036815178836595523,35.24854563326905,0.9574809466506218,0.19434628975265011,2.010064769329504,1.2563893423865307,8.452365576373332,0.20130850528434827,0.19237749546279492,0.32956152758132956,0.3694338769768168,0.1601813051159467,0.5122420018365106,Asset Management,Financial Services,BLK
2010Q3,2010,Q3,2010-11-08,2010-09-30,551000000.0,2092000000.0,707000000.0,2.83,1987000000.0,0.9498087954110899,174504000000.0,25400000000.0,4856000000.0,2631000000.0,148824000000.0,0.0,3354000000.0,32431757576.25,33153757576.25,133.33689948295466,1.845686050931205,0.019243111905744282,0.13220472440944883,0.018289588098000315,133.33689948295466,0.02169291338582677,15.5027521875,14.7149535282441,1.2768408494586616,0.3502722323049002,0.0,0.0059509571612404765,0.01198826387933801,1.845686050931205,0.0031575207445101545,30.16907681511628,0.9498087954110899,0.2805429864253394,2.0329680755069948,1.3397325766468595,8.853985878070047,0.6207177814029364,0.27546296296296297,0.014347202295552367,0.4525916496058231,0.084259336603646,0.5165176447662471,Asset Management,Financial Services,BLK
2010Q2,2010,Q2,2010-08-06,2010-06-30,432000000.0,2032000000.0,697000000.0,2.21,1226000000.0,0.6033464566929134,162266000000.0,24954000000.0,4330000000.0,2519000000.0,137112000000.0,0.0,2991000000.0,27385838087.4,28908838087.4,130.66620742369736,1.718936085748313,0.022839042066729938,0.14851326440650797,0.01520953051969762,130.66620742369736,0.017311853811012263,13.477282523326773,15.848285930208334,1.0974528367155567,0.44675925925925924,0.0,0.0070474381460977715,0.012522647997732119,1.718936085748313,0.0026622952436123402,60.58813736150443,0.6033464566929134,0.01843317972350232,1.729421287333378,1.5230774949816563,8.85093060514744,0.09269162210338681,0.02127659574468085,0.06574923547400612,0.30837322342079293,0.2467687729891344,0.5127708975677994,Asset Management,Financial Services,BLK
2010Q1,2010,Q1,2010-05-10,2010-03-31,423000000.0,1995000000.0,654000000.0,2.17,1122000000.0,0.562406015037594,168060000000.0,24648000000.0,4741000000.0,2924000000.0,143192000000.0,0.0,2777000000.0,41303850768.479996,42766850768.479996,129.9478954174403,1.6214090287277703,0.02478876591693443,0.1690197987666342,0.014808604218477807,129.9478954174403,0.017161635832521907,20.70368459572932,24.41125931943262,1.6757485706134372,0.46335697399527187,0.0,0.0047453202632034615,0.011870760442699036,1.6214090287277703,0.0025169582292038557,-198.5762056176923,0.562406015037594,0.6315789473684209,2.0809578186386757,1.7039158113558115,8.870588164880344,-0.5722455203964926,0.65234375,0.6812339331619537,0.4702077280512405,0.3475704269725162,0.5218608023406625,Asset Management,Financial Services,BLK
2009Q4,2009,Q4,2010-03-10,2009-12-31,256000000.0,1544000000.0,389000000.0,1.33,2623000000.0,1.6988341968911918,177994000000.0,24329000000.0,6627000000.0,5000000000.0,153392000000.0,0.0,2436000000.0,44042772540.6,45002772540.6,128.26608031527527,1.3254,0.031843770014719594,0.2329729951909244,0.008188615749371825,128.26608031527527,0.010522421801142668,28.525111749093263,43.01052005917968,1.8102993357967856,0.31640625,0.0,0.0018391212752406013,0.008674449700551704,1.3254,0.0014382507275526142,79.64334998300181,1.6988341968911918,-0.41409691629955947,0.7440697814032956,1.773720967997675,9.732439974347704,3.5459272097053725,-0.19242902208201892,0.0896358543417367,0.026133388678039726,0.029465564242099666,0.5323782735946424,Asset Management,Financial Services,BLK
2009Q3,2009,Q3,2009-11-06,2009-09-30,317000000.0,1140000000.0,357000000.0,2.27,577000000.0,0.506140350877193,21380000000.0,13060000000.0,4073000000.0,1603000000.0,8089000000.0,0.0,2286000000.0,28894816294.78,27275816294.78,97.99921103881722,2.540860885839052,0.05350795135640786,0.08759571209800919,0.019298109323260083,97.99921103881722,0.02427258805513017,25.34633008314035,22.787710011656152,2.212466791330781,0.34069400630914826,0.0,0.0037376946403881715,0.05332086061739944,2.540860885839052,0.014826941066417212,53.70783697914498,0.506140350877193,0.42767295597484273,16.433828767994896,2.1854570201828465,7.4907576029023675,0.122568093385214,0.4541284403669725,0.367816091954023,7.144638704062038,0.7148269393143077,-0.40167811916695206,Asset Management,Financial Services,BLK
2009Q2,2009,Q2,2009-08-07,2009-06-30,218000000.0,1029000000.0,261000000.0,1.59,514000000.0,0.49951409135082603,20409000000.0,12745000000.0,3476000000.0,1333000000.0,7451000000.0,0.0,2076000000.0,22967552198.92,21806552198.92,97.34288968352189,2.6076519129782447,0.056053701798226274,0.08976069046684974,0.013565713959495424,97.34288968352189,0.017104746959591997,22.320264527619045,26.33893600793578,1.8020833424025104,0.4724770642201835,0.0,0.004484587608985313,0.050418932823754224,2.6076519129782447,0.010681562055955706,59.967499213890335,0.49951409135082603,1.5645161290322582,1.20798408022294,1.7213600380858136,7.203361866871443,0.013806706114398421,1.5952380952380953,-0.03690036900369004,0.6842581637385211,0.39732788526218454,4.9964658006576,Asset Management,Financial Services,BLK
2009Q1,2009,Q1,2009-05-08,2009-03-31,84000000.0,987000000.0,271000000.0,0.62,507000000.0,0.513677811550152,19223000000.0,12073000000.0,2856000000.0,1088000000.0,6949000000.0,0.0,1961000000.0,16933316988.72,16286316988.72,92.71502571208143,2.625,0.059616084898298914,0.09492255446036611,0.01381575268799521,92.71502571208143,0.006957674148927359,17.156349532644377,50.396776752142856,1.4025774031905904,1.25,0.0,0.006200793386785646,0.05134474327628362,2.625,0.004369765385215627,-119.24871118816901,0.513677811550152,0.5499999999999999,-0.25479482865012815,1.6586370660635368,7.178940703661971,-0.7900883616210312,0.5986297459320582,-0.20008028714461132,-0.41670445614634877,0.2274894953635694,5.007131751324888,Asset Management,Financial Services,BLK
2008Q4,2008,Q4,2009-03-02,2008-12-31,52545000.0,1063690000.0,338784000.0,0.4,2415302000.0,2.2706822476473407,19924000000.0,12066000000.0,3242000000.0,1674000000.0,7367000000.0,0.0,1991000000.0,17468505644.7,16582505644.7,92.66126896728025,1.936678614097969,0.057518570568159004,0.09497762307309796,0.02322992303831508,92.66126896728025,0.0043547986076578815,16.42255322951236,83.11212125178419,1.4477461996270513,2.0191645256446855,0.0,0.006073616264490842,0.053387372013651874,1.936678614097969,0.002637271632202369,23.15046257799206,2.2706822476473407,-0.7530864197530865,-0.37703030113264924,5.060372053651974,7.284703076597906,2.4759198522882797,-0.7586645600433573,-0.25301629859592184,-0.6454157621123416,0.4180266613168407,5.437848192956039,Asset Management,Financial Services,BLK
2008Q3,2008,Q3,2008-11-07,2008-09-30,217726000.0,1313220000.0,453536000.0,1.62,694867000.0,0.5291322093784743,15296931000.0,12187164000.0,3001870000.0,8563000000.0,8640516000.0,0.0,2042520000.0,25244921135.5,24598321135.5,93.896248884164,0.3505628868387247,0.07496229145571749,0.09409022476435043,0.021308246852339244,93.896248884164,0.01786518996544233,19.223680065411735,28.987030873092785,2.071435252327777,0.4816099133773642,0.0,0.004153667164859739,0.08584859276674517,0.6293393670442602,0.014233312551386941,39.26933627770018,0.5291322093784743,-0.2097560975609755,1.6981958625896425,2.051776405006505,7.697953853650999,0.0197951507164148,-0.20554773077231828,0.11986962641052866,0.7589580660871823,1.1556139319342298,5.939206731941322,Asset Management,Financial Services,BLK
2008Q2,2008,Q2,2008-08-08,2008-06-30,274058000.0,1386951000.0,404990000.0,2.05,681379000.0,0.4912783508573843,15304298000.0,12129709000.0,2996638000.0,8941000000.0,9343155000.0,0.0,1929726000.0,22933770525.0,22752800525.0,93.61559149899098,0.3351569175707415,0.08145110608797607,0.10276850005222714,0.019155007585481193,93.61559149899098,0.02259394681273887,16.535386271757258,20.92054467028877,1.8907106942961287,0.37899276795422865,0.0,0.004528954359544853,0.09062493425049617,0.5751749245050889,0.017907257163967925,38.447419727173816,0.4912783508573843,0.12637362637362623,2.5565084312379898,3.8370732898668174,7.586428569847853,0.0,0.13401276942620338,0.02350324749172332,1.5521370959427443,1.5382984981121417,6.057683188324806,Asset Management,Financial Services,BLK
2008Q1,2008,Q1,2008-05-09,2008-03-31,241671000.0,1300138000.0,395690000.0,1.82,0.0,0.0,14999642000.0,11814209000.0,2685017000.0,9055000000.0,9422699000.0,0.0,1759534000.0,26319670377.54,26484242377.54,91.65104118015408,0.2965231363887355,0.0905856286436703,0.11500998501042262,0.019674114525085253,91.65104118015408,0.020455961122746346,20.243751338350236,27.226757014225953,2.22779793192587,0.4310736497138672,0.0,0.0039581802699512805,0.08667793538005773,0.5088840419657648,0.016111784534590893,-169.8843350580596,0.0,-0.25102880658436216,2.4532461758563353,3.596571161004609,7.923198900370274,0.0,-0.2504931149981392,-0.1539951594557381,1.59009153661204,1.5928948541648023,5.961633964641932,Asset Management,Financial Services,BLK
2007Q4,2007,Q4,2008-02-28,2007-12-31,322440000.0,1444179000.0,467716000.0,2.43,0.0,0.0,22561515000.0,11596955000.0,3241842000.0,2289905000.0,10386350000.0,0.0,1622041000.0,27946442050.4,27537263050.4,89.9656507066528,1.4157102587225234,0.055272041793292696,0.10753003697953471,0.024274214157390783,89.9656507066528,0.02780385023482457,19.35109293958713,21.66793981081752,2.409808613588653,0.2725344250093041,0.0,0.003144443211823532,0.06401072800297321,1.3393538159879994,0.014291593450173891,139.9021914145687,0.0,0.25257731958762897,3.807724748116043,4.3187169449244935,8.222117380378023,0.0,0.2634796238244514,0.7213287305220853,2.2323471189924176,2.817523223761226,6.527718501952969,Asset Management,Financial Services,BLK
2007Q3,2007,Q3,2007-11-08,2007-09-30,255200000.0,1298079000.0,271718000.0,1.94,0.0,0.0,14970817000.0,11268312000.0,3476575000.0,10863000000.0,10351343000.0,0.0,1387478000.0,22525582105.52,21847772105.52,87.92307820691855,0.3200382030746571,0.10973141946762158,0.1457866093874575,0.017721081187016607,87.92307820691855,0.02264758022319581,17.353013264616408,22.066596890203762,1.9990200932952513,0.348044670846395,0.0,0.0039431167453929635,0.08670729192668643,0.5757094725214029,0.017046497863142673,54.11044275856436,0.0,0.14792899408284024,2.890562322706513,3.786014634851284,8.560479953495612,0.0,0.14828746782815283,-0.03646440970067482,13.919916418898577,2.7716609138734434,6.617750559851682,Asset Management,Financial Services,BLK
2007Q2,2007,Q2,2007-08-10,2007-06-30,222244000.0,1097023000.0,282001000.0,1.69,0.0,0.0,13961302000.0,11103118000.0,2433904000.0,10637000000.0,9480352000.0,0.0,1227568000.0,20128844951.46,19476337951.46,86.37541060168442,0.22881489141675285,0.05040668843063491,0.06338246607844751,0.017861232340540087,86.37541060168442,0.020016359368602587,18.34860796123691,22.642731582697397,1.8129002097843145,0.39753154190889295,0.0,0.004389173855382685,0.07857598095077378,0.4696925824950644,0.01591857263742307,108.80750804864996,0.0,0.14189189189189186,2.2124135199356454,2.525252881063083,8.961919902704656,0.0,0.13744958748746083,0.0358886386928748,1.2927160122574033,1.9550656678019434,6.279101245801286,Asset Management,Financial Services,BLK
2007Q1,2007,Q1,2007-05-10,2007-03-31,195388000.0,1005374000.0,272231000.0,1.48,0.0,0.0,13686130000.0,10998741000.0,2301144000.0,9630000000.0,8798769000.0,0.0,1093673000.0,20134248271.06,20041396271.06,85.38750404608422,0.23895576323987539,0.06765798658934265,0.08418927220851914,0.016993600186120974,85.38750404608422,0.01776457869132476,20.026625187303434,25.761879274904295,1.8305957264617834,0.4525201138247999,0.0,0.004391373286435846,0.07345933437721255,0.47440269989615785,0.014276351313336932,-61.9688844293633,0.0,0.15624999999999997,2.1231435103411904,2.4534141335063393,9.55474718087399,0.0,0.15325546118295627,0.1062568320444728,0.7523097707032828,1.7377007407992644,6.532536684996201,Asset Management,Financial Services,BLK
