Quarters,Year,Quarter,FillingDate,Date,NetIncome,Revenue,OperatingIncome,EPSDiluted,GrossProfit,GrossProfitRatio,TotalAssets,CommonStockEquity,CurrentAssets,CurrentLiability,TotalLiability,Inventory,RetainedEarnings,MarketCap,EnterpriseValue,bookValuePerShare,currentRatio,debtToAssets,debtToEquity,roic,shareholdersEquityPerShare,roe,priceToSalesRatio,peRatio,pbRatio,payoutRatio,inventoryTurnover,dividendYield,assetTurnover,quickRatio,returnOnAssets,priceToFreeCashFlowsRatio,grossProfitMargin,epsdilutedGrowth,fiveYNetIncomeGrowthPerShare,fiveYRevenueGrowthPerShare,fiveYShareholdersEquityGrowthPerShare,grossProfitGrowth,netIncomeGrowth,operatingIncomeGrowth,threeYNetIncomeGrowthPerShare,threeYRevenueGrowthPerShare,threeYShareholdersEquityGrowthPerShare,Industry,Sector,Symbol
2023Q1,2023,Q1,2023-04-28,2023-03-31,45900000.0,1446100000.0,0.0,0.44,1187600000.0,0.8212433442,20140000000.0,4756500000.0,1983400000.0,238900000.0,15383500000.0,0.0,3712300000.0,5816470000.0,5995070000.0,45.516746411483254,8.302218501465049,0.10734856007944389,0.4545358982445075,0.0,45.516746411483254,0.009649952696310313,4.022176889565037,31.68011982570806,1.222846630926101,1.1721132897603486,0.0,0.009249596404692194,0.07180238331678253,10.06153202176643,0.002279046673286991,-37.42902187902188,0.82124334416707,-0.15384615384615388,-0.3532979027700128,0.19709567355524185,0.4719446665293934,2.8131297709923664,-0.15,-1.0,-0.2108457189887746,0.11216053382785104,0.1856596932572193,Insurance—Specialty,Financial Services,FAF
2022Q4,2022,Q4,2023-02-15,2022-12-31,54000000.0,1685000000.0,58000000.0,0.52,-655000000.0,-0.3887240356,19643000000.0,4665000000.0,10211000000.0,258000000.0,14955000000.0,8564000000.0,3721000000.0,5474764000.0,6531764000.0,44.59847036328872,39.57751937984496,0.1161227918342412,0.4889603429796356,0.007484407484407485,44.59847036328872,0.01157556270096463,3.249118100890208,25.346129629629633,1.173582851018221,0.9814814814814815,0.27323680523120036,0.009680782587158095,0.08578119431858677,42.724806201550386,0.0027490709158478847,31.106613636363637,-0.3887240356083086,17.309859154929576,-0.7387442173186496,0.21692570644006592,0.43414131146335533,-1.4332010582010581,17.0,1.9,-0.7388730611617554,0.05755862840504452,0.14309910196054895,Insurance—Specialty,Financial Services,FAF
2022Q3,2022,Q3,2022-10-28,2022-09-30,3000000.0,1824000000.0,20000000.0,0.0284,1512000000.0,0.8289473684,16509000000.0,4508000000.0,11339000000.0,1456000000.0,11978000000.0,9039000000.0,3722000000.0,4854330000.0,4759330000.0,42.81101614434948,7.787774725274725,0.13725846507965353,0.502661934338953,-0.0028360748723766306,42.81101614434948,0.0006654835847382431,2.6613651315789473,404.52750000000003,1.0768256433007986,18.0,0.0345170925987388,0.011124089215195504,0.11048518989642013,8.650412087912088,0.00018171906232963838,20.83403433476395,0.8289473684210527,-0.9718811881188119,-0.8510425714279243,0.2744248830294338,0.45306096490115566,-0.119906868451688,-0.9724770642201835,-0.8742138364779874,-0.9827760303126525,0.17293387081012243,0.14202310105746613,Insurance—Specialty,Financial Services,FAF
2022Q2,2022,Q2,2022-07-28,2022-06-30,109000000.0,2062000000.0,159000000.0,1.01,1718000000.0,0.833171678,16262000000.0,4916000000.0,11231000000.0,1444000000.0,11329000000.0,9486000000.0,3775000000.0,5710068000.0,6257068000.0,45.56070435588508,7.777700831024931,0.14506210798179806,0.4798616761594793,0.016409915754926493,45.56070435588508,0.022172497965825873,2.769189136760427,13.09648623853211,1.1615272579332792,0.4954128440366973,0.03626396795277251,0.009456980197083466,0.12679867175009224,8.635041551246537,0.00670274259008732,50.08831578947368,0.8331716779825412,0.14772727272727273,-0.07828426850522413,0.4656840852106635,0.591474417950464,-0.1553588987217306,0.11224489795918367,0.06,-0.38816264060989447,0.44160492960907427,0.260900266184175,Insurance—Specialty,Financial Services,FAF
2022Q1,2022,Q1,2022-04-29,2022-03-31,98000000.0,2034000000.0,150000000.0,0.88,2034000000.0,1.0,16543000000.0,5363000000.0,2922000000.0,1609000000.0,11164000000.0,0.0,3721000000.0,7156127999.999999,7923127999.999999,48.57789855072464,1.8160348042262275,0.14936831288158134,0.4607495804586985,0.01396011396011396,48.57789855072464,0.018273354465784077,3.518253687315634,18.25542857142857,1.3343516688420658,0.5714285714285714,0.0,0.007825460919648168,0.1229523061113462,1.8160348042262275,0.005923955751677447,-2385.3759999999997,1.0,-0.6239316239316239,0.6933444909781474,0.5552660226438085,0.7578222881099961,-0.14030377623890933,-0.6240442860485904,-0.5745984209093384,-0.08697851051658756,0.5928663211101807,0.41176812342005853,Insurance—Specialty,Financial Services,FAF
2021Q4,2021,Q4,2022-02-17,2021-12-31,260669000.0,2365952000.0,352608000.0,2.34,2365952000.0,1.0,16435000000.0,5767000000.0,2303000000.0,625000000.0,10668000000.0,0.0,3680000000.0,8667884000.0,9841884000.0,52.04873646209386,3.6848,0.1496805597809553,0.4265649384428646,0.032431091635755874,52.04873646209386,0.04520010404022889,3.6635924989179833,8.313113565479593,1.503014392231663,0.21457864187916476,0.0,0.00645301667627301,0.14395813811986613,3.6848,0.015860602372984485,29.472774381328673,1.0,-0.41500000000000004,2.2154800920948996,0.5719859030444642,0.9160685171368705,0.0,-0.41455586749017403,0.0,1.8947280727645062,0.6992119946430674,0.5685779193291824,Insurance—Specialty,Financial Services,FAF
2021Q3,2021,Q3,2021-10-22,2021-09-30,445250000.0,2555928000.0,0.0,4.0,0.0,0.0,16686064000.0,5597135000.0,0.0,0.0,11073079000.0,0.0,3476903000.0,7439599800.0,7943692800.0,50.44463571145319,0.0,0.15037692531923647,0.4483006037910467,0.0,50.44463571145319,0.07954962672867458,2.9107235415082116,4.177203705783268,1.3291799822587806,0.12582369455362155,0.0,0.0075303781797510135,0.1531774060077919,0.0,0.02668394415843065,20.929028210696885,0.0,0.47058823529411753,3.134411591526235,0.6886461767441817,0.8455317889974094,0.0,0.4728795000975855,0.0,1.9861149757615102,0.6837195447909815,0.5476013860556409,Insurance—Specialty,Financial Services,FAF
2021Q2,2021,Q2,2021-07-23,2021-06-30,302299000.0,2266375000.0,0.0,2.72,0.0,0.0,15426885000.0,5263744000.0,0.0,0.0,10152033000.0,0.0,3088627000.0,6912495100.0,6537955100.0,47.47843342413364,0.0,0.12297829406260564,0.36042254334557305,0.0,47.47843342413364,0.05743041454903582,3.0500226573272298,5.716604338750708,1.3132278279490797,0.16559102081052204,0.0,0.007241668786137729,0.1469107340853322,0.0,0.019595595611168425,32.28523635378573,0.0,0.2952380952380953,1.9490889919638652,0.6587803646028311,0.7835113046573939,0.0,0.293999554825012,0.0,0.9782592067302479,0.5430452837254388,0.497113914796679,Insurance—Specialty,Financial Services,FAF
2021Q1,2021,Q1,2021-04-23,2021-03-31,233616000.0,2025745000.0,0.0,2.1,0.0,0.0,14431903000.0,4955273000.0,0.0,0.0,9466228000.0,0.0,2837241000.0,6294551450.0,6161356450.0,44.596698856119446,0.0,0.13429885164832386,0.3911364721984036,0.0,44.596698856119446,0.047144930259140114,3.1072772979817302,6.736002082477227,1.2702733936152457,0.2182427573453873,0.0,0.00809986230234086,0.14036575772439713,0.0,0.01618747021789157,32.22571098721631,0.0,-0.15662650602409642,3.411138493360228,0.6710908563417044,0.7276643199761337,0.0,-0.16652336321894032,0.0,2.095605320161956,0.577127221061989,0.4421916811154468,Insurance—Specialty,Financial Services,FAF
2020Q4,2020,Q4,2021-02-17,2020-12-31,280291000.0,2145556000.0,0.0,2.49,0.0,0.0,12795988000.0,4909972000.0,0.0,0.0,7874340000.0,0.0,2655495000.0,5791078950.0,6292429950.0,43.77454642713859,0.0,0.1424409744679348,0.37121861387396915,0.0,43.77454642713859,0.05708606892259263,2.699104078383412,5.165238047243758,1.1794525406662197,0.18157914453193288,0.0,0.00878851772518142,0.16767411785631559,0.0,0.021904600098093245,15.194457942282313,0.0,0.5370370370370371,2.3350854662953995,0.5348758496353515,0.7274786639675735,0.0,0.5377031912617471,0.0,0.2646071385307218,0.4450349068743078,0.4076466055976346,Insurance—Specialty,Financial Services,FAF
2020Q3,2020,Q3,2020-10-22,2020-09-30,182279000.0,1913721000.0,0.0,1.62,0.0,0.0,12638810000.0,4723770000.0,0.0,0.0,7903875000.0,0.0,2426949000.0,5731651440.0,6017558440.0,41.957738222127475,0.0,0.14556963828081915,0.3894827648255525,0.0,41.957738222127475,0.03858761116650472,2.9950298084203495,7.861096780210556,1.2133637835881086,0.26920270574229616,0.0,0.008561232397621165,0.15141623301560828,0.0,0.014422164744940387,20.503941990205302,0.0,0.06578947368421058,1.3285695974183171,0.3344744718245865,0.6945961943813669,0.0,0.06811403123260379,0.0,7.465044503716315,0.2506037527259848,0.4240996144671411,Insurance—Specialty,Financial Services,FAF
2020Q2,2020,Q2,2020-07-23,2020-06-30,170655000.0,1608729000.0,0.0,1.52,0.0,0.0,12288019000.0,4565400000.0,0.0,0.0,7712408000.0,0.0,2294552000.0,5393078180.0,5629426180.0,40.65034859183147,0.0,0.14640301256044608,0.3940515617470539,0.0,40.65034859183147,0.037380076225522404,3.3523845097589464,7.900556942369108,1.1812936829193499,0.2871055638569043,0.0,0.009084978627177994,0.13091849874255565,0.0,0.01388791797929349,17.122840007111925,0.0,1.7636363636363634,0.7655079911889685,0.17358664392149178,0.6597203811316138,0.0,1.700066451490412,0.0,0.38642507195492193,0.09860478530014852,0.4199514862485202,Insurance—Specialty,Financial Services,FAF
2020Q1,2020,Q1,2020-04-29,2020-03-31,63204000.0,1412943000.0,0.0,0.55,0.0,0.0,11675485000.0,4359345000.0,0.0,0.0,7306563000.0,0.0,2173720000.0,4815909960.0,5340119960.0,38.38938497305294,0.0,0.13820582185665092,0.3701519379631573,0.0,38.38938497305294,0.01449850837683184,3.4084247984525917,19.04907110309474,1.1047324678363377,0.7863742801088539,0.0,0.010320375674133244,0.1210179277349078,0.0,0.005413393961792593,-951.9489938723068,0.0,-0.7208121827411167,0.5935667990116895,0.20659287681673857,0.588451442177003,0.0,-0.7178367663997,0.0,0.061751284715338285,0.05035804233339053,0.3891444164058182,Insurance—Specialty,Financial Services,FAF
2019Q4,2019,Q4,2020-02-18,2019-12-31,223998000.0,1725828000.0,0.0,1.97,0.0,0.0,11519167000.0,4420484000.0,0.0,0.0,7094165000.0,0.0,2161049000.0,6607714320.0,6406753320.0,39.01540145276741,0.0,0.11540938680722312,0.30074082385548734,0.0,39.01540145276741,0.05067273176421405,3.8287212398918085,7.374747006669702,1.4947943075916574,0.21069830980633755,0.0,0.00714256060634292,0.14982229183759554,0.0,0.01944567693132672,24.240753667636387,0.0,0.193939393939394,1.6362190768783351,0.3025377609097395,0.6279333683765538,0.0,0.19668557874154566,0.0,1.7021322282988183,0.1213630609050906,0.43627276065668374,Insurance—Specialty,Financial Services,FAF
2019Q3,2019,Q3,2019-10-24,2019-09-30,187182000.0,1671196000.0,0.0,1.65,0.0,0.0,11804092000.0,4242141000.0,0.0,0.0,7557870000.0,0.0,1985073000.0,6677748630.0,6209550630.0,37.48699663317515,0.0,0.10854371517944794,0.3020314506283502,0.0,37.48699663317515,0.044124417363779284,3.9957902185021985,8.918791109722088,1.5741458452229664,0.2518351123505465,0.0,0.00705911567084549,0.14157768339995994,0.0,0.015857382338260326,23.31901115708973,0.0,0.0060975609756097615,1.1958092832929794,0.255974698945371,0.5578256230077181,0.0,0.002823390747636013,0.0,0.7041986007610281,0.08258940512870853,0.37147276384941497,Insurance—Specialty,Financial Services,FAF
2019Q2,2019,Q2,2019-07-25,2019-06-30,186655000.0,1498620000.0,0.0,1.64,0.0,0.0,11443178000.0,4084889000.0,0.0,0.0,7355144000.0,0.0,1845865000.0,6132962500.0,5928071500.0,36.13347191508182,0.0,0.10880963312813975,0.30481317852210915,0.0,36.13347191508182,0.04569402008230823,4.092406680813014,8.214302456403525,1.5013780056202262,0.2522514800032145,0.0,0.00767720330916747,0.13096187090684075,0.0,0.016311465224083728,25.546240101968984,0.0,0.6907216494845361,2.487854529673547,0.23203527557429393,0.5180176017758145,0.0,0.7034451289071413,0.0,0.7857415654610288,0.07566354703670619,0.3573416599780077,Insurance—Specialty,Financial Services,FAF
2019Q1,2019,Q1,2019-04-25,2019-03-31,109575000.0,1303581000.0,0.0,0.97,0.0,0.0,11160268000.0,3878027000.0,0.0,0.0,7279732000.0,0.0,1707140000.0,6082580910.0,5893030910.0,34.40926151034134,0.0,0.10685800735251161,0.30751823027534364,0.0,34.40926151034134,0.028255347371227688,4.666055204854934,13.877665776865161,1.568473068908494,0.4291216062057951,0.0,0.007730435598924076,0.11680552832602228,0.0,0.009818312606829872,858.515301340861,0.0,0.19753086419753074,3.7514007674685184,0.2124525083135843,0.48528542221678694,0.0,0.19559405994609871,0.0,1.0398065683265,0.06018756518312196,0.333005691294291,Insurance—Specialty,Financial Services,FAF
2018Q4,2018,Q4,2019-02-20,2018-12-31,91649000.0,1417113000.0,0.0,0.81,0.0,0.0,10630635000.0,3741881000.0,0.0,0.0,6885247000.0,0.0,1644165000.0,5033963520.0,4338957520.0,33.18211726730988,0.0,0.0760379789165934,0.2160229039886624,0.0,33.18211726730988,0.024492761795471316,3.552266841105826,13.731637879300376,1.3453029425574998,0.5112767187858024,0.0,0.009308370991135033,0.13330464266715958,0.0,0.008621215948059547,18.143482031190867,0.0,-0.39552238805970147,0.6649720103092255,0.0895478669548606,0.4306712310993498,0.0,-0.39497623448640085,0.0,0.08466850032823008,0.008345496981256214,0.30946872744775455,Insurance—Specialty,Financial Services,FAF
2018Q3,2018,Q3,2018-10-25,2018-09-30,151480000.0,1542186000.0,0.0,1.34,0.0,0.0,11380127000.0,3674215000.0,0.0,0.0,7704129000.0,0.0,1600296000.0,5798419680.0,4377312680.0,32.595367363957344,0.0,0.07221000257729988,0.22365566522372807,0.0,32.595367363957344,0.04122785411305544,3.7598705214546104,9.569612622128334,1.5781383724142437,0.309691048323211,0.0,0.008090480266857814,0.1355157108527875,0.0,0.013310923507268417,29.114086422108635,0.0,-0.02189781021897812,1.2387538603532282,0.11931092611123348,0.4624292638678594,0.0,-0.0235915946886683,0.0,0.9327508408494092,0.07407941388898717,0.31646718412229924,Insurance—Specialty,Financial Services,FAF
2018Q2,2018,Q2,2018-07-26,2018-06-30,155140000.0,1491157000.0,0.0,1.37,0.0,0.0,9959396000.0,3569523000.0,0.0,0.0,6388174000.0,0.0,1496638000.0,5821396320.0,5386454320.0,31.713307153772345,0.0,0.0835953304798805,0.23324096805091324,0.0,31.713307153772345,0.04346238979269779,3.9039459426472196,9.380875854067293,1.6308611318655182,0.2732177388165528,0.0,0.007281242792966207,0.14972363785916334,0.0,0.01557724986535328,32.786070501303804,0.0,1.0447761194029852,3.3017348648748506,0.11262760038084381,0.46514715402895773,0.0,1.0352368583310376,0.0,0.6014757509947497,0.08542931987526388,0.29482831167602375,Insurance—Specialty,Financial Services,FAF
2018Q1,2018,Q1,2018-04-26,2018-03-31,76227000.0,1297388000.0,0.0,0.67,0.0,0.0,9546789000.0,3470535000.0,0.0,0.0,6074348000.0,0.0,1384712000.0,6585773760.0,6101394760.0,30.92286513650296,0.0,0.07661780311683855,0.21076116506532855,0.0,30.92286513650296,0.0219640487705786,5.076179030482786,21.599216025817622,1.8976249367892846,0.5553150458498957,0.0,0.0064274907615411315,0.1358978395772652,0.0,0.007984569471473602,316.2740123901455,0.0,-0.6581632653061225,1.0191382782860872,0.08417151621980495,0.3974797714162876,0.0,-0.655279545238709,0.0,0.9445894282761218,0.1209839009843028,0.27950655517930356,Insurance—Specialty,Financial Services,FAF
2017Q4,2017,Q4,2018-02-16,2017-12-31,221127000.0,1481323000.0,0.0,1.96,0.0,0.0,9573222000.0,3479955000.0,0.0,0.0,6090197000.0,0.0,1311112000.0,6271100160.0,5575349160.0,31.097681941664284,0.0,0.07654789578681033,0.21058030922813656,0.0,31.097681941664284,0.06354306305684987,4.233445480830312,7.089930401986189,1.8020635784083414,0.1904335517598484,0.0,0.006714930223662701,0.15473609616490666,0.0,0.023098492858517228,43.110715017358125,0.0,9.31578947368421,1.265255006340345,0.10858491203404616,0.41616353565179004,0.0,9.341252396763783,0.0,1.634918969398807,0.13195903462601793,0.2975633269667505,Insurance—Specialty,Financial Services,FAF
2017Q3,2017,Q3,2017-10-26,2017-09-30,21383000.0,1519568000.0,0.0,0.19,0.0,0.0,9347047000.0,3293894000.0,0.0,0.0,6048650000.0,0.0,1128981000.0,5586596030.0,5157832030.0,29.46264277855795,0.0,0.07853721073618224,0.2228641844576662,0.0,29.46264277855795,0.006491708597787299,3.676437007096754,65.31585874292662,1.69604608709327,1.9676846092690454,0.0,0.007531419808065127,0.16257198663920275,0.0,0.002287674385289814,29.809169263440975,0.0,-0.8256880733944955,-0.803237861416497,0.19728089157513837,0.3750241738145047,0.0,-0.8250979494016702,0.0,-0.7460982450006881,0.155952998792435,0.22436215125707037,Insurance—Specialty,Financial Services,FAF
2017Q2,2017,Q2,2017-07-27,2017-06-30,122257000.0,1454429000.0,0.0,1.09,0.0,0.0,9314286000.0,3193423000.0,0.0,0.0,6116128000.0,0.0,1150582000.0,4985124810.0,4531053810.0,28.627984114604345,0.0,0.07885252825605742,0.2299898885928986,0.0,28.627984114604345,0.03828399807980339,3.427547724914726,10.193945561399346,1.5610599691929317,0.3075815699714536,0.0,0.007543241429897118,0.15615034797084823,0.0,0.013125751131111928,26.39112311666861,0.0,1.0961538461538463,0.594874173900207,0.27090787690998813,0.40922934707603786,0.0,1.0976802443292955,0.0,1.3152471336379448,0.2117946456823917,0.20270158072434968,Insurance—Specialty,Financial Services,FAF
2017Q1,2017,Q1,2017-04-27,2017-03-31,58282000.0,1317043000.0,0.0,0.52,0.0,0.0,8874436000.0,3072462000.0,0.0,0.0,5796851000.0,0.0,1066740000.0,4367111120.0,4033219120.0,27.635272848289695,0.0,0.08288402778497699,0.23940051984369537,0.0,27.635272848289695,0.01896915242564432,3.315845511498106,18.732675268522012,1.421371890034767,0.6433375656291822,0.0,0.008585767334447858,0.14840864253232544,0.0,0.0065674032693457925,-183.161142473682,0.0,-0.2876712328767123,0.7693541049697326,0.2942180284532537,0.39827684166894906,0.0,-0.28067338903768063,0.0,1.5618715086974697,0.24176490601606607,0.19288430204211296,Insurance—Specialty,Financial Services,FAF
2016Q4,2016,Q4,2017-02-17,2016-12-31,81023000.0,1504257000.0,0.0,0.73,0.0,0.0,8831777000.0,3008179000.0,0.0,0.0,5817428000.0,0.0,1046822000.0,4056406200.0000005,3765739200.0000005,27.164339895250137,0.0,0.08341390413276965,0.2448966633966928,0.0,27.164339895250137,0.026934234964076275,2.696617798687326,12.516218234328527,1.3484590511402412,0.46084445157547854,0.0,0.009204945993820834,0.1703232543122409,0.0,0.009174031454825003,19.439615272180077,0.0,-0.23958333333333331,0.9165658369428944,0.43631284168828005,0.4110432399004155,0.0,-0.24503354453969436,0.0,0.4988869719511316,0.1777286301880414,0.17121036270418186,Insurance—Specialty,Financial Services,FAF
2016Q3,2016,Q3,2016-10-20,2016-09-30,107320000.0,1508344000.0,0.0,0.96,0.0,0.0,9246477000.0,3022280000.0,0.0,0.0,6217924000.0,0.0,1012452000.0,4343228880.0,3615603880.0,27.33338759710955,0.0,0.0798081258407932,0.24416797914157523,0.0,27.33338759710955,0.035509615257355374,2.879468397129567,10.117473164368244,1.4370703177733368,0.34760529258292955,0.0,0.008589231889616647,0.16312634530967848,0.0,0.011606582701714394,68.89967606326444,0.0,0.04347826086956513,3.8603703079689526,0.4896532515247265,0.457437848347533,0.0,0.050622130417331546,0.0,0.6169595797250573,0.11604533202166653,0.22634438987352862,Insurance—Specialty,Financial Services,FAF
2016Q2,2016,Q2,2016-07-21,2016-06-30,102149000.0,1361533000.0,0.0,0.92,0.0,0.0,8836713000.0,2941062000.0,0.0,0.0,5892741000.0,0.0,943198000.0,4443505600.0,3759419600.0,26.620763939174513,0.0,0.06557574066284602,0.19702882836199984,0.0,26.620763939174513,0.03473201176989808,3.263604774911809,10.875058982466788,1.5108507063094894,0.27887693467385877,0.0,0.006410929244693649,0.15407686093233988,0.0,0.011559614983535168,25.882940638524673,0.0,0.9574468085106385,2.0081782151015157,0.39833317313997685,0.39043722817370163,0.0,0.9456581779394678,0.0,1.8856187875443549,0.034998248078179056,0.2298728837846462,Insurance—Specialty,Financial Services,FAF
2016Q1,2016,Q1,2016-04-21,2016-03-31,52501000.0,1201712000.0,0.0,0.47,0.0,0.0,8279255000.0,2843308000.0,0.0,0.0,5433285000.0,0.0,870118000.0,4197778390.0,3779479390.0,25.813289271804557,0.0,0.07011101844308455,0.20415199478916812,0.0,25.813289271804557,0.01846476006116819,3.4931650761580144,19.989040161139787,1.4763713217140035,0.5411325498561932,0.0,0.006767865609027542,0.14514735927326794,0.0,0.006341271044314978,-48.68118276701844,0.0,-0.3648648648648649,4.252999278627782,0.22553148784337226,0.36833367699480496,0.0,-0.3563371993232474,0.0,0.4169709715107399,0.02320972198573796,0.16656556343742046,Insurance—Specialty,Financial Services,FAF
2015Q4,2015,Q4,2016-02-19,2015-12-31,81566000.0,1356668000.0,0.0,0.74,0.0,0.0,8254351000.0,2758502000.0,0.0,0.0,5492686000.0,0.0,846691000.0,3908038100.0,3442595100.0,25.340137241753094,0.0,0.07088407071615928,0.21210860097255685,0.0,25.340137241753094,0.02956894720395345,2.880614933056577,11.978146838143344,1.41672476583305,0.33397494053895005,0.0,0.006970505226138916,0.16435792468723465,0.0,0.009881576395285347,23.346484620025926,0.0,0.0724637681159421,0.6574270265720564,0.26692446647075885,0.3331997234797202,0.0,0.07974371872600672,0.0,-0.1410542006911425,0.04369607190312024,0.15396956009455304,Insurance—Specialty,Financial Services,FAF
2015Q3,2015,Q3,2015-10-22,2015-09-30,75542000.0,1383915000.0,0.0,0.69,0.0,0.0,8121148000.0,2690070000.0,0.0,0.0,5428058000.0,0.0,785859000.0,4244838290.0,3918972290.0,24.759726453560614,0.0,0.07202824034237525,0.21744861657875073,0.0,24.759726453560614,0.028081797127955777,3.0672680692094527,14.047941178417304,1.577965736951083,0.3595615683990363,0.0,0.006398830330942948,0.17040878949626334,0.0,0.009301886876091903,27.3636329588015,0.0,-0.1882352941176471,1.186075467646726,0.32226809289877906,0.3375692543848583,0.0,-0.19073992736777828,0.0,-0.2847109823977778,0.12203268603837376,0.1555386482660489,Insurance—Specialty,Financial Services,FAF
2015Q2,2015,Q2,2015-07-23,2015-06-30,93347000.0,1323789000.0,0.0,0.85,0.0,0.0,8353552000.0,2656409000.0,0.0,0.0,5694305000.0,0.0,737980000.0,4035759390.0,3332665390.0,24.492287408145014,0.0,0.06997478437914793,0.2200481928799368,0.0,24.492287408145014,0.03514029654319045,3.048642487586768,10.808487123314087,1.5192537707860498,0.29074314118289823,0.0,0.006724880593042491,0.15847019327826056,0.0,0.011174527913395403,19.850860730728368,0.0,1.5,1.6459769618980042,0.30890240130325525,0.36499725261973215,0.0,1.4805218962585034,0.0,0.2524290755656917,0.18970804795761373,0.2056472455205525,Insurance—Specialty,Financial Services,FAF
2015Q1,2015,Q1,2015-04-23,2015-03-31,37632000.0,1111084000.0,0.0,0.34,0.0,0.0,7819492000.0,2603936000.0,0.0,0.0,5212922000.0,0.0,672275000.0,3844305920.0,3533780920.0,24.167805167805167,0.0,0.07488350905659856,0.22487150221818047,0.0,24.167805167805167,0.014451968097526207,3.4599597510179247,25.538809523809523,1.4763442419475747,0.716969600340136,0.0,0.007018432081492619,0.1420915834430165,0.0,0.00481258884848274,-39.148515448379804,0.0,-0.5405405405405405,1.6414720222549406,0.18208431024829935,0.23644939059667908,0.0,-0.5325856094198308,0.0,0.17887370346386752,0.1266371125156319,0.22283150470868351,Insurance—Specialty,Financial Services,FAF
2014Q4,2014,Q4,2015-02-23,2014-12-31,80511000.0,1255451000.0,0.0,0.74,0.0,0.0,7666100000.0,2572917000.0,0.0,0.0,5090056000.0,0.0,662310000.0,3639368400.0,3015180400.0,23.96621520921048,0.0,0.07661483674880318,0.22827669917063007,0.0,23.96621520921048,0.031291720642368175,2.898853400092875,11.300842120952415,1.4144911786894019,0.3202046925264871,0.0,0.007083646711885502,0.16376658274742045,0.0,0.010502211032989395,22.58134978004182,0.0,0.0,0.5577928345824249,0.1776562833591859,0.23409752403661008,0.0,-0.002403816368254755,0.0,0.9644855623275279,0.23653088064636033,0.24491764156095533,Insurance—Specialty,Financial Services,FAF
2014Q3,2014,Q3,2014-10-23,2014-09-30,80705000.0,1259730000.0,0.0,0.74,0.0,0.0,7388215000.0,2578085000.0,0.0,0.0,4807206000.0,0.0,608146000.0,2905528320.0,2132068320.0,24.063666741338114,0.0,0.06103341605516353,0.17490811978658577,0.0,24.063666741338114,0.03130424326583491,2.3064691005215403,9.000459451087293,1.1270102886444784,0.31866674927204014,0.0,0.008851402281289758,0.17050532503453134,0.0,0.010923477457004161,29.82537436613357,0.0,0.574468085106383,1.01795716763177,0.1111646777391762,0.25170830570929026,0.0,0.5951496224848797,0.0,2.7722020491685657,0.2840090081196327,0.2830937458537569,Insurance—Specialty,Financial Services,FAF
2014Q2,2014,Q2,2014-07-24,2014-06-30,50594000.0,1149969000.0,0.0,0.47,0.0,0.0,7016163000.0,2544024000.0,0.0,0.0,4469425000.0,0.0,553734000.0,2970139620.0,2359453620.0,23.803065177117837,0.0,0.06480479430138666,0.17872512209004318,0.0,23.803065177117837,0.01988739099945598,2.582799727644832,14.676343143455746,1.167496698144357,0.5076095979760445,0.0,0.008646731563413843,0.1639028340704171,0.0,0.007211063939078953,22.74069642980193,0.0,1.3499999999999996,0.7219659400575061,0.09168245428523997,0.0,0.0,1.328944945682195,0.0,0.5401527871415934,0.22085467094902025,0.24326514605410623,Insurance—Specialty,Financial Services,FAF
2014Q1,2014,Q1,2014-04-24,2014-03-31,21724000.0,1012799000.0,0.0,0.2,0.0,0.0,6629621000.0,2459523000.0,0.0,0.0,4166430000.0,0.0,503796000.0,2818707300.0,2482534300.0,23.166767138255185,0.0,0.06893320146053598,0.18580879300579828,0.0,23.166767138255185,0.008832606972978094,2.783086574927503,32.437710596575215,1.1460381952110226,0.5873227766525502,0.0,0.004526543071712341,0.15276876310123913,0.0,0.0032768087346169562,-22.40999928445925,0.0,-0.5833333333333333,3.3414962117976135,0.11686292535588912,0.0,0.0,-0.5792124276057102,0.0,2.3965332793515572,0.07162403083244658,0.22804449012998865,Insurance—Specialty,Financial Services,FAF
2013Q4,2013,Q4,2014-02-25,2013-12-31,51627000.0,1219872000.0,0.0,0.48,0.0,0.0,6520600000.0,2453049000.0,0.0,0.0,4064357000.0,0.0,520764000.0,2982573000.0,2434529000.0,23.19339100836761,0.0,0.04758534490691041,0.1264895238537836,0.0,23.19339100836761,0.021046053299383746,2.4449884905957346,14.442893253530128,1.21586360484442,0.24589846398202492,0.0,0.004256392048073928,0.1870797165904978,0.0,0.007917522927337975,28.001699307133336,0.0,-0.18644067796610167,1.7616018674623102,0.31203460131198874,0.27508169302614843,0.0,-0.1919392706213805,0.0,0.07975321878324115,0.17250248431177578,0.22025473595159992,Insurance—Specialty,Financial Services,FAF
2013Q3,2013,Q3,2013-10-24,2013-09-30,63890000.0,1300978000.0,0.0,0.59,0.0,0.0,6501070000.0,2372322000.0,0.0,0.0,4125479000.0,0.0,482141000.0,2591740950.0,2017440950.0,22.288508695284534,0.0,0.04930280707637358,0.13510855608977196,0.0,22.288508695284534,0.026931419933718947,1.992148176218199,10.141418649240883,1.09249121746542,0.19870089215839726,0.0,0.004898251887404102,0.20011751911608397,0.0,0.009827612992938085,39.713472824504684,0.0,0.9032258064516128,0.6080042512171495,0.1550843782879703,0.15937075407694157,0.0,0.8426972773419474,0.0,0.8872727694985804,0.2688350529723074,0.20406919732406575,Insurance—Specialty,Financial Services,FAF
2013Q2,2013,Q2,2013-07-25,2013-06-30,34672000.0,1288464000.0,0.0,0.31,0.0,0.0,6302979000.0,2342220000.0,0.0,0.0,3957479000.0,0.0,431265000.0,2393605200.0,1796951200.0,21.645134460770723,0.0,0.04994130553187628,0.13439343870345227,0.0,21.645134460770723,0.014803050097770491,1.8577198897291658,17.25892074296262,1.021938673566104,0.3751442085832949,0.0,0.005434062392578358,0.20442143310329924,0.0,0.005500890927924716,12.659018526255666,0.0,-0.060606060606060656,0.1655350973285743,0.20810145447120212,0.0,0.0,-0.0416275084305379,0.0,-0.014939768424409323,0.27690616585764205,0.2063205277311595,Insurance—Specialty,Financial Services,FAF
2013Q1,2013,Q1,2013-04-26,2013-03-31,36178000.0,1146763000.0,0.0,0.33,0.0,0.0,6181909000.0,2379867000.0,0.0,0.0,3798344000.0,0.0,409917000.0,2730745280.0,2167101280.0,22.12759409401964,0.0,0.05133980458140034,0.13335955328596094,0.0,22.12759409401964,0.015201689842331525,2.381263853123967,18.870206202664605,1.1474360878149914,0.3573166012493781,0.0,0.004733872505311078,0.1855030541536603,0.0,0.005852237553157123,-39.275475779542056,0.0,-0.611764705882353,6.136925293321247,0.24829504578021835,0.0,0.0,-0.6121444729140089,0.0,1.5439459123741677,0.22222126441276768,0.13207012564666262,Insurance—Specialty,Financial Services,FAF
2012Q4,2012,Q4,2013-02-28,2012-12-31,93277000.0,1276823000.0,0.0,0.85,0.0,0.0,6050847000.0,2348065000.0,0.0,0.0,3699078000.0,0.0,387015000.0,2575919610.0,2107275610.0,21.95910370432717,0.0,0.03797154348804391,0.09785078351749206,0.0,21.95910370432717,0.03972505020091011,2.0174445557450014,6.903951697631785,1.0970393110923249,0.22931698060615158,0.0,0.008303830568687661,0.21101558178549218,0.0,0.01541552777652451,17.066982110912342,0.0,-0.10526315789473682,2.3610439491330104,0.3583390658583373,0.20722541686761825,0.0,-0.09851164588769691,0.0,0.812006983207639,0.2024867514989129,0.1307448954709633,Insurance—Specialty,Financial Services,FAF
2012Q3,2012,Q3,2012-10-26,2012-09-30,103470000.0,1208402000.0,0.0,0.95,0.0,0.0,5999298000.0,2280797000.0,0.0,0.0,3713493000.0,0.0,306417000.0,2302405350.0,2102027350.0,21.426999859082155,0.0,0.09084296195988265,0.23894892881742655,0.0,21.426999859082155,0.045365720842319594,1.9053306350039143,5.562978037112207,1.0094740347343494,0.08219773847492026,0.0,0.0036939629244694037,0.2014238999296251,0.0,0.017247017901094428,18.21984481830843,0.0,0.3970588235294116,1.6039708150341527,0.0728093552842117,0.1145580587671287,0.0,0.4173778441391214,0.0,1.6039708150341527,0.0728093552842117,0.1145580587671287,Insurance—Specialty,Financial Services,FAF
2012Q2,2012,Q2,2012-07-30,2012-06-30,73001000.0,1089833000.0,0.0,0.68,0.0,0.0,5790943000.0,2158024000.0,0.0,0.0,3627398000.0,0.0,211703000.0,1801660800.0,1552757800.0,20.314638049515203,0.0,0.09450274333558455,0.25359310183760697,0.0,20.314638049515203,0.03382770534526029,1.65315309776819,6.169986712510788,0.8348659699799447,0.11619018917549075,0.0,0.004707878419733615,0.1881961193539636,0.0,0.012606064331836801,19.17782532332748,0.0,1.3448275862068968,1.499743724102568,0.04090546366324867,0.0,0.0,1.332822036877257,0.0,1.499743724102568,0.04090546366324867,0.0,Insurance—Specialty,Financial Services,FAF
2012Q1,2012,Q1,2012-05-01,2012-03-31,31293000.0,966763000.0,0.0,0.29,0.0,0.0,5653193000.0,2087473000.0,0.0,0.0,3560708000.0,0.0,147446000.0,1756477230.0,1637316230.0,19.763806440007194,0.0,0.09788592039932123,0.2650898957735022,0.0,19.763806440007194,0.014990852576296796,1.8168643504147346,14.032509107468124,0.8414371012223871,0.20221774837823156,0.0,0.0036026655466521477,0.1710118511786171,0.0,0.00553545580347248,-68.98967910447762,0.0,-0.24034230740547402,5.286110518455302,0.07159779499816904,0.0,0.0,-0.22208964128570363,0.0,5.286110518455302,0.07159779499816904,0.0,Insurance—Specialty,Financial Services,FAF
2011Q4,2011,Q4,2012-02-27,2011-12-31,40227000.0,996566000.0,0.0,0.3817508896797153,0.0,0.0,5370337000.0,2028600000.0,0.0,0.0,3335398000.0,0.0,124816000.0,1335101250.0,1216777250.0,19.251245551601425,0.0,0.05585776088167279,0.14787291728285518,0.0,19.251245551601425,0.019829931972789115,1.3397017859328935,8.29729565963159,0.6581392339544513,0.1572078454769185,0.0,0.004736719406112458,0.18556861515394657,0.0,0.007490591372571218,15.987130437906384,0.0,0.9087544483985766,1.5956253080112281,0.07582461766907848,0.05835799353109375,0.0,0.9116570831155254,0.0,1.5956253080112281,0.07582461766907848,0.05835799353109375,Insurance—Specialty,Financial Services,FAF
2011Q3,2011,Q3,2011-11-02,2011-09-30,21043000.0,964965000.0,0.0,0.2,0.0,0.0,5556259000.0,1976246000.0,0.0,0.0,3572463000.0,0.0,90608000.0,1348800000.0,996756000.0,18.75441043890866,0.0,0.050199963680598765,0.14113829958416108,0.0,18.75441043890866,0.010647965890886053,1.397770903607903,16.02433113149266,0.6825061252495894,0.30024236088010264,0.0,0.004684163701067615,0.1736717096881193,0.0,0.0037872604570809245,37.60769552488499,0.0,-0.33333333333333326,-0.46504531270361044,-0.13461302007030185,-0.024460753741405755,0.0,-0.3493398472527133,0.0,-0.46504531270361044,-0.13461302007030185,-0.024460753741405755,Insurance—Specialty,Financial Services,FAF
2011Q2,2011,Q2,2011-08-02,2011-06-30,32341000.0,927343000.0,0.0,0.3,0.0,0.0,5784087000.0,2014539000.0,0.0,0.0,3755917000.0,0.0,76063000.0,1646724300.0,1618439300.0,19.145606432114956,0.0,0.0989628959592067,0.2841394482807233,0.0,19.145606432114956,0.016053796923266316,1.775744573474971,12.729386073405275,0.8174199159212108,0.19501561485420982,0.0,0.003830027892343606,0.1603265995134582,0.0,0.005591375095153306,239.90738636363636,0.0,3.0,0.11804877700045863,-0.10580474460843849,0.0,0.0,3.1089664166938378,0.0,0.11804877700045863,-0.10580474460843849,0.0,Insurance—Specialty,Financial Services,FAF
2011Q1,2011,Q1,2011-05-02,2011-03-31,-15335000.0,931700000.0,0.0,-0.15,0.0,0.0,5906477000.0,1974386000.0,0.0,0.0,3918306000.0,0.0,50220000.0,1726890000.0,1553211000.0,18.864762086757118,0.0,0.09846783454841185,0.29457157820203345,0.0,18.864762086757118,-0.007766971605349714,1.853482880755608,-28.15275513531138,0.8746465989933073,-0.40867297032931205,0.0,0.00362906728280319,0.15774208551053362,0.0,-0.0025963023304755102,-27.755918800327883,0.0,-1.3318034144477005,-4.108766741178893,0.04221526694236279,0.0,0.0,-1.3256253450545716,0.0,-4.108766741178893,0.04221526694236279,0.0,Insurance—Specialty,Financial Services,FAF
2010Q4,2010,Q4,2011-03-01,2010-12-31,47094000.0,1024740000.0,0.0,0.45207491384523824,0.0,0.0,5821826000.0,1980017000.0,0.0,0.0,3828105000.0,0.0,72074000.0,1556344620.0,1121415620.0,19.007007573939504,0.0,0.05046818644184831,0.14839115017699342,0.0,19.007007573939504,0.02378464427325624,1.5187702441594941,8.261905019747738,0.7860258876565202,0.1143245424045526,0.0,0.0034593880627800805,0.17601694038949292,0.0,0.00808921462097974,17.47386372056991,0.0,0.4583061736943169,1.7053480871495326,0.119003685593139,0.04493074721139469,0.0,0.42136238795158903,0.0,1.7053480871495326,0.119003685593139,0.04493074721139469,Insurance—Specialty,Financial Services,FAF
2010Q3,2010,Q3,2010-11-01,2010-09-30,33133000.0,1003523000.0,0.0,0.31,0.0,0.0,5685891000.0,1928345000.0,0.0,0.0,3744021000.0,0.0,31242000.0,1556344620.0,1110176620.0,18.510986532018855,0.0,0.05217739840598422,0.1538495445576388,0.0,18.510986532018855,0.017182091378876704,1.5508808667065928,11.743161047897866,0.8070882648073866,0.1893278604412519,0.0,0.004030598313116539,0.17649353461049463,0.0,0.00582723094762105,31.719410997432032,0.0,-0.03125000000000003,-0.14797464510423058,-0.08964969435378592,-0.03712281930844376,0.0,-0.020689859013389295,0.0,-0.14797464510423058,-0.08964969435378592,-0.03712281930844376,Insurance—Specialty,Financial Services,FAF
2010Q2,2010,Q2,2010-08-09,2010-06-30,33833000.0,969924000.0,0.0,0.32,0.0,0.0,5486238000.0,1866334000.0,0.0,0.0,3606623000.0,0.0,4577000.0,1318897520.0,1048143520.0,17.94310381294826,0.0,0.056181303107885584,0.16514943198805787,0.0,17.94310381294826,0.01812805210642897,1.3597947055645596,9.745644193538851,0.7066781830047568,3.8568852895102417,0.0,0.0989386954037187,0.17679218437114833,0.0,0.006166885213510606,-41.19623676401687,0.0,1.4200989215434179,0.1832120107664041,-0.053883921329667024,0.0,0.0,1.457186433292178,0.0,0.1832120107664041,-0.053883921329667024,0.0,Insurance—Specialty,Financial Services,FAF
2010Q1,2010,Q1,2010-05-28,2010-03-31,13769000.0,908426000.0,0.0,0.132226,0.0,0.0,5503099000.0,2035378000.0,0.0,0.0,3454345000.0,0.0,0.0,3536322720.0,3330717720.0,19.546133753313104,0.0,0.04567662693329704,0.12349696223502465,0.0,19.546133753313104,0.006764836801812735,3.892802187519952,64.20805287239452,1.737427996175649,0.025782555014888516,0.0,0.00010038676560605305,0.1650753511793991,0.0,0.002502044756963304,-89.98276641221373,0.0,-0.7253385788695825,1.805454808848757,0.021333110564050073,0.0,0.0,-0.7250049930097863,0.0,1.805454808848757,0.021333110564050073,0.0,Insurance—Specialty,Financial Services,FAF
2009Q4,2009,Q4,2009-12-31,2009-12-31,50070000.0,1032793000.0,0.0,0.48141453377689747,0.0,0.0,5530281000.0,2019800000.0,0.0,0.0,3497430000.0,0.0,0.0,3532043760.0,3208328760.0,19.4200334596081,0.0,0.046889660760456836,0.12838548371125855,0.0,19.4200334596081,0.02478958312704228,3.4198951387160834,17.63552905931696,1.74870965442123,0.7864589574595566,0.0,0.011148785993523477,0.18675235489842198,0.0,0.009053789490986081,70.91175811600313,0.0,0.30112036155918237,1.7511251125112512,0.12960834218352327,0.06763729087169593,0.0,0.28963296844816483,0.0,1.7511251125112512,0.12960834218352327,0.06763729087169593,Insurance—Specialty,Financial Services,FAF
2009Q3,2009,Q3,2009-09-30,2009-09-30,38825000.0,1100581000.0,0.0,0.37,0.0,0.0,5557699000.0,1999480000.0,0.0,0.0,3473223000.0,0.0,0.0,3532043760.0,3026978760.0,19.224660115762553,0.0,0.04751876630958244,0.13208184127873246,0.0,19.224660115762553,0.019417548562626282,3.209253803218482,22.7433596909208,1.7664811651029266,0.8983902124919511,0.0,0.009875302337703765,0.19802817676883905,0.0,0.006985804736816441,37.620558549730525,0.0,0.37037037037037024,0.0,0.0,0.0,0.0,0.35789731393396756,0.0,0.0,0.0,0.0,Insurance—Specialty,Financial Services,FAF
2009Q2,2009,Q2,2009-06-30,2009-06-30,28592000.0,1025085000.0,0.0,0.27,0.0,0.0,,,,,,,,3532043760.0,,,0.0,0.0,0.0,0.0,,0.0,3.4456106176560968,30.883147034135423,0.0,0.12695858981533295,0.0,0.0010277335861773127,0.0,0.0,0.0,77.3790421942777,0.0,4.728592039378766,0.0,0.0,0.0,0.0,4.832721338229294,0.0,0.0,0.0,0.0,Insurance—Specialty,Financial Services,FAF
2009Q1,2009,Q1,2009-03-31,2009-03-31,4902000.0,888375000.0,0.0,0.047132,0.0,0.0,,,,,,,,3532043760.0,,,0.0,0.0,0.0,0.0,,0.0,3.975847766990291,180.1327906976744,0.0,2.95593635250918,0.0,0.004102440678707786,0.0,0.0,0.0,-1794.7376829268292,0.0,1.0735375156315632,0.0,0.0,0.0,0.0,1.0735373537353736,0.0,0.0,0.0,0.0,Insurance—Specialty,Financial Services,FAF
2008Q4,2008,Q4,2008-12-31,2008-12-31,-66660000.0,914293000.0,0.0,-0.6409245620444974,0.0,0.0,5665755000.0,1891841000.0,0.0,0.0,3691490000.0,0.0,0.0,3532043760.0,3102361760.0,18.18972943868623,0.0,0.0518852297707896,0.15538779421737872,0.0,18.18972943868623,-0.03523551926403963,3.863142078086565,-13.246488748874889,1.8669876379674615,-0.3201920192019202,0.0,0.00604296023784258,0.16137178540194555,0.0,-0.011765422260581335,-28.14601769065264,0.0,0.0,0.0,0.0,0.0,0.0,0.0,0.0,0.0,0.0,0.0,Insurance—Specialty,Financial Services,FAF
