Quarters,Year,Quarter,FillingDate,Date,NetIncome,Revenue,OperatingIncome,EPSDiluted,GrossProfit,GrossProfitRatio,TotalAssets,CommonStockEquity,CurrentAssets,CurrentLiability,TotalLiability,Inventory,RetainedEarnings,MarketCap,EnterpriseValue,bookValuePerShare,currentRatio,debtToAssets,debtToEquity,roic,shareholdersEquityPerShare,roe,priceToSalesRatio,peRatio,pbRatio,payoutRatio,inventoryTurnover,dividendYield,assetTurnover,quickRatio,returnOnAssets,priceToFreeCashFlowsRatio,grossProfitMargin,epsdilutedGrowth,fiveYNetIncomeGrowthPerShare,fiveYRevenueGrowthPerShare,fiveYShareholdersEquityGrowthPerShare,grossProfitGrowth,netIncomeGrowth,operatingIncomeGrowth,threeYNetIncomeGrowthPerShare,threeYRevenueGrowthPerShare,threeYShareholdersEquityGrowthPerShare,Industry,Sector,Symbol
2023Q1,2023,Q1,2023-05-04,2023-03-31,150206000.0,579131000.0,242219000.0,0.71,354231000.0,0.6116595382,8223746000.0,1298751000.0,1154137000.0,1396176000.0,6774420000.0,76536000.0,191819000.0,6142258340.55,11530265340.55,6.222832028679771,0.8266414835951914,0.6912746332389157,4.377180075318518,0.02867388636656041,6.222832028679771,0.1156541939139989,10.60599128789514,10.223057568522561,4.729357929695531,4.326032249044645,2.9384864638862758,0.1057910566395706,0.07042180047875993,0.4655945955237735,0.018264912364754457,-16.91485740716772,0.6116595381701204,1.3666666666666667,5.478950580335871,6.330351045622372,0.0,-0.03938137452441065,1.3423207073463597,0.5036159686140131,3.2575726040490047,-0.030888901625490368,1.2646546125477303,Utilities—Regulated Gas,Utilities,NFE
2022Q4,2022,Q4,2023-03-01,2022-12-31,64127000.0,546369000.0,161091000.0,0.3,368753000.0,0.6749156705,7705082000.0,1289820000.0,1387154000.0,1409238000.0,6263223000.0,39070000.0,62080000.0,8855961975.84,13073016975.84,6.178229372400878,0.9843291197086652,0.6349766297101056,3.7932013769363166,0.023647390443916314,6.178229372400878,0.049717790079235866,16.208756309087814,34.52509074118546,6.8660448557473135,0.372713521605564,4.546096749424111,0.0026988598263186373,0.07091021224693002,0.6782424260486873,0.00832268884354508,-72.095818618646,0.674915670544998,0.03448275862068969,2.700347311718877,6.038759914013617,0.5044262533833485,0.24684445255943385,0.0368484025352477,-0.13732829946180417,2.017779350842033,-0.08711593520882949,0.7725312021327695,Utilities—Regulated Gas,Utilities,NFE
2022Q3,2022,Q3,2022-11-08,2022-09-30,61848000.0,731930000.0,186735000.0,0.29,295749000.0,0.4040673288,7440984000.0,1847373000.0,1044556000.0,570994000.0,5438787000.0,62801000.0,-2047000.0,9162924502.56,13622528502.56,8.812543834388233,1.8293642314980543,0.6482901992532171,2.6112306502260236,0.022530078198807663,8.812543834388233,0.03347889137710684,12.518853582391758,37.038079253007375,4.959975328512434,0.44908485318846203,6.945446728555278,0.0030312374605116553,0.098364678650028,1.4341761909932504,0.008311803922706997,-21.545323623538042,0.4040673288429221,1.3411764705882352,2.472370494587922,7.34261137729792,0.9549221913779534,0.08199798050750724,1.346621383055635,0.00034820806771307654,1.9958272645768234,0.5955825549278468,1.3454470531016123,Utilities—Regulated Gas,Utilities,NFE
2022Q2,2022,Q2,2022-08-05,2022-06-30,-178431000.0,584855000.0,186670000.0,-0.85,273336000.0,0.4673568662,7251376000.0,1885031000.0,736632000.0,595996000.0,5178848000.0,72152000.0,-63895000.0,8296609769.16,12693747769.16,8.990500788318023,1.2359680266310513,0.6254629466186832,2.4060437202359006,0.018473743636403896,8.990500788318023,-0.09465679874760681,14.185755048960853,-11.62439510113153,4.401312110601895,-0.1322696168266725,4.317537975385298,0.002844655908456631,0.08065434753348881,0.7878727374009221,-0.024606502269362396,-42.34346811795688,0.46735686623180106,-1.7391304347826089,-2.0702353851551263,6.06912997078736,0.0,0.09034337503191217,-1.7398219594412496,-0.21671555113567223,-2.042237567968496,0.5512044079614113,1.5014903611503205,Utilities—Regulated Gas,Utilities,NFE
2022Q1,2022,Q1,2022-05-06,2022-03-31,241181000.0,505118000.0,238317000.0,1.15,250688000.0,0.496295915,7365808000.0,2113577000.0,606325000.0,578331000.0,5047903000.0,54273000.0,105870000.0,8945035062.7,13123089062.7,10.068100945242815,1.048404806244175,0.5884251938144465,2.0506596163754622,0.043850184879320776,10.068100945242815,0.1141103446905412,17.708802819737173,9.272118308137872,4.232178464612361,0.09856912443351673,4.687966392128683,0.0026576754404386066,0.06857604759722219,0.7149331438224823,0.03274331885924803,-119.52371173719585,0.49629591501391757,0.5972222222222222,8.149890401658949,5.356354483081333,0.0,-0.23295249401815055,0.5896139675593022,0.1860697755437217,2.1944272529650153,0.1323005711776726,0.8502776108712155,Utilities—Regulated Gas,Utilities,NFE
2021Q4,2021,Q4,2022-03-01,2021-12-31,151723000.0,648631000.0,200930000.0,0.72,326822000.0,0.5038642926,6876492000.0,1791575000.0,584866000.0,562511000.0,4882438000.0,37182000.0,-132399000.0,5008566306.82,8957361306.82,8.634930207694321,1.0397414450561855,0.6015136787769112,2.308752912939732,0.031248040149383805,8.634930207694321,0.08468693747121946,7.721749818957157,8.252813197109207,2.795621900740968,0.15623867179003842,8.654967457371846,0.004732891320161157,0.09432585684677594,0.7663761242002378,0.02206401170829545,-349.2237000990099,0.5038642926409622,15.4,5.047967848930224,7.40807776860277,1.102643802546307,1.442999274923568,16.472465837242506,2.725410216000742,2.4286602864690883,5.768490542024201,1.1857364249467608,Utilities—Regulated Gas,Utilities,NFE
2021Q3,2021,Q3,2021-11-03,2021-09-30,-9806000.0,304656000.0,53935000.0,-0.05,133779000.0,0.43911493619032615,6665087000.0,1656081000.0,615721000.0,767896000.0,4780937000.0,82390000.0,-283256000.0,5758042110.75,9506400110.75,7.981228144233575,0.801828633044058,0.596052384612534,2.398880851842392,0.011693670875808554,7.981228144233575,-0.00592120796023866,18.900143475756263,-146.7989524462064,3.4769085031166953,-2.417397511727514,2.0740016992353443,0.0041168507530960664,0.04570923080223859,0.5056804567285154,-0.0014712486123586983,-25.756137550322062,0.43911493619032615,-0.6666666666666669,0.7641560244561119,2.508194419388773,0.7705080742665759,0.5125842340916286,-0.6224354731965586,5.406094273343681,0.7641560244561119,2.508194419388773,0.7705080742665759,Utilities—Regulated Gas,Utilities,NFE
2021Q2,2021,Q2,2021-08-06,2021-06-30,-6044000.0,223839000.0,-12241000.0,-0.03,88444000.0,0.395123280572197,6392075000.0,1762350000.0,475954000.0,635464000.0,4390156000.0,61491000.0,-273450000.0,7664309795.52,11171775795.52,8.710219156201356,0.7489865672957083,0.5711140748504985,2.0714409736998896,0.0014341836550192842,8.710219156201356,-0.003429511731494879,34.24027893048129,-317.0214177498346,4.348914685232786,-3.9194242223692917,2.2018669398773802,0.003090819738764588,0.035018206138069406,0.4215769894124608,-0.0009455458516991744,-49.80705611853393,0.395123280572197,0.8571428571428571,0.8922301318051528,1.8036580863637703,0.0,1.6996733921430969,0.8405403266232224,0.451322277005827,0.8922301318051528,1.8036580863637703,0.0,Utilities—Regulated Gas,Utilities,NFE
2021Q1,2021,Q1,2021-05-07,2021-03-31,-37903000.0,145684000.0,-22310000.0,-0.21,32761000.0,0.2248771313253343,1832111000.0,285534000.0,548207000.0,195870000.0,1540930000.0,28031000.0,-267406000.0,8103141444.16,9092030444.16,1.6177510944780147,2.798830857201205,0.7363194697264521,4.724547689592133,-0.01251626696876888,1.6177510944780147,-0.13274426162908795,55.62135474149529,-53.446570483602876,28.37890214181148,-0.4658470305780545,4.028504156112875,0.0021790314437526628,0.07951701616332198,2.337116454791443,-0.02068815699485457,-42.02961391398162,0.2248771313253343,-212.05527638190952,-0.33645476778144756,1.1804769866324696,0.0,-0.4621673534385107,-223.95882352941177,-2.2373135156120014,-0.33645476778144756,1.1804769866324696,0.0,Utilities—Regulated Gas,Utilities,NFE
2020Q4,2020,Q4,2021-03-16,2020-12-31,170000.0,145696000.0,18031000.0,0.000995,60913000.0,0.418082857456622,1908091000.0,366959000.0,762010000.0,191150000.0,1533005000.0,22860000.0,-229503000.0,9156155837.61,9913998837.61,2.1477717460009043,3.986450431598221,0.712421472560795,3.704405669298205,-0.001987813795961895,2.1477717460009043,0.0004632670134810701,62.844249928687134,13464.935055308826,24.951440999157942,99.24117647058823,3.7087926509186353,0.0018425855019527254,0.0763569452400331,3.557138373005493,8.909428323911175e-05,-179.49727186061557,0.418082857456622,1.0047380952380953,1.005507839770467,1.2934717269722953,-0.4770080542181112,0.18528536125002432,1.0046757247373344,0.6313218130824211,1.005507839770467,1.2934717269722953,-0.4770080542181112,Utilities—Regulated Gas,Utilities,NFE
2020Q3,2020,Q3,2020-10-29,2020-09-30,-36358000.0,136858000.0,11053000.0,-0.21,51391000.0,0.37550599891858716,1399813000.0,90741000.0,280525000.0,222251000.0,1301076000.0,19399000.0,-229673000.0,7484980153.32,8472663153.32,0.5335366732039575,1.2621990452236436,0.7861092874548243,12.12688861705293,0.008872836693750897,0.5335366732039575,-0.40067885520327085,54.69157925236376,-51.46721597255074,82.4873007055245,0.0,4.405742564049693,0.0,0.09776877340044705,0.9326437226379184,-0.025973469313401148,-134.12500722717988,0.37550599891858716,0.9125,-0.06685512560190422,0.9227227785437571,-0.8816434049053681,2.3883431133381685,0.7354338730216482,1.0745791302587633,-0.06685512560190422,0.9227227785437571,-0.8816434049053681,Utilities—Regulated Gas,Utilities,NFE
2020Q2,2020,Q2,2020-08-04,2020-06-30,-137425000.0,94566000.0,-148205000.0,-2.4,15167000.0,0.1603853393397204,1421513000.0,143003000.0,345157000.0,249701000.0,1271439000.0,50885000.0,-192852000.0,743142146.4000001,1610065146.4,2.493895533954068,1.382281208325157,0.7275621116373892,7.2322888331014035,-0.11758971537456016,2.493895533954068,-0.9609938253043643,7.858449616141109,-1.3519049416045117,5.196689205121571,0.0,1.5603615996855655,0.0,0.06652489284304822,0.9365000540646613,-0.09667516230945479,-10.87482653945212,0.1603853393397204,-6.5,-7.646390209301833,3.1794631570965506,0.0,7.992623328722914,-15.56121957098096,-3.116691203022138,-7.646390209301833,3.1794631570965506,0.0,Utilities—Regulated Gas,Utilities,NFE
2020Q1,2020,Q1,2020-05-06,2020-03-31,-8298000.0,74530000.0,-36001000.0,-0.32,-2169000.0,-0.029102374882597613,1489116000.0,71524000.0,414614000.0,151651000.0,1174925000.0,28602000.0,-55427000.0,254828726.67999998,1062043726.68,2.747806219191677,2.734001094618565,0.6347450433680116,13.215270398747274,-0.032389242297206626,2.747806219191677,-0.11601700128628153,3.419142985106668,-7.677414035912267,3.5628422163189972,0.0,2.6815956926089086,0.0,0.05004982822023268,1.8472809279200268,-0.0055724335780422745,-2.3725081387965625,-0.029102374882597613,-0.06666666666666674,-0.983967457924843,6.563994528509241,0.0,-2.6345139412207987,-0.1300558354895819,0.006951148870438309,-0.983967457924843,6.563994528509241,0.0,Utilities—Regulated Gas,Utilities,NFE
2019Q4,2019,Q4,2020-03-04,2019-12-31,-7343000.0,69752000.0,-36253000.0,-0.3,1327000.0,0.019024544099093932,1123814000.0,84805000.0,211120000.0,102263000.0,736490000.0,63432000.0,-45823000.0,381259185.71999997,973218185.72,3.4855405450505037,2.064480799507153,0.5508536110068036,7.2997700607275515,-0.051643119239431504,3.4855405450505037,-0.08658687577383409,5.465924786672783,-12.980361763584366,4.495715886091622,0.0,1.0787142136461092,0.0,0.06206721041026362,0.7788447434555997,-0.006533999398476972,-2.3693056359839915,0.019024544099093932,0.0,-0.6706443398681055,6.710464214997321,-0.15125541848111232,1.2717591644480852,-0.09222073479101592,0.24039307714872396,-0.6706443398681055,6.710464214997321,-0.15125541848111232,Utilities—Regulated Gas,Utilities,NFE
2019Q3,2019,Q3,2019-11-12,2019-09-30,-6723000.0,49656000.0,-47726000.0,-0.3,-4883000.0,-0.09833655550185275,1147783000.0,85261000.0,316828000.0,599015000.0,727385000.0,28625000.0,-38480000.0,409138635.12,836877635.12,3.7572981333066338,0.5289149687403487,0.5279098923751266,7.106719367588933,-0.06896822776765647,3.7572981333066338,-0.07885199563692662,8.239460188496858,-15.214139339580544,4.798660995296795,0.0,1.905292576419214,0.0,0.0432625330746317,0.3613932873133394,-0.005857378964490675,-3.2476475243689475,-0.09833655550185275,-0.07142857142857129,-0.47854005103345526,4.228567679893678,-0.1665033799024497,0.49555785123966944,-0.08680892337536372,-0.08569348711299166,-0.47854005103345526,4.228567679893678,-0.1665033799024497,Utilities—Regulated Gas,Utilities,NFE
2019Q2,2019,Q2,2019-08-13,2019-06-30,-6186000.0,39766000.0,-43959000.0,-0.28,-9680000.0,-0.24342403057888648,1056877000.0,79479000.0,319424000.0,574402000.0,589737000.0,19623000.0,-31757000.0,262493203.73999998,552710203.74,3.594057737717488,0.556098342275967,0.4641249643998308,6.1717308974697715,-0.07735481079648904,3.594057737717488,-0.07783188011927679,6.60094562540864,-10.608357732783704,3.302673709281697,0.0,2.5197981959944964,0.0,0.03762594890417712,0.4270841675342356,-0.005853093595565047,-1.6710052629434644,-0.24342403057888648,0.7083333333333333,-0.009203034464309107,3.557187907993113,0.0,-0.22578194250981384,0.5437043593715424,0.25916375954294957,-0.009203034464309107,3.557187907993113,0.0,Utilities—Regulated Gas,Utilities,NFE
2019Q1,2019,Q1,2019-05-15,2019-03-31,-13557000.0,29951000.0,-59337000.0,-0.96,-7897000.0,-0.2636639845080298,1116619000.0,76694000.0,431502000.0,594745000.0,607217000.0,27002000.0,-25571000.0,156872163.42000002,285753163.42,5.441400191024407,0.725524384400037,0.43733001140048666,6.3672647143192425,-0.10544683036487949,5.441400191024407,-0.17676741335697707,5.237626904610865,-2.892825909493251,2.0454294132526667,0.0,1.401673950077772,0.0,0.02682293602383624,0.6610396052089551,-0.012141115277458113,-0.9375073264048671,-0.2636639845080298,-0.875534019503495,-4.98604091116495,4.613663584458211,0.0,-20.121065375302663,0.6100163967436643,-1.7020491803278688,-4.98604091116495,4.613663584458211,0.0,Utilities—Regulated Gas,Utilities,NFE
2018Q4,2018,Q4,2019-03-26,2018-12-31,-34763000.0,31369000.0,-21960000.0,-0.5118542185943064,413000.0,0.013165864388408938,699402000.0,268307000.0,153780000.0,404755000.0,416755000.0,15959000.0,-158423000.0,887659793.54,1081550793.54,3.9505816479700413,0.3799335400427419,0.0,0.0,-0.08014736115035766,3.9505816479700413,-0.12956426779770935,28.29735705760464,-6.38365355075799,3.3083735927128255,0.0,1.9397205338680368,0.0,0.04485117285909963,0.26846857975812527,-0.049703889894509884,-8.191690677826893,0.013165864388408938,-1.5544176993427805,-1.8334012551960226,0.2422382385553619,-0.038015847405973406,-0.9046409605172016,-1.5544125211257256,-1.213263454948599,-1.8334012551960226,0.2422382385553619,-0.038015847405973406,Utilities—Regulated Gas,Utilities,NFE
2018Q3,2018,Q3,2018-09-30,2018-09-30,-13609000.0,28424000.0,-9922000.0,-0.20038,4331000.0,0.15237123557556995,485097000.0,306156000.0,96797000.0,177551000.0,179013000.0,19154000.0,-123694000.0,887659793.54,957726793.54,4.507874468485414,0.5451785684113297,0.0,0.0,-0.03314976849503026,4.507874468485414,-0.04445119481571486,31.229235629749507,-16.306484560584906,2.899370887848025,0.0,1.257857366607497,0.0,0.05859446667367557,0.4069872881594584,-0.028054182977837423,-14.35088746952501,0.15237123557556995,0.2770788762577522,0.0,0.0,0.0,5.95537757437071,0.27707835325365204,0.4211539583454874,0.0,0.0,0.0,Utilities—Regulated Gas,Utilities,NFE
2018Q2,2018,Q2,2018-06-30,2018-06-30,-18825000.0,26799000.0,-17141000.0,-0.277181,-874000.0,-0.03261315720735848,,,,,,,,887659793.54,,,0.0,0.0,0.0,0.0,,0.0,33.12287001529908,-11.788310671181938,0.0,0.0,0.0,0.0,0.0,0.0,0.0,-19.730596224410412,-0.03261315720735848,-0.7250068457344853,0.0,0.0,0.0,-1.2819354838709678,-0.7250068725373408,-0.8109878499735869,0.0,0.0,0.0,Utilities—Regulated Gas,Utilities,NFE
2018Q1,2018,Q1,2018-03-31,2018-03-31,-10913000.0,25709000.0,-9465000.0,-0.160684,3100000.0,0.12058034151464468,,,,,,,,887659793.54,,,0.0,0.0,0.0,0.0,,0.0,34.52720033995877,-20.334916923394115,0.0,0.0,0.0,0.0,0.0,0.0,0.0,-15.000841476662046,0.12058034151464468,0.1105236007622463,0.0,0.0,0.0,0.795020266357846,0.11052245496780504,0.15355034877481666,0.0,0.0,0.0,Utilities—Regulated Gas,Utilities,NFE
2017Q4,2017,Q4,2017-12-31,2017-12-31,-12269000.0,25252000.0,-11182000.0,-0.18065009947166655,1727000.0,0.06839062252494851,381190000.0,278910000.0,154953000.0,32099000.0,102280000.0,11152000.0,-80347000.0,887659793.54,878204793.54,4.106701381012513,4.827346646312969,0.18212702326923583,0.2489154207450432,-0.03135254151823166,4.106701381012513,-0.04398910042666093,35.152058987010925,-18.087451983454237,3.1826029670503027,0.0,2.109487087517934,0.0,0.06624517956924368,3.2805694881460483,-0.03218604895196621,-25.297380761492203,0.06839062252494851,0.0,0.0,0.0,0.0,0.0,0.0,0.0,0.0,0.0,0.0,Utilities—Regulated Gas,Utilities,NFE
