Quarters,Year,Quarter,FillingDate,Date,NetIncome,Revenue,OperatingIncome,EPSDiluted,GrossProfit,GrossProfitRatio,TotalAssets,CommonStockEquity,CurrentAssets,CurrentLiability,TotalLiability,Inventory,RetainedEarnings,MarketCap,EnterpriseValue,bookValuePerShare,currentRatio,debtToAssets,debtToEquity,roic,shareholdersEquityPerShare,roe,priceToSalesRatio,peRatio,pbRatio,payoutRatio,inventoryTurnover,dividendYield,assetTurnover,quickRatio,returnOnAssets,priceToFreeCashFlowsRatio,grossProfitMargin,epsdilutedGrowth,fiveYNetIncomeGrowthPerShare,fiveYRevenueGrowthPerShare,fiveYShareholdersEquityGrowthPerShare,grossProfitGrowth,netIncomeGrowth,operatingIncomeGrowth,threeYNetIncomeGrowthPerShare,threeYRevenueGrowthPerShare,threeYShareholdersEquityGrowthPerShare,Industry,Sector,Symbol
2023Q1,2023,Q1,2023-05-03,2023-03-31,30921000.0,425040000.0,40038000.0,0.82,155111000.0,0.3649327122,2008701000.0,1095913000.0,1210310000.0,384260000.0,912788000.0,401530000.0,942377000.0,3672550000.0,3686534000.0,29.243842561707805,3.149716337896216,0.2367943262835036,0.43402076624695574,0.01917669104310807,29.243842561707805,0.028214830921797624,8.640480895915678,29.693007988098703,3.3511327997751645,0.12334659293037095,0.6722511393918262,0.0010385154729003008,0.2115994366508505,1.9603757872273981,0.015393530445795566,270.0205867215646,0.3649327122153209,-0.29310344827586204,-0.29667084065208904,1.2971273715646505,1.0088735588608202,-0.1276783605340412,-0.29315350325751516,-0.3108896576651004,0.7521769470628651,0.37913037581962744,0.6366212764018341,Electrical Equipment & Parts,Industrials,AEIS
2022Q4,2022,Q4,2023-02-17,2022-12-31,43745000.0,490740000.0,58101000.0,1.16,177814000.0,0.3623385092,1992168000.0,1066267000.0,1188514000.0,393043000.0,925901000.0,376012000.0,915270000.0,3208600900.0,3139815900.0,28.506001871407566,3.0238777945415642,0.19578318696013589,0.365792995563025,0.03228342243887176,28.506001871407566,0.04102630954535778,6.538290948363696,18.336957938050062,3.0091908499465894,0.08679849125614356,0.8322234396774572,0.001183381828509741,0.24633464647559844,1.9323610902623887,0.02195848944466531,62.53607429640602,0.36233850919020255,-0.41116751269035534,2.5667848150992314,1.9020535597341204,1.1704685689108978,-0.07009800332604671,-0.4101824261463993,-0.2510055174547517,3.368632921770225,0.48704571429121507,0.6150820254223166,Electrical Equipment & Parts,Industrials,AEIS
2022Q3,2022,Q3,2022-11-01,2022-09-30,74167000.0,516274000.0,77572000.0,1.97,191218000.0,0.3703808443,1974055000.0,989287000.0,1181782000.0,432955000.0,984107000.0,409422000.0,875968000.0,2893508390.0,2973461390.0,26.466384868509056,2.7295723574043493,0.2477165023264296,0.4943014514493772,0.04224587728589865,26.466384868509056,0.07497015527344442,5.6045983140735345,9.753355232111316,2.924842224753787,0.05139752180889075,0.7939387722203497,0.0013174318115593922,0.261529693954829,1.653915533946946,0.037570888349108815,56.43227347193509,0.3703808442803628,0.6554621848739496,-0.05867901742860934,2.112100683874671,0.920164972078976,0.17920793300361376,0.6492550589281744,0.4701411920780821,8.97509939774741,2.021660220070783,0.5372424164977895,Electrical Equipment & Parts,Industrials,AEIS
2022Q2,2022,Q2,2022-08-03,2022-06-30,44970000.0,440949000.0,52765000.0,1.19,162158000.0,0.3677477441,1878074000.0,924228000.0,1087516000.0,389021000.0,953194000.0,395866000.0,807843000.0,2738209600.0,2864535600.0,24.632942430703626,2.7955200361934187,0.2657035878245479,0.5399219673067684,0.027423640749918474,24.632942430703626,0.048656824939300694,6.2098102048082655,15.2224238381143,2.9626992473718605,0.08463420057816322,0.7042559856112927,0.001389959336933155,0.23478787310830138,1.6542140398590308,0.023944743391367967,107.91399069914085,0.3677477440701759,0.21428571428571425,0.03711995196122956,1.823383540000171,1.0222958188523588,0.12363147537348596,0.21995550973902664,0.18156168125937702,0.4477597304413092,2.3366240526626045,0.43825377578152025,Electrical Equipment & Parts,Industrials,AEIS
2022Q1,2022,Q1,2022-05-04,2022-03-31,36862000.0,397459000.0,44657000.0,0.98,144316000.0,0.363096571,1832358000.0,900688000.0,1174480000.0,363395000.0,931039000.0,360801000.0,782972000.0,3232217920.0,3209690920.0,23.987003648565874,3.2319652169127258,0.2721678842234978,0.553697839873519,0.02487712735685391,23.987003648565874,0.04092649174853001,8.132204629911513,21.92106993651999,3.5886099515037393,0.10278877977320819,0.7016139090523585,0.0011722600684052887,0.21691121494817062,2.125098033819948,0.020117247830391222,-993.3060602335587,0.3630965709670683,-0.06666666666666672,0.03932196222707166,1.8163837555318942,1.1946545935235533,0.03269479845721196,-0.07211719988924409,0.04236496895569768,1.4397609522169712,1.872815799012191,0.47397070474743447,Electrical Equipment & Parts,Industrials,AEIS
2021Q4,2021,Q4,2022-03-16,2021-12-31,39727000.0,396930000.0,42842000.0,1.05,139747000.0,0.3520696344,1817340000.0,870851000.0,1162234000.0,370196000.0,945844000.0,338410000.0,756323000.0,3430412320.0,3389796320.0,23.116664897005734,3.1395098812520934,0.27719414088723077,0.578464054126366,0.026695978854913725,23.116664897005734,0.045618596062931546,8.642360920061472,21.58741108062527,3.9391495445259865,0.0956528305686309,0.7599745870393901,0.0011077385589613321,0.21841262504539602,2.1466007196187964,0.021859971166650158,136.11667010554717,0.35206963444436046,0.9090909090909091,-0.05457030236285798,2.0905730638959987,1.3406512029520719,0.16417997484150984,0.8914016377832794,0.7696724358709571,1.0859501471687456,1.6235756223444673,0.46237792108713405,Electrical Equipment & Parts,Industrials,AEIS
2021Q3,2021,Q3,2021-11-09,2021-09-30,21004000.0,346093000.0,24209000.0,0.55,120039000.0,0.3468403001505376,1832055000.0,841120000.0,1164357000.0,387288000.0,990264000.0,341500000.0,744873000.0,3350176420.0,3312324420.0,22.02865149412042,3.006437070087377,0.2784146764152823,0.6064188225223511,0.01409152790432966,22.02865149412042,0.02497146661594065,9.679988962504298,39.87545729384879,3.9829946024348484,0.18363168920205675,0.6619443631039531,0.0011512826539445346,0.18890972159678612,2.0394977381173702,0.011464721310222673,345.0588546709239,0.3468403001505376,-0.4021739130434782,-0.28105031363925204,1.8420804235657144,1.4637850877799705,-0.1110395236719913,-0.40681747578299304,-0.4106864654333009,-0.3836246284325668,1.0408038684472012,0.43300117304364616,Electrical Equipment & Parts,Industrials,AEIS
2021Q2,2021,Q2,2021-08-04,2021-06-30,35409000.0,361311000.0,41080000.0,0.92,135033000.0,0.373730664164667,1776232000.0,875941000.0,1103986000.0,377396000.0,899626000.0,296739000.0,778646000.0,4326824190.0,4243767190.0,22.817499804631534,2.925272127950482,0.23877455197294048,0.48418672033847027,0.02766160526159405,22.817499804631534,0.040423955494719395,11.975345865473235,30.548901338642715,4.939629712503468,0.10940721285548871,0.762548906614904,0.0008953449065375592,0.20341430623927506,2.0361424074447,0.019934895891978076,153.46069125731512,0.373730664164667,-0.07999999999999996,0.19853281335173742,2.143909287390822,1.8128716525466493,-0.017963244438303164,-0.08428157649736216,-0.07020958761486579,-0.21713339546733101,0.8892138184332103,0.5089591768414754,Electrical Equipment & Parts,Industrials,AEIS
2021Q1,2021,Q1,2021-05-05,2021-03-31,38668000.0,351620000.0,44182000.0,1.0,137503000.0,0.39105568511461236,1699251000.0,845641000.0,1040082000.0,326873000.0,852976000.0,247567000.0,747111000.0,4184267760.0,4101684760.0,22.063269672302233,3.1819146885793566,0.25147962249249817,0.5053290935515189,0.028091657879952357,22.063269672302233,0.04572625972487143,11.899970877652011,27.052522499224168,4.9480426800498085,0.09966897693182994,0.8648850614177173,0.0009210691621704438,0.2069264634830287,2.3097686257353773,0.022755908338438526,92.44548981485573,0.39105568511461236,-0.08256880733944962,0.8027549036367998,2.544626785042355,2.037175274381679,-0.055280352321211416,-0.07583470758347076,-0.2079949807295868,-0.14003201011111477,0.858036867408664,0.5156120121074617,Electrical Equipment & Parts,Industrials,AEIS
2020Q4,2020,Q4,2021-02-24,2020-12-31,41841000.0,370969000.0,55785000.0,1.09,145549000.0,0.3923481476888904,1647662000.0,814739000.0,980249000.0,296397000.0,832322000.0,221346000.0,712297000.0,3712011600.0,3666274600.0,21.283672936259144,3.3072163348481936,0.2637865047564367,0.5334604087934909,0.0345937728573055,21.283672936259144,0.05135509654011898,10.00625820486348,22.179271527927153,4.556074522024844,0.0,1.0184055731750292,0.0,0.2251487258915967,2.4393094397041803,0.025394164579871356,66.74839243328778,0.3923481476888904,-0.08403361344537805,0.21373555510702102,62.95509031076371,2.2517395445145905,-0.05355528822707026,-0.08297718456177264,-0.05375377412898192,2.464335929595803,1.1436274719706916,0.6205549746162614,Electrical Equipment & Parts,Industrials,AEIS
2020Q3,2020,Q3,2020-11-05,2020-09-30,45627000.0,389521000.0,58954000.0,1.19,153785000.0,0.3948054148556817,1642519000.0,768152000.0,978476000.0,336520000.0,873786000.0,257374000.0,670456000.0,2412175500.0,2424339500.0,20.04310502283105,2.9076310471888744,0.26857588861985765,0.5742886824482655,0.03875876011615087,20.04310502283105,0.059398400316604004,6.19267125520832,13.216820632520218,3.140232011372749,0.0,0.9159277937942449,0.0,0.23714855048860928,2.034847854510876,0.027778674097529467,43.41724864105979,0.3948054148556817,0.5657894736842104,1.9724809926504911,2.1879443411112507,1.986205672285876,0.1802016822200393,0.565570958001647,0.6617995264404104,-0.4352003009998669,1.2900753723062193,0.45414904180332133,Electrical Equipment & Parts,Industrials,AEIS
2020Q2,2020,Q2,2020-08-05,2020-06-30,29144000.0,339880000.0,35476000.0,0.76,130304000.0,0.38338237024832295,1594250000.0,717813000.0,929682000.0,342870000.0,875892000.0,260049000.0,624829000.0,2595950260.0000005,2657578260.0000005,18.744790306575442,2.711470819844256,0.277412576446605,0.6161284345644339,0.024099736103018545,18.744790306575442,0.040601103630054064,7.637843533011653,22.268307884984903,3.616471504416889,0.0,0.8059096554880042,0.0,0.21319115571585384,1.819468019949252,0.018280696252156187,83.21687001121977,0.38338237024832295,0.6170212765957448,1.1340545854289508,1.6567386524963736,1.9468930317027247,0.16103393892952927,0.6134639871560649,0.37461252324860506,-0.3414521190133284,1.1322553993008733,0.5388949642898563,Electrical Equipment & Parts,Industrials,AEIS
2020Q1,2020,Q1,2020-05-06,2020-03-31,18063000.0,315456000.0,25808000.0,0.47,112231000.0,0.3557738638669101,1522550000.0,685397000.0,861225000.0,303774000.0,836592000.0,235299000.0,595685000.0,1859979420.0,1955713420.0,17.86842379686115,2.835084635288076,0.2944231716528193,0.6540355443633398,0.01707406302192579,17.86842379686115,0.02635406924745804,5.896161176202069,25.742947184853016,2.713725650973086,0.0,0.8636883284671844,0.0,0.20718925486847722,1.8784853213244057,0.01186364979803619,83.07930230480615,0.3557738638669101,0.7407407407407405,-0.09829397794700906,1.3742226794381946,0.5032163708610176,-0.0005699274233046885,0.7598402182385036,0.16241780019818033,-0.5014559787995775,1.1881682284848767,0.6348443907103616,Electrical Equipment & Parts,Industrials,AEIS
2019Q4,2019,Q4,2020-03-02,2019-12-31,10264000.0,338268000.0,22202000.0,0.27,112295000.0,0.3319705085908215,1532406000.0,676714000.0,866738000.0,320332000.0,855146000.0,230019000.0,577724000.0,2729879200.0,2831315200.0,17.64987871990819,2.705749035375798,0.29227045574084154,0.6618408958585164,0.010865978843031254,17.64987871990819,0.015167411934731659,8.070166849953292,66.4916017147311,4.034022053629746,0.0,0.9824101487268443,0.0,0.2207430667851731,1.8726321441504439,0.006697963855531759,281.1410092687951,0.3319705085908215,0.35000000000000003,0.15851416745488667,1.32983253285884,0.4986408659483907,0.5280102325454817,0.3468048812491799,1.364430244941427,-0.7599977270524139,1.5878628030968487,0.7871180830701228,Electrical Equipment & Parts,Industrials,AEIS
2019Q3,2019,Q3,2019-11-12,2019-09-30,7621000.0,175127000.0,9390000.0,0.2,73491000.0,0.419644029761259,1595419000.0,659627000.0,879964000.0,355897000.0,935251000.0,240699000.0,567460000.0,2199549330.0,2315165330.0,17.216793255552947,2.4725243539563415,0.2858296159190783,0.6913270681764088,0.005159128177449133,17.216793255552947,0.011553499174533487,12.559738532607765,72.1542228710143,3.3345350175174753,0.0,0.42225351995646015,0.0,0.10976865638431033,1.6674037713158583,0.004776801580023806,370.0453112382234,0.419644029761259,-0.7560975609756097,-0.35326203558507124,0.2772119515094145,0.477569023444585,0.1460406075538783,-0.7594836836457741,-0.14675147660154475,-0.7400245500899415,0.4332453574715603,0.9256048648163446,Electrical Equipment & Parts,Industrials,AEIS
2019Q2,2019,Q2,2019-08-05,2019-06-30,31686000.0,134810000.0,11005000.0,0.82,64126000.0,0.47567687856983903,865768000.0,655518000.0,563022000.0,96497000.0,209719000.0,92740000.0,559839000.0,2194631160.0,1889552160.0,17.126979150337043,5.834606257189343,0.06236197226046701,0.08236387101498358,0.012689103481957531,17.126979150337043,0.04833734542758551,16.27943891402715,17.3154639272865,3.347934244368576,0.0,0.7621738192797067,0.0,0.15571146080705223,4.740447889571697,0.036598719287384146,483.39893392070485,0.47567687856983903,1.0499999999999998,2.152541757917448,-0.023882262812953074,0.4932999573183694,-0.024551262549437177,1.0615484710474952,-0.06666101263675685,0.0757383002467856,0.17655945532926853,1.111361654792771,Electrical Equipment & Parts,Industrials,AEIS
2019Q1,2019,Q1,2019-05-06,2019-03-31,15370000.0,140743000.0,11791000.0,0.4,65740000.0,0.46709250193615315,856950000.0,621624000.0,573266000.0,112050000.0,234806000.0,99070000.0,528153000.0,1942750280.0,1628495280.0,16.273731608984765,5.116162427487729,0.04305268685454227,0.05935099030925447,0.020814823000862685,16.273731608984765,0.024725557571779726,13.80353040648558,31.599711776187377,3.125281971095067,0.0,0.7570707580498637,0.0,0.16423712001867086,4.087594823739402,0.01793570219966159,645.4319867109634,0.46709250193615315,-0.19999999999999996,0.11604610680934876,0.06693121640682692,0.3950211646439318,-0.1256583497366601,-0.20797691435638463,-0.3974961676034747,-0.2809909171987827,0.4236370526495231,1.240201747013984,Electrical Equipment & Parts,Industrials,AEIS
2018Q4,2018,Q4,2019-02-21,2018-12-31,19406000.0,154161000.0,19570000.0,0.5,75188000.0,0.48772387309371373,816484000.0,606790000.0,568448000.0,110309000.0,209182000.0,97987000.0,512783000.0,1647910980.0,1298609980.0,15.80758609909863,5.153233190401508,0.0,0.0,0.030313524567711143,15.80758609909863,0.03198141037261656,10.689545215716038,21.229400443161907,2.7157846701494748,0.0,0.8059538510210538,0.0,0.1888108033960249,4.119636657027079,0.023767765198093288,49.05372923736382,0.48772387309371373,-0.43820224719101125,-0.40720326565356313,0.060319226851430145,0.37103314892518496,-0.1210091303382083,-0.4420196095344892,-0.5090562440419447,-0.43861976771268885,25.503979449857816,1.415097853443743,Electrical Equipment & Parts,Industrials,AEIS
2018Q3,2018,Q3,2018-10-29,2018-09-30,34779000.0,173082000.0,39862000.0,0.89,85539000.0,0.4942108364821299,833632000.0,599062000.0,584777000.0,124596000.0,234057000.0,110327000.0,480550000.0,2035013400.0,1696340400.0,15.372389017192713,4.693385020385887,0.0,0.0,0.05810225534188572,15.372389017192713,0.05805576050559041,11.757510313030817,14.628176485810403,3.396999642774871,0.0,0.793486635184497,0.0,0.20762398756285746,3.663038941860092,0.04171984760661779,95.45538721328393,0.4942108364821299,-0.23931623931623927,50.8040026310688,0.23944048704737977,0.47772310168862536,-0.15504519188027857,-0.24982204870473027,-0.2884072976543254,1.2282607988843188,0.39310392727409693,1.290319550161294,Electrical Equipment & Parts,Industrials,AEIS
2018Q2,2018,Q2,2018-07-30,2018-06-30,46361000.0,196032000.0,56018000.0,1.17,101235000.0,0.5164207884427032,835058000.0,595010000.0,670813000.0,132329000.0,239542000.0,109834000.0,445771000.0,2285783410.0,1852784410.0,15.121349970774352,5.069281865653031,0.0,0.0,0.0786629410027219,15.121349970774352,0.07791633754054554,11.660256539748612,12.326003591380687,3.8415882254079765,0.0,0.863093395487736,0.0,0.234752556109875,4.12409222468242,0.055518299327711365,48.789400426894346,0.5164207884427032,0.008620689655172422,5.751945698392223,0.40683350294719023,0.4858770825474356,-0.02325244826089054,-0.00253878095483982,-0.0015150704953389301,1.207530696605013,0.49123891569965766,1.3772472313644226,Electrical Equipment & Parts,Industrials,AEIS
2018Q1,2018,Q1,2018-04-30,2018-03-31,46479000.0,195617000.0,56103000.0,1.16,103645000.0,0.5298363639152016,813661000.0,576747000.0,650572000.0,126634000.0,236452000.0,96842000.0,399410000.0,2531654100.0,2117780100.0,14.557333602564427,5.137419650330875,0.0,0.0,0.08036196209234532,14.557333602564427,0.08058819551727187,12.941892064595613,13.617193248563867,4.389540127646957,0.0,0.9497119018607629,0.0,0.24041584886088924,4.23422619517665,0.05712329827778399,86.7658544108575,0.5298363639152016,2.5466666666666664,5.664058311733354,0.7122166151959931,0.39441161466454117,0.05571683218742042,2.570767151064549,-0.033739795391133615,1.2463856131513922,0.42541622058284123,0.22466438205389314,Electrical Equipment & Parts,Industrials,AEIS
2017Q4,2017,Q4,2018-02-15,2017-12-31,-29590000.0,179214000.0,58062000.0,-0.75,98175000.0,0.547808764940239,733308000.0,520641000.0,595225000.0,106119000.0,212667000.0,78450000.0,333225000.0,2675042160.0,2267759160.0,13.133570455577418,5.609033255119253,0.0,0.0,-0.05518273460017994,13.133570455577418,-0.05683378758107794,14.926524490274197,-22.600896924636704,5.13797829982656,0.0,1.033001912045889,0.0,0.24439116987677756,4.703314203865472,-0.040351393957245796,57.78752154846514,0.547808764940239,-1.3588516746411483,-6.842600877773583,0.5188622868086267,0.28597729965209423,0.06441225578420105,-1.3528331584470095,0.1236429082886614,-4.230260520465983,0.19383306051780805,0.1151637760739879,Electrical Equipment & Parts,Industrials,AEIS
2017Q3,2017,Q3,2017-10-31,2017-09-30,83864000.0,176575000.0,51673000.0,2.09,92234000.0,0.5223502760866487,721291000.0,548386000.0,540959000.0,90996000.0,172905000.0,73520000.0,362815000.0,3213117360.0,2846545360.0,13.78339114261298,5.944865708382786,0.0,0.0,0.15235003175280332,13.78339114261298,0.15292877644578817,18.196898541696164,9.578357101974627,5.859225727863221,0.0,1.1471844396082698,0.0,0.24480410818934384,4.956162908259704,0.11626930046264268,105.14471546843811,0.5223502760866487,0.8333333333333334,12.89581711152048,0.4278344264565713,0.37686053786440604,0.058445507855085434,0.8210718318422653,0.08177193459920029,5.853427894184301,0.24009501571459804,0.1829097026402851,Electrical Equipment & Parts,Industrials,AEIS
2017Q2,2017,Q2,2017-07-31,2017-06-30,46052000.0,165872000.0,47767000.0,1.14,87141000.0,0.5253508729622842,673095000.0,485388000.0,537148000.0,104430000.0,187707000.0,75557000.0,278951000.0,2577831810.0,2218894810.0,12.180682074832493,5.143617734367519,0.0,0.0,0.09467240172130498,12.180682074832493,0.09487667597880459,15.54109078084306,13.994136031008424,5.3108684392692025,0.0,1.0420080204349034,0.0,0.24643178154643847,4.078052283826486,0.06841827676628114,44.44920786274679,0.5253508729622842,0.22580645161290305,4.044891935695243,0.402668217482868,0.2908722918664711,0.1054153822734711,0.2269082189956041,0.10397984653785708,3.4007667551054457,0.1535584429059532,0.0620327065732452,Electrical Equipment & Parts,Industrials,AEIS
2017Q1,2017,Q1,2017-05-01,2017-03-31,37535000.0,149351000.0,43268000.0,0.93,78831000.0,0.5278237172834463,616511000.0,434326000.0,482811000.0,99111000.0,182185000.0,64626000.0,232899000.0,2724437280.0,2406488280.0,10.929739795661582,4.871416896207283,0.0,0.0,0.08813451424379344,10.929739795661582,0.08642125960683911,18.241841567850233,18.145978952977224,6.272793431661932,0.0,1.0912016835329434,0.0,0.24225196306310837,4.0424271776089435,0.06088293639529546,70.19212861338693,0.5278237172834463,-0.1621621621621622,35.033842882291545,0.4488642588117855,0.14420082198750112,0.10225397801951956,-0.1523452496556085,0.12250298344834742,1.6198673858797208,0.0883093786251305,-0.06307792795470919,Electrical Equipment & Parts,Industrials,AEIS
2016Q4,2016,Q4,2017-02-24,2016-12-31,44281000.0,135343000.0,38546000.0,1.11,71518000.0,0.5284203837656916,571529000.0,392074000.0,438334000.0,95046000.0,179455000.0,55770000.0,195364000.0,2173520250.0,1891567250.0,9.876168165444973,4.611809018790901,0.0,0.0,0.10291732317204363,9.876168165444973,0.1129404143095436,16.059347361887944,12.271178665793455,5.543648010324581,0.0,1.1444324905863368,0.0,0.2368086308831223,3.8280306377964353,0.07747813321808693,55.04533885427747,0.5284203837656916,0.4605263157894738,17.421618355016808,0.23589302872711318,-0.011241216885661723,0.08159036946297052,0.458482922169889,0.12179505835103752,0.30791791112710554,-0.09989907439245167,-0.14341419023130994,Electrical Equipment & Parts,Industrials,AEIS
2016Q3,2016,Q3,2016-10-31,2016-09-30,30361000.0,126552000.0,34361000.0,0.76,66123000.0,0.5224966812061446,538672000.0,354787000.0,420868000.0,95482000.0,183885000.0,56025000.0,151083000.0,1877704920.0,1633412920.0,8.940979309997228,4.407825558744056,0.0,0.0,0.08197750832773039,8.940979309997228,0.08557528883527299,14.83741797838043,15.461487763907645,5.292485124877743,0.0,1.078607764390897,0.0,0.23493331749190602,3.4262164596468443,0.05636268452787596,57.11476213651296,0.5224966812061446,0.0,4.0530641720573515,0.08050948952018955,-0.08433714126251339,0.06570931244560488,-0.005568111100193246,0.13294206864716937,43.41299853962718,-0.10999881646456518,-0.1405179986450966,Electrical Equipment & Parts,Industrials,AEIS
2016Q2,2016,Q2,2016-08-04,2016-06-30,30531000.0,118765000.0,30329000.0,0.76,62046000.0,0.5224266408453669,504954000.0,321812000.0,386843000.0,98668000.0,183142000.0,57227000.0,120722000.0,1505949120.0,1296676120.0,8.111816898568259,3.920653099282442,0.0,0.0,0.08241741275595686,8.111816898568259,0.09487216138615093,12.680075106302361,12.331311781468015,4.679592805737512,0.0,0.9911230712775438,0.0,0.23519964194758333,2.869157173551709,0.0604629332572868,50.547078844023765,0.5224266408453669,0.35714285714285704,1.4681005639590738,-0.0558555561674319,-0.1496753924847947,0.1606060606060606,0.3702706341726134,0.28398458998348924,4.103911342585979,-0.15461641827191944,-0.20290431405269832,Electrical Equipment & Parts,Industrials,AEIS
2016Q1,2016,Q1,2016-05-05,2016-03-31,22281000.0,103044000.0,23621000.0,0.56,53460000.0,0.5188074997088622,478287000.0,289225000.0,357682000.0,98921000.0,189062000.0,57592000.0,90191000.0,1385129060.0,1208829060.0,7.2644044808358865,3.615834858119105,0.0,0.0,0.06887008916556546,7.2644044808358865,0.07703690898089723,13.442112689724778,15.541594407791392,4.789105575244188,0.0,0.8609529101264064,0.0,0.21544386529426893,2.542372195994784,0.04658500021953346,134.33508486082823,0.5188074997088622,-0.37078651685393255,0.2858462112230313,-0.18324051315997125,-0.20483968913941283,-0.16221341148077917,-0.38560595615607335,-0.9090594091806838,2.178955064430793,-0.102483339163219,-0.30416034568897515,Electrical Equipment & Parts,Industrials,AEIS
2015Q4,2015,Q4,2016-02-25,2015-12-31,36265000.0,6102000.0,259741000.0,0.89,63811000.0,10.457391019337923,462688000.0,263580000.0,342775000.0,104084000.0,199108000.0,52573000.0,67910000.0,1136822100.0,978379100.0,6.545319096101316,3.293253525998232,0.0,0.0,1.0620033133936866,6.545319096101316,0.13758631155626375,186.30319567354965,7.836909554667034,4.3130059185067156,0.0,-1.097692732010728,0.0,0.013188152707656131,2.252296222282003,0.07837895082647486,35.60357344190417,10.457391019337923,1.2249999999999999,0.24553399803491488,-0.9557203896503237,-0.2396978844857282,0.20314120331089616,1.2069741966893865,25.88830227743271,6.048924579668799,-0.9490912309196563,-0.359113212584841,Electrical Equipment & Parts,Industrials,AEIS
2015Q3,2015,Q3,2015-11-05,2015-09-30,16432000.0,130800000.0,9660000.0,0.4,53037000.0,0.4054816513761468,513661000.0,275369000.0,393417000.0,142739000.0,238292000.0,71712000.0,31645000.0,1079010100.0,894714100.0,6.7118970434104375,2.7561983760569992,0.0,0.0,0.0655564506583684,6.7118970434104375,0.05967265741604901,8.249312691131498,16.41629290408958,3.9184152900290155,0.0,1.0843791834002678,0.0,0.2546426534231721,2.0717113052494414,0.03198997003860523,64.51480418535127,0.4054816513761468,1.0704225352112677,-0.13154447743478354,-0.021749942804784612,-0.14041453569113796,0.3167734246983465,1.0706874300955003,1.0523287938375532,1.6403375972303438,0.02569182704719641,-0.32953029645150966,Electrical Equipment & Parts,Industrials,AEIS
2015Q2,2015,Q2,2015-08-06,2015-06-30,-232460000.0,136791000.0,-184602000.0,-5.68,40278000.0,0.2944491962190495,512056000.0,260452000.0,389859000.0,154163000.0,251604000.0,78056000.0,15213000.0,1125605540.0,955942540.0,6.360865530210521,2.5288752813580433,0.0,0.0,-0.893270492662609,6.360865530210521,-0.892525302167002,8.228652031200884,-1.2105368020304568,4.3217389000660384,0.0,1.2364584400942913,0.0,0.26714070336056994,1.8581306798648185,-0.45397378411736217,47.059055144445836,0.2944491962190495,-11.923076923076922,-18.844162873828793,0.42851972938362487,-0.12345690932324777,-0.32582351365827533,-11.925925925925926,-9.445898339204831,-25.783209641267185,0.12575878600074655,-0.3258944766153246,Electrical Equipment & Parts,Industrials,AEIS
2015Q1,2015,Q1,2015-05-06,2015-03-31,21276000.0,141118000.0,21857000.0,0.52,59744000.0,0.4233620090987684,695223000.0,484268000.0,410201000.0,115331000.0,210955000.0,98052000.0,247672000.0,1045388400.0,892561400.0,11.886794305351007,3.5567280262895493,0.0,0.0,0.04189124882061868,11.886794305351007,0.04393435040101762,7.407902606329455,12.283657642413987,2.158698076271816,0.0,0.8299065801819443,0.0,0.20298235242504922,2.49460249195793,0.030603130218649268,37.044238128986535,0.4233620090987684,1.2608695652173914,2.4815906023746477,0.7604203638737169,0.7373709063034636,0.4614838914846254,1.2830775834316988,6.882077172737108,18.922742546335268,0.33532493222979043,0.2443919131887898,Electrical Equipment & Parts,Industrials,AEIS
2014Q4,2014,Q4,2015-02-26,2014-12-31,9319000.0,152718000.0,2773000.0,0.23,40879000.0,0.2676763708272764,684569000.0,474965000.0,376754000.0,112570000.0,209604000.0,95082000.0,226396000.0,955797300.0,830512300.0,11.777257060675941,3.3468419649995558,0.0,0.0,0.020024788375143276,11.777257060675941,0.019620393081595487,6.258576592150238,25.641090782272773,2.012353120756266,0.0,1.1762373530216024,0.0,0.22308635068196195,2.2925557430931867,0.01361294478715805,56.29622452585699,0.2676763708272764,-0.23333333333333328,5.2884203847028575,1.3623231137301972,0.7537492780876016,-0.14734163485806062,-0.24248089741505446,-0.6994037940379404,4.401965933088435,0.37276888039891637,0.179087492706138,Electrical Equipment & Parts,Industrials,AEIS
2014Q3,2014,Q3,2014-11-06,2014-09-30,12302000.0,143147000.0,9225000.0,0.3,47943000.0,0.334921444389334,697390000.0,466061000.0,373282000.0,126450000.0,231329000.0,118875000.0,217077000.0,751562420.0,648521420.0,11.65210760538027,2.9520126532226176,0.0,0.0,0.02829095004698982,11.65210760538027,0.02639568640156546,5.25028411353364,15.273175499918711,1.6125838034077082,0.0,0.8008748685594111,0.0,0.20526104475257748,1.8341557928034797,0.01764005793028291,84.60682427107959,0.334921444389334,0.15384615384615377,2.532318366600337,1.9041803061908438,0.7912410713604727,-0.08759943668404827,0.1555513808003006,-0.19866226546212648,1.031228571440708,0.2125123067699089,0.19331471311307782,Electrical Equipment & Parts,Industrials,AEIS
2014Q2,2014,Q2,2014-08-07,2014-06-30,10646000.0,146285000.0,11512000.0,0.26,52546000.0,0.3592029257955361,704147000.0,464962000.0,398230000.0,139695000.0,239185000.0,118187000.0,204775000.0,780395000.0,667493000.0,11.469215589541195,2.8507104763950033,0.00659947425750589,0.009994365130913924,0.022620798887076222,11.469215589541195,0.02289649476731432,5.3347574939330755,18.32601446552696,1.6784059772626578,0.0,0.7931413776472878,0.0,0.20774781402178807,1.8340241239843946,0.015119002140178117,20.321728034998177,0.3592029257955361,-0.25714285714285706,1.6870242988213442,3.2557888861935003,0.7487365669040452,-0.002183779267389529,-0.2765205572545022,-0.3193401525453793,-0.15781280332179792,0.13802057914550347,0.2022653329866485,Electrical Equipment & Parts,Industrials,AEIS
2014Q1,2014,Q1,2014-05-09,2014-03-31,14715000.0,140948000.0,16913000.0,0.35,52661000.0,0.3736200584612765,666208000.0,476119000.0,402014000.0,122319000.0,190089000.0,109656000.0,194129000.0,999943000.0,904784000.0,11.665580438084971,3.2866030624841605,0.02261756088188674,0.031647550297299626,0.030129056171200895,11.665580438084971,0.03090613901146562,7.094410704657037,16.988498131158682,2.1001955393504566,0.0,0.8051269424381703,0.0,0.2115675584802344,1.0859310491419976,0.022087696335078535,191.63338443848218,0.3736200584612765,-0.5783132530120482,1.1893069982330617,3.432917588982254,0.7121946216945686,-0.10481581586686385,-0.571678067239121,-0.15511040063942452,-0.17159775092264362,0.08982570824425576,0.27691218075586516,Electrical Equipment & Parts,Industrials,AEIS
2013Q4,2013,Q4,2013-12-31,2013-12-31,34355000.0,152580000.0,20018000.0,0.83,58827000.0,0.38554856468737714,652977000.0,464462000.0,416969000.0,122357000.0,188515000.0,109771000.0,179414000.0,920892240.0,796428240.0,11.529689206632906,3.407806664105854,0.0209211044186855,0.029412524598352502,0.07174637254824277,11.529689206632906,0.07396729980062955,6.03547149036571,6.701297045553776,1.982707390486197,0.0,0.8540780351823342,0.0,0.2336682609035234,1.30536054332813,0.0526128791672601,24.92940552246887,0.38554856468737714,40.49999999999999,2.882118011546277,1.349186374666561,0.2823693959165813,0.0465389336606714,49.00727802037846,13.981841763942931,0.1795243202705519,0.10682316517115582,0.3392849097680375,Electrical Equipment & Parts,Industrials,AEIS
2013Q3,2013,Q3,2013-09-30,2013-09-30,687000.0,142899000.0,-1542000.0,0.02,56211000.0,0.39336174500871246,627679000.0,414841000.0,400811000.0,130234000.0,212838000.0,123152000.0,143079000.0,698263780.0000001,617250780.0000001,10.402753397863483,3.077621819187002,0.018219503918404153,0.027567188392661285,0.0018034329177393608,10.402753397863483,0.0016560561757396207,4.88641474048104,254.09890101892287,1.6832082171241514,0.0,0.7039106145251397,0.0,0.22766254725743573,0.8751554893499394,0.0010945084987708685,268.356564181399,0.39336174500871246,1.08,-0.865917790740619,0.7718579927565017,0.15031915277132907,0.05542725173210162,1.0702310365978327,0.8667473211199447,-0.9626448672260299,0.09953161186566024,0.3322694838372331,Electrical Equipment & Parts,Industrials,AEIS
2013Q2,2013,Q2,2013-06-30,2013-06-30,-9782000.0,139711000.0,-11572000.0,-0.25,53259000.0,0.38120835152564936,614854000.0,401502000.0,373876000.0,137266000.0,213352000.0,102182000.0,142394000.0,707786820.0,634158820.0,10.176716599498137,2.723733480978538,0.02184908937731559,0.03345936010281393,-0.022921077074461064,10.176716599498137,-0.024363515001170604,5.0660779752489065,-18.089010938458394,1.762847557421881,0.0,0.8460589927775929,0.0,0.227226300877932,1.7328107470167413,-0.01590946793873017,-59.623184230477634,0.38120835152564936,-2.4705882352941178,-2.7705994302376666,0.6849236491322579,0.12868852396343253,0.27295107435646165,-2.433050102549077,-2.4991579220106233,-1.7793042653648061,0.5142262448533478,0.40237685873077644,Electrical Equipment & Parts,Industrials,AEIS
2013Q1,2013,Q1,2013-03-31,2013-03-31,6826000.0,111814000.0,7719000.0,0.17,41839000.0,0.37418391256908795,551529000.0,404802000.0,389418000.0,82379000.0,146727000.0,79522000.0,152174000.0,712296750.0,542568750.0,10.439767891682786,4.7271513371126135,0.0,0.0,0.017318006722589617,10.439767891682786,0.016862564908276145,6.37037177813154,26.08763368004688,1.7596176649324855,0.0,0.8799451724051206,0.0,0.20273457968665293,3.4244042777892423,0.012376502414197622,-362.3076042726348,0.37418391256908795,0.30769230769230776,0.3178603619522016,0.4489196293873856,0.19212643167731552,0.08543039485290302,0.4077129305011343,0.4037097654118931,0.1736084341109582,0.4655457256047634,0.525873884719765,Electrical Equipment & Parts,Industrials,AEIS
2012Q4,2012,Q4,2013-03-06,2012-12-31,4849000.0,112971000.0,5499000.0,0.13,38546000.0,0.3412026095192571,538160000.0,387631000.0,370510000.0,88646000.0,150529000.0,81482000.0,145348000.0,524116799.5,377552799.5,10.21291002502964,4.179658416623424,0.0,0.0,0.012173134127377782,10.21291002502964,0.012509319430076542,4.639392406015703,27.021901397195297,1.3521023847421905,0.0,0.9133919147787242,0.0,0.20992084138546158,2.9383841346479254,0.009010331499925672,35.011142251169005,0.3412026095192571,-0.13333333333333328,0.3692976257328211,0.5856436604882813,0.12054209943441843,-0.15704069805585322,-0.15448997384481256,-0.44666934996981283,2.476745464862189,0.8567973260579226,0.5208026360716446,Electrical Equipment & Parts,Industrials,AEIS
2012Q3,2012,Q3,2012-11-06,2012-09-30,5735000.0,117515000.0,9938000.0,0.15,45727000.0,0.3891162830276986,521653000.0,378476000.0,386026000.0,93571000.0,143177000.0,87611000.0,140499000.0,466179213.5,315145213.5,10.010738752082947,4.125487597653119,0.0,0.0,0.015054412115685093,10.010738752082947,0.015152876272207485,3.96697624558567,20.32167452048823,1.2317272786121183,0.0,0.8193948248507608,0.0,0.22527427236112896,3.0249543127678447,0.010993898242701566,18.66209821857486,0.3891162830276986,-0.3478260869565218,0.17228631001217323,0.5542292854123283,0.13720238969624424,0.045690502869949,-0.3576388888888889,-0.12161923280890932,1.7557406197958074,1.522322935847283,0.5389187102178032,Electrical Equipment & Parts,Industrials,AEIS
2012Q2,2012,Q2,2012-08-07,2012-06-30,8928000.0,115658000.0,11314000.0,0.23,43729000.0,0.3780888481557696,495566000.0,367759000.0,357831000.0,82909000.0,127807000.0,80609000.0,134764000.0,523031080.0,402765080.0,9.436008621132038,4.315948811347381,0.0,0.0,0.020686090381468205,9.436008621132038,0.024276768209615537,4.52222137681786,14.645807571684589,1.4222115026416755,0.0,0.8923197161607265,0.0,0.23338566406896358,3.106803845179655,0.018015763793319154,18.021261757916136,0.3780888481557696,6.666666666666667,-0.11328602569510407,0.30053027174358815,0.1123804069533474,0.10026670692431562,7.351730589335828,17.160513643659712,1.5993059381134072,2.4999732222518944,0.4387290214025447,Electrical Equipment & Parts,Industrials,AEIS
2012Q1,2012,Q1,2012-05-08,2012-03-31,1069000.0,105787000.0,623000.0,0.03,39744000.0,0.3756983372248008,512490000.0,389552000.0,371925000.0,78614000.0,122938000.0,83164000.0,125836000.0,535046719.99999994,409628719.99999994,9.552291508300433,4.731027552344366,0.0,0.0,0.0011847612441617207,9.552291508300433,0.002744177927465396,5.057773828542259,125.12785781103835,1.37349242206432,0.0,0.7941296714924727,0.0,0.20641768619875508,3.4220367873406774,0.00208589435891432,16.947411231826674,0.3756983372248008,1.447227191413238,-0.9070281066958109,0.08623641513003692,0.15829791802010607,0.02201193170129603,1.3859205776173285,1.2010974822466107,1.013763706308253,2.329770720355936,0.40202043371753643,Electrical Equipment & Parts,Industrials,AEIS
2011Q4,2011,Q4,2012-03-02,2011-12-31,-2770000.0,112495000.0,-3098000.0,-0.06708,38888000.0,0.34568647495444244,533378000.0,407339000.0,390486000.0,91244000.0,126039000.0,80283000.0,124767000.0,437580130.0,319941130.0,9.988450503911135,4.279580027179869,0.0,0.0,-0.008302972528322468,9.988450503911135,-0.006800232729986571,3.889774034401529,-39.49279151624549,1.0742406938692342,0.0,0.9168441637706612,0.0,0.21091046124887042,3.1729976765595547,-0.005193315059863737,60.90189700765484,0.34568647495444244,-1.4472,-1.0755453995159343,0.18594532231992003,0.2616738921731087,-0.2038815075644359,-1.4202063106796117,-1.2902379614015365,0.8500966345132317,0.7109124989885335,0.11094783296278117,Electrical Equipment & Parts,Industrials,AEIS
2011Q3,2011,Q3,2011-11-08,2011-09-30,6592000.0,128498000.0,10674000.0,0.15,48847000.0,0.38013821226789524,553430000.0,425097000.0,406444000.0,96558000.0,128333000.0,92822000.0,127535000.0,375271699.99999994,243018699.99999994,9.76448834271276,4.209324965305827,0.0,0.0,0.01728859125452366,9.76448834271276,0.015507048979409405,2.9204477890706464,14.232088137135921,0.8827907512873532,0.0,0.8581047596474973,0.0,0.2321847388106897,3.0400381118084465,0.011911172144625337,52.29538740245261,0.38013821226789524,-0.5161290322580645,-0.6011187396680854,0.22687407927825434,0.39465094384264165,-0.11791899163912815,-0.5147946415427647,-0.383647072410209,0.17849145810517247,0.45945567892260575,0.07974086552332821,Electrical Equipment & Parts,Industrials,AEIS
2011Q2,2011,Q2,2011-08-02,2011-06-30,13586000.0,138154000.0,17318000.0,0.31,55377000.0,0.40083529973797355,542004000.0,415653000.0,396648000.0,95958000.0,126351000.0,100392000.0,120945000.0,644415090.0,508851090.0,9.539670882008675,4.133558431813919,0.0,0.0,0.03233610313615536,9.539670882008675,0.03268591830204522,4.664469287896116,11.858072464301486,1.5503679511515616,0.0,0.8245378117778309,0.0,0.2548947978243703,2.88540819942058,0.025066235673537465,98.23400762195122,0.40083529973797355,-0.27906976744186046,-0.23254506308500394,0.3555047986528222,0.4424878894792563,-0.10747038439842051,-0.28139215064000844,-0.28899289731904587,1.2267259831079134,0.5086746511579071,0.05803447916023288,Electrical Equipment & Parts,Industrials,AEIS
2011Q1,2011,Q1,2011-05-06,2011-03-31,18906000.0,137652000.0,24357000.0,0.43,62045000.0,0.45073809316246766,521796000.0,396858000.0,377686000.0,94979000.0,124938000.0,90109000.0,107358000.0,710244000.0000001,577826000.0000001,9.135773480662984,3.976521125722528,0.0,0.0,0.04603340111878566,9.135773480662984,0.04763920596283809,5.159707087437888,9.391780387178674,1.7896678408901925,0.0,0.8390615809741535,0.0,0.2638042453372582,2.8501984649238254,0.03623255065197893,-414.61996497373036,0.45073809316246766,-0.39436619718309857,0.5201187167738721,0.5033091570395678,0.48619456682055706,-0.0416724587986346,-0.3980514518593989,0.016526856141229496,2.258102590554579,0.5921816991925994,0.043222143740543596,Electrical Equipment & Parts,Industrials,AEIS
2010Q4,2010,Q4,2011-03-02,2010-12-31,31408000.0,148654000.0,23961000.0,0.71,64743000.0,0.4355281391688081,505157000.0,373968000.0,361767000.0,102325000.0,131189000.0,77593000.0,88453000.0,592521600.0,461607600.0,8.608839779005525,3.5354703151722453,0.0,0.0,0.051907161557798155,8.608839779005525,0.08398579557609208,3.9859109072073404,4.716327050433011,1.5844179181106406,0.0,1.081424870800201,0.0,0.2942728696227114,2.604524798436355,0.062174729836466686,25.83707321327345,0.4355281391688081,0.5777777777777776,2.2145372480401204,1.1795107586818552,0.490520132813018,0.06678200692041522,0.574493683577301,0.07467707212055974,6.7493474334207955,0.8230324593653292,-0.05545359980458758,Electrical Equipment & Parts,Industrials,AEIS
2010Q3,2010,Q3,2010-11-05,2010-09-30,19948000.0,140966000.0,22296000.0,0.45,60690000.0,0.4305293475022346,496525000.0,337740000.0,344714000.0,115561000.0,158785000.0,66691000.0,57045000.0,564897240.0,463331240.0,7.80829518657234,2.9829613797042254,0.0,0.0,0.04927568966829937,7.80829518657234,0.059063184698288626,4.007329710710384,7.079622518548225,1.6725802096287086,0.0,1.203700649263019,0.0,0.28390514072806,1.9832123294190946,0.04017521776345602,-33.86674100719424,0.4305293475022346,0.7307692307692307,5.547349927404607,0.5252927210690591,0.2110959185631876,0.36201440786373124,0.46471840810632203,0.7027646250190928,2.564064639604075,0.6296040707378212,-0.11299134204494604,Electrical Equipment & Parts,Industrials,AEIS
2010Q2,2010,Q2,2010-08-05,2010-06-30,13619000.0,100107000.0,13094000.0,0.26,44559000.0,0.44511372831070756,460253000.0,310633000.0,310788000.0,106760000.0,149620000.0,56611000.0,37097000.0,526085739.99999994,409290739.99999994,7.25676307059758,2.911090295991008,0.0,0.0,0.03627330320101276,7.25676307059758,0.04384273403018997,5.255234299299748,9.65720207063661,1.6935925674348828,0.0,0.9812227305647312,0.0,0.21750428568635077,1.9415605095541402,0.029590247103223662,98.62874765654293,0.44511372831070756,0.7333333333333335,0.7540045824101256,-0.12228795376588729,0.6286314601319932,0.34586806814063065,1.190606401801512,0.6139529150745717,0.2315297989837372,0.024895456296569952,-0.14452377252417906,Electrical Equipment & Parts,Industrials,AEIS
2010Q1,2010,Q1,2010-05-06,2010-03-31,6217000.0,81552000.0,8113000.0,0.15,33108000.0,0.4059741024131842,353154000.0,283571000.0,291873000.0,50897000.0,69583000.0,47715000.0,23478000.0,686356805.52,571713805.52,6.841828801336426,5.7345816059885655,0.0,0.0,0.020928239630344767,6.841828801336426,0.021923962605485046,8.416186059446733,27.60000022197201,2.4204054911115733,0.0,1.0152782143979882,0.0,0.23092475237431828,4.469281097117708,0.017604217989885432,-56.365016467110124,0.4059741024131842,3.054054054054054,5.6938010360836,-0.2517999363969321,0.563498813184321,0.35316957534638493,3.082074852265266,3.158380317785751,-0.4679859564529601,-0.17606124242545027,-0.1703691151854312,Electrical Equipment & Parts,Industrials,AEIS
2009Q4,2009,Q4,2010-02-26,2009-12-31,1523000.0,66439000.0,1951000.0,0.037,24467000.0,0.36826261683649664,345125000.0,278334000.0,279755000.0,47978000.0,66791000.0,37118000.0,17261000.0,625015738.36,491985738.36,6.715473647133074,5.8309016632623285,0.0002202100688156465,0.00027305323819583663,0.004362117429620573,6.715473647133074,0.005471843181213938,9.407362217372327,102.59614877872619,2.245560148454734,0.0,1.1307721321191875,0.0,0.19250706265845707,4.747467589311768,0.004412893879029337,93.87439747071193,0.36826261683649664,1.185,1.0523197497073211,-0.4060310715154924,0.5172325408809876,0.5703099929401194,1.1806428656149923,1.3387152777777778,-0.9591307737345381,-0.310835667283156,-0.1517465325731261,Electrical Equipment & Parts,Industrials,AEIS
2009Q3,2009,Q3,2009-11-09,2009-09-30,-8431000.0,51762000.0,-5760000.0,-0.2,15581000.0,0.30101232564429503,319070000.0,273238000.0,260545000.0,34177000.0,45832000.0,36472000.0,15737000.0,598136960.0,458457960.0,6.505047138367774,7.623401702899611,0.0,0.0,-0.033827539238134696,6.505047138367774,-0.030855883881451336,11.55552258413508,-17.73624006642154,2.189069455932191,0.0,0.9920212765957447,0.0,0.1622277243238161,6.27439506100594,-0.02642366878741342,-957.019136,0.30101232564429503,0.47368421052631576,-4.773144299805115,-0.5695934107418239,0.3144947258341599,0.9645694111713529,0.47417986778096544,0.5836947094535994,-1.5287537043597856,-0.4877728780094107,-0.07089139616453846,Electrical Equipment & Parts,Industrials,AEIS
2009Q2,2009,Q2,2009-08-10,2009-06-30,-16034000.0,35567000.0,-13836000.0,-0.38,7931000.0,0.22298760086597127,314739000.0,275119000.0,262767000.0,28082000.0,39620000.0,39809000.0,24169000.0,377112520.0,239696520.0,6.55857251835606,9.357132682857346,0.0,0.0,-0.06104666006659219,6.55857251835606,-0.05828023509826657,10.602876824022267,-5.879888362230261,1.3707251044093647,0.0,0.6942148760330579,0.0,0.11300474361296185,7.393027562139449,-0.05094379787697108,-132.22739130434783,0.22298760086597127,0.8,-3.791428228280502,-0.7457651333305404,0.3096043092505962,0.2415466499686913,0.7989794766997229,0.8291493276366645,-1.940782914092189,-0.6375308086823046,-0.008282198933885479,Electrical Equipment & Parts,Industrials,AEIS
2009Q1,2009,Q1,2009-05-07,2009-03-31,-79763000.0,32627000.0,-80983000.0,-1.9,6388000.0,0.19578876390719344,323928000.0,285345000.0,244029000.0,27930000.0,38583000.0,46024000.0,40203000.0,315363930.0,200078930.0,6.813232730832597,8.737164339419978,0.0003828011162974488,0.00043456167095971544,-0.2802650004415357,6.813232730832597,-0.279531794844837,9.665734820853894,-0.988440536338904,1.1052022288808285,0.0,0.5701155918651138,0.0,0.10072300017287793,6.465270318653777,-0.24623681805833394,792.3716834170855,0.19578876390719344,-3.193149717514124,-9.961728608074726,-0.7570805719391623,0.38798566633896403,-0.6527694732836875,-3.203140643937398,-11.096041822255415,-7.651997948273072,-0.6304138450819098,0.10836695858100061,Electrical Equipment & Parts,Industrials,AEIS
2008Q4,2008,Q4,2009-02-27,2008-12-31,-18977000.0,67525000.0,-6695000.0,-0.45312,18397000.0,0.2724472417623103,420637000.0,376549000.0,271499000.0,31933000.0,44088000.0,46659000.0,119966000.0,416715950.0,300431950.0,8.990926673193094,8.502145116337331,0.00038988486509745934,0.0004355342863744161,-0.05488689873948866,8.990926673193094,-0.05039715946662984,6.171283968900407,-5.489750092216894,1.1066712433176027,0.0,1.0529158361730855,0.0,0.16053033851040208,6.459242789590705,-0.04511490905460052,109.17368352108986,0.2724472417623103,-4.485538461538462,-5.052894777652439,-0.2970714771195986,0.9293003012454668,-0.4782621026062789,-4.534550195567145,-2.217715532921062,-3.0145521371233457,0.026880209447511242,0.5566740191542919,Electrical Equipment & Parts,Industrials,AEIS
2008Q3,2008,Q3,2008-11-06,2008-09-30,5369000.0,84510000.0,5498000.0,0.13,35261000.0,0.417240563246953,430019000.0,377895000.0,271922000.0,43015000.0,52124000.0,53637000.0,138943000.0,571646160.0,490621160.0,9.043362768325077,6.321562245728234,0.0004813740788197731,0.0005477712062874608,0.013169603308813508,9.043362768325077,0.014207650273224045,6.764242811501598,26.617906500279382,1.5127116262453857,0.0,0.9181908011260883,0.0,0.19652620000511606,4.632779263047774,0.01248549482697276,-160.12497478991597,0.417240563246953,-0.07142857142857148,1.1511868440759183,-0.04771706289935324,0.9622173035803132,-0.00042521827871640775,-0.08425720620842572,-0.20778097982708935,2.2668858996744006,-0.05347518197272449,0.4026595405408373,Electrical Equipment & Parts,Industrials,AEIS
2008Q2,2008,Q2,2008-08-07,2008-06-30,5863000.0,87996000.0,6940000.0,0.14,35276000.0,0.4008818582662848,428319000.0,377508000.0,269194000.0,41200000.0,50811000.0,48431000.0,133574000.0,573605300.0,467635300.0,9.01640832119229,6.533834951456311,0.00048561936313822176,0.000550981701050044,0.01357158890822333,9.01640832119229,0.015530796698348115,6.518538342651938,24.45869435442606,1.5194520381025036,0.0,1.0885589808180711,0.0,0.2054450071091873,4.843470873786408,0.013688395798458625,33.57558534301101,0.4008818582662848,0.07692307692307698,1.7810652476079103,0.07532314587369733,0.6853109446919879,-0.015956259763445658,-0.017264498826684547,-0.059748001625795966,-0.22799972190313642,-0.21120780961434268,1.023547703904907,Electrical Equipment & Parts,Industrials,AEIS
2008Q1,2008,Q1,2008-05-09,2008-03-31,5966000.0,88887000.0,7381000.0,0.13,35848000.0,0.4032985700946145,443551000.0,391117000.0,277373000.0,42455000.0,52434000.0,51603000.0,127711000.0,592218120.0,493403120.0,8.757265684474497,6.533341184783889,0.0005613785111520434,0.0006366381415279827,0.013575683236185864,8.757265684474497,0.015253747599823071,6.662595430152891,24.816381159906136,1.5141712582168507,0.0,1.0278278394666978,0.0,0.2003986012882397,4.835920386291368,0.013450538945916028,-1298.723947368421,0.4032985700946145,0.4130434782608696,1.500097235325283,0.1397011451321932,0.6017341512698158,0.09229409793107651,0.43172546196304296,0.7432687765706188,4.961102996201441,-0.24321447313519662,1.001215596295128,Electrical Equipment & Parts,Industrials,AEIS
2007Q4,2007,Q4,2008-03-18,2007-12-31,4167000.0,83836000.0,4234000.0,0.092,32819000.0,0.39146667302829335,459028000.0,407061000.0,347969000.0,42014000.0,51967000.0,50532000.0,121745000.0,584178960.0,489833960.0,9.114258206081232,8.282215451992194,0.0005293794714047945,0.0005969621260695572,0.007628117592213101,9.114258206081232,0.010236794976674258,6.968115845221623,35.04793376529878,1.4351140492456906,0.0,1.009597878571994,0.0,0.18263809615099733,6.350478411957919,0.009077877602237772,31.76439345331956,0.39146667302829335,-0.2923076923076923,1.1366516459384517,0.050873024279596224,0.5987074744018803,-0.10638239939007788,-0.2883005977796755,-0.4350900600400267,1.1328436193119833,-0.30445916339620493,1.0591919293974998,Electrical Equipment & Parts,Industrials,AEIS
2007Q3,2007,Q3,2007-11-09,2007-09-30,5855000.0,90491000.0,7495000.0,0.13,36726000.0,0.40585251571979536,452233000.0,398316000.0,341086000.0,44066000.0,53917000.0,57388000.0,117546000.0,770573440.0,693956440.0,8.80295261669024,7.74034402941043,0.000577136122308633,0.0006552586388696411,0.014107025855641558,8.80295261669024,0.014699384408359193,8.51547048877789,32.90236720751495,1.9345781741130161,0.0,0.9368683348435213,0.0,0.2000981794782778,5.780783370398947,0.012946865885505922,243.00644591611479,0.40585251571979536,-0.48,1.7437601353021248,-0.0924179207989839,0.40088467552721546,-0.1830497163830497,-0.49815719550869975,-0.5393362015980332,4.721786746157639,-0.30150305233909663,0.7788394980502484,Electrical Equipment & Parts,Industrials,AEIS
2007Q2,2007,Q2,2007-08-03,2007-06-30,11667000.0,103049000.0,16270000.0,0.25,44955000.0,0.4362487748546808,443711000.0,383088000.0,336029000.0,50980000.0,60623000.0,56896000.0,111722000.0,1023348260.0,950538260.0,8.4827173888975,6.591388779913691,0.000608504184029695,0.0007047988973812806,0.027846283693089505,8.4827173888975,0.03045514346573111,9.930695688458888,21.928264763863893,2.6713137973520444,0.0,1.0210559617547807,0.0,0.2322435098521335,4.9130247155747355,0.026294141907683154,49.29423217726397,0.4362487748546808,-0.10714285714285723,2.610932362081655,0.07699951648238039,0.2982676247132956,-0.06942805688381047,-0.07923605082471787,-0.09308807134894091,0.8866506692164303,-0.31580583332909545,0.6938141974588794,Electrical Equipment & Parts,Industrials,AEIS
2007Q1,2007,Q1,2007-05-09,2007-03-31,12671000.0,107323000.0,17940000.0,0.28,48309000.0,0.45012718615767355,428137000.0,370621000.0,313670000.0,47725000.0,57516000.0,57655000.0,100055000.0,945558640.0,894787640.0,8.246834738879866,6.572446306966999,0.0007053816885716487,0.0008148485919578221,0.031422718450877116,8.246834738879866,0.03418856459833631,8.810400752867512,18.655959277089416,2.5512818755548117,0.0,1.0235712427369699,0.0,0.2506744336509108,4.815212152959664,0.029595666807587292,89.05242418534564,0.45012718615767355,-0.6853932584269663,2.030241060729851,0.7748472116490069,0.27747484007025897,0.07606807145721031,-0.6864157200485065,0.07754219472641,0.32670849427835114,-0.2553499517268941,0.6800377827153266,Electrical Equipment & Parts,Industrials,AEIS
