Quarters,Year,Quarter,FillingDate,Date,NetIncome,Revenue,OperatingIncome,EPSDiluted,GrossProfit,GrossProfitRatio,TotalAssets,CommonStockEquity,CurrentAssets,CurrentLiability,TotalLiability,Inventory,RetainedEarnings,MarketCap,EnterpriseValue,bookValuePerShare,currentRatio,debtToAssets,debtToEquity,roic,shareholdersEquityPerShare,roe,priceToSalesRatio,peRatio,pbRatio,payoutRatio,inventoryTurnover,dividendYield,assetTurnover,quickRatio,returnOnAssets,priceToFreeCashFlowsRatio,grossProfitMargin,epsdilutedGrowth,fiveYNetIncomeGrowthPerShare,fiveYRevenueGrowthPerShare,fiveYShareholdersEquityGrowthPerShare,grossProfitGrowth,netIncomeGrowth,operatingIncomeGrowth,threeYNetIncomeGrowthPerShare,threeYRevenueGrowthPerShare,threeYShareholdersEquityGrowthPerShare,Industry,Sector,Symbol
2023Q1,2023,Q1,2023-05-10,2023-03-31,1878502.0,113699075.0,9249191.0,0.0416,13359929.0,0.1175025303,730227875.0,313768238.0,219762810.0,87124601.0,367035524.0,26734280.0,150140417.0,262461142.3,423233764.3,7.017494250462233,2.5223967453234017,0.39702989289473506,0.9240014121505823,0.006506891494397422,7.017494250462233,0.00598690935696302,2.3083841473644355,34.92957983276036,0.8364809133421592,2.474199122492284,3.7532017320084923,0.017708480422170287,0.15570355349691356,1.9378307626338513,0.0025724873896384743,22.82993618240349,0.11750253025365422,-0.8776470588235293,-0.5918187954141936,0.35301787618790387,0.9941951984832862,-0.4099755990932478,-0.87882665624949,-0.19542405904659937,1.1889972528288162,0.14947956694796263,0.8487927465258166,Marine Shipping,Industrials,PANL
2022Q4,2022,Q4,2023-03-15,2022-12-31,15502601.0,127923410.0,11495734.0,0.34,22643011.0,0.1770044357,748241470.0,314226062.0,222511022.0,92211872.0,379519940.0,29104436.0,151327392.0,228843669.60000002,399940346.6,7.071483437267867,2.4130409368546384,0.4002468387644967,0.9530758877664323,0.015198952928609358,7.071483437267867,0.04933582180080276,1.7889115807653972,3.690407654818698,0.7282771777218148,0.2869805524892242,3.6173317016004023,0.019440979109347403,0.17096541040421082,1.7908730342227517,0.020718713973444963,13.76901728373847,0.1770044357010183,0.06250000000000006,2.638191596536253,0.1815923682547599,1.0404851101903483,-0.37593217725810646,0.08564246925836308,-0.6231681182099402,2.133043077882582,-0.055232790318867235,0.7785914408174595,Marine Shipping,Industrials,PANL
2022Q3,2022,Q3,2022-11-09,2022-09-30,14279656.0,184477137.0,30506267.0,0.32,36282933.0,0.1966798357,738910920.0,303411356.0,222685818.0,91100777.0,381313539.0,30651975.0,140702171.0,205199956.5,385372727.5,6.8311927966709876,2.444389887036858,0.40346052133050087,0.982565019748305,0.027893981507047937,6.8311927966709876,0.04706368340412414,1.1123327250032073,3.59252275580028,0.6763094144043837,0.23366879426227075,4.834735902009577,0.016260773427600603,0.24966086169087878,1.8455906912846638,0.019325274012732145,6.590545734880211,0.19667983572403339,-0.4285714285714286,0.8264557826088388,0.5832766506120216,0.9741893322298518,-0.12990532873838342,-0.4295538112495897,-0.15832158996311832,0.654258618275185,0.495906504788466,0.6631100291117247,Marine Shipping,Industrials,PANL
2022Q2,2022,Q2,2022-08-09,2022-06-30,25032433.0,195543956.0,36244564.0,0.56,41699983.0,0.2132511986,754623963.0,287640464.0,234163328.0,118894143.0,413770085.0,52823684.0,125250467.0,225706873.96,428602693.96000004,6.473943533412092,1.9695110464777057,0.40426917903215326,1.060599074822797,0.03561879143290698,6.473943533412092,0.08702681344583008,1.1542513436723147,2.254144392996078,0.7846840142769342,0.13329543316864165,2.912405219598088,0.014783373414632178,0.2591276789337791,1.3090017142391952,0.033172062149317144,6.113630979091884,0.21325119862052908,0.018181818181818195,5.226778469520171,0.7108488245365291,0.796194124755214,0.4729211114080895,0.015083370268287669,0.8102477889189227,4.975362583361258,1.2598728928003269,0.6404890028509315,Marine Shipping,Industrials,PANL
2022Q1,2022,Q1,2022-05-10,2022-03-31,24660470.0,191762403.0,20021880.0,0.55,28311077.0,0.1476362236,730859200.0,265633762.0,206667094.0,114238855.0,414466331.0,39208774.0,103554744.0,246802617.6,491578284.6,5.9842303581791505,1.8090788287400115,0.4305852002683964,1.1847031515519477,0.028317055400063955,5.9842303581791505,0.09283635413784487,1.2870229708166516,2.5020064256682857,0.9291086183540178,0.09296740897476811,4.168743608254622,0.009289285593055235,0.26237940632067025,1.106917011729503,0.03374175217333243,17.971310839578262,0.14763622356150805,3.583333333333334,13.552855821089098,0.8046833143911616,0.6985997117052343,-0.19305063170957792,3.595790589506068,-0.3498196487225513,2.9495902353177263,1.3136739917969242,0.5351533600565793,Marine Shipping,Industrials,PANL
2021Q4,2021,Q4,2022-03-16,2021-12-31,5365882.0,234558261.0,30794348.0,0.12,35084081.0,0.1495751241,707024006.0,247202217.0,183963614.0,111739286.0,406342612.0,27147760.0,85663375.0,166338824.4,417092042.4,5.617596394771683,1.6463646814424786,0.43416081688179625,1.2417450123434775,0.01269859451686146,5.617596394771683,0.021706447721704696,0.7091578172981083,7.749836112683805,0.6728856497270006,0.2875130314084432,7.347721506304756,0.00927481004849521,0.3317543096266522,1.140853217909411,0.007589391526261698,-9.377807577800159,0.14957512410957038,-0.8,3.2194473094637455,1.82764268748099,0.7001427679724577,0.17005419875701205,-0.8012285206968593,0.20559132168844613,2.0407038527944565,1.2178504039399691,0.4720670662379274,Marine Shipping,Industrials,PANL
2021Q3,2021,Q3,2021-11-09,2021-09-30,26995231.0,213029235.0,25542941.0,0.6,29985005.0,0.1407553522,656783610.0,233362609.0,168182543.0,104867371.0,372385377.0,24881273.0,72170881.0,222225149.0,454555937.0,5.3030954451064405,1.6037642728737806,0.4285966088587381,1.2062567744089627,0.04285820383630407,5.3030954451064405,0.1156793331874345,1.0431673802893766,2.058003772962713,0.952274016614204,0.057149316484826525,7.356706789077874,0.006942324066120887,0.32435223984959066,1.0219013405037112,0.04110216909949991,-7.9218396479564985,0.1407553521937963,0.3953488372093023,2.5572890572077083,1.4050279812725357,0.6070816782736279,0.3515357698744913,0.40400712009372103,0.5810107561343922,2.138698032099633,1.1501803529164154,0.3844292629193387,Marine Shipping,Industrials,PANL
2021Q2,2021,Q2,2021-08-10,2021-06-30,19227275.0,145544365.0,16156083.0,0.43,22185876.0,0.1524337682,575431843.0,207540913.0,133134831.0,86492101.0,318555705.0,23183558.0,46718409.0,220872088.48,423188852.48,4.717007886464297,1.539271557295157,0.42217221545037087,1.1705226332891772,0.03645696817157195,4.717007886464297,0.09264329968520472,1.5175585016980904,2.8718589670143064,1.0642339637389953,0.08024236403754562,5.320947242006598,0.00698522846692648,0.25293067592715757,0.9364242637602248,0.03341364443746989,-2.493152175695774,0.15243376821905816,1.3888888888888888,117.49298000851915,1.0412971119453547,0.5098861847974204,1.0962244788723372,1.441080433383021,1.5327646922250513,2.1983815716514252,0.44354982717438496,0.29660193576911986,Marine Shipping,Industrials,PANL
2021Q1,2021,Q1,2021-05-11,2021-03-31,7876543.0,124972527.0,6378833.0,0.18,10583731.0,0.0846884612,450167182.0,189438298.0,110639381.0,60932734.0,208410223.0,15627975.0,29033976.0,138949472.32,251880983.32,4.308220907103334,1.8157626244048068,0.3442063086686759,0.8179464534673976,0.019295337903389137,4.308220907103334,0.04157840881784105,1.1118401432340406,4.410230234253784,0.7334814226424269,0.1151392178015152,7.31948931323476,0.006526825793993774,0.27761358889995674,1.2502590151297002,0.017496928507773808,-263.64672972455026,0.08468846116874951,0.058823529411764594,4.256718311601617,1.272427103092147,0.38159803354750854,-0.1639670267292475,0.0377343799200383,-0.22933264065289158,0.7403399260973264,0.5122313906186508,0.22428792106026593,Marine Shipping,Industrials,PANL
2020Q4,2020,Q4,2021-03-15,2020-12-31,7590134.0,112853326.0,8277025.0,0.17,12659466.0,0.1121762774,450404145.0,182765765.0,113031561.0,110809330.0,215972740.0,15966247.0,23179805.0,120466463.46,233200967.45999998,4.20250710869503,1.0200545477533345,0.3544188519845882,0.8734224377306111,0.02348282514725491,4.20250710869503,0.04152929844383055,1.0674604615552048,3.967863527178835,0.6591303544184,0.00030552820279589266,6.275354502532749,1.9250170822604143e-05,0.2505601408264127,0.7478862835827994,0.016851829816086617,-49.654122917655904,0.11217627737440365,0.0,1.5465300132952249,0.626065014931503,0.36100156941311246,-0.10454984260349605,0.0050169188102345726,-0.16897347701069507,0.8200181646446008,0.06506789820206747,0.21263851592564703,Marine Shipping,Industrials,PANL
2020Q3,2020,Q3,2020-11-12,2020-09-30,7552245.0,103766558.0,9960001.0,0.17,14137544.0,0.1362437405,443392712.0,175769072.0,105652558.0,88394392.0,216247643.0,16232580.0,16498626.0,112634544.19,223682032.19,4.041760898078173,1.1952405080177484,0.3532003002340733,0.890978357102551,0.021633589834834266,4.041760898078173,0.04296685938013031,1.085460926534732,3.7285119917984653,0.6408098017949369,0.0004802545468268045,5.521550733155173,3.220148868256365e-05,0.23402856021684001,0.8356647444331083,0.017032857770562543,7.4484204100308045,0.13624374049296306,2.195488721804512,1.0525982514231336,0.18955617928501559,0.27159425594734127,0.447960734806932,2.267985126649788,0.6627689541034079,-0.01342311783478054,-0.09043212047664331,0.16805387959451823,Marine Shipping,Industrials,PANL
2020Q2,2020,Q2,2020-08-12,2020-06-30,2310979.0,70396170.0,5990009.0,0.0532,9763762.0,0.1386973467,439511446.0,167825125.0,97977771.0,60628058.0,198544796.0,11648319.0,8946381.0,109048930.38999999,223524696.39,3.8628628657198516,1.6160466660502304,0.36738254366190043,0.9621255041520154,0.010764424600801249,3.8628628657198516,0.013770161053060441,1.549074763442386,11.796832683248095,0.6497771438573335,0.016079332611849784,5.205249615845857,0.0003407552909240415,0.16016913925832094,1.139089413023917,0.00525806329057469,8.811964283275632,0.13869734674485842,1.2418181818181817,-0.6567223729107997,-0.12291363713052347,0.23999684241747815,5.169970267904819,1.2398654872775166,4.3016957130935465,1.399057803722967,-0.3701318403223246,0.07175040195078378,Marine Shipping,Industrials,PANL
2020Q1,2020,Q1,2020-05-13,2020-03-31,-9634479.0,95879937.0,-1814222.0,-0.22,1582465.0,0.0165046521,452018377.0,164510194.0,101100717.0,72691965.0,214656744.0,19156816.0,5941205.0,86682010.0,213006955.0,3.7957171043910956,1.390810070961763,0.36790028782391737,1.0108655698260256,-0.006561923402181211,3.7957171043910956,-0.05856463217106169,0.904068282814996,-2.2492656323190907,0.5269096576471122,-0.05182449409044329,4.922397960078543,0.005760157153716209,0.2121151304430262,0.9617968643439477,-0.02131435244722362,-12.103646872142765,0.016504652062923238,0.29032258064516125,-2.016627271790077,-0.1916151120691107,0.24951992347096413,-0.8843253213780452,0.2692660812439546,-1.2213197288372133,-6.823057840804154,-0.07585254454721393,0.07739902933735374,Marine Shipping,Industrials,PANL
2019Q4,2019,Q4,2020-03-23,2019-12-31,-13184661.0,130477623.0,8197290.0,-0.31,13680306.0,0.1048479094,479902831.0,170245964.0,126955480.0,90854859.0,236831157.0,21001010.0,12736580.0,126317787.55000001,252783499.55,3.975889726545484,1.3973438668811318,0.368868011532943,1.039794417681467,0.08604285487026594,3.975889726545484,-0.07744477866153703,0.9681183995051781,-2.3951656312968534,0.7419722886940215,-0.21597824927011774,5.561509517875569,0.022543143410209292,0.27188342008342936,0.9391964495811941,-0.027473605380752587,10.309871046000934,0.10484790943808042,-2.6315789473684212,0.6130223267139422,0.027462403948388277,0.4127509368003713,-0.13516477903322183,-2.5843977571513035,-0.3718620554579364,-11.654737422702793,0.6164756464417616,0.2032869024078452,Marine Shipping,Industrials,PANL
2019Q3,2019,Q3,2019-11-07,2019-09-30,8321560.0,118885396.0,13050143.0,0.19,15818396.0,0.1330558381,484552363.0,175873845.0,108392750.0,84700428.0,237664020.0,17002101.0,18693177.0,137445564.93,288744339.93,4.107480970648443,1.279719035185985,0.3827653132299347,1.0545617911520613,0.02318448512847529,4.107480970648443,0.04731550618001216,1.1561181571031651,4.129200682624412,0.7815008816689031,0.17876792332206942,6.062015512082889,0.010823397617505066,0.2453509776816422,0.8943137217677342,0.01717370636370212,-12.640333606135464,0.1330558380778746,1.1111111111111112,1.7724021064550572,-0.5913994956269297,0.0,0.2984007858829988,1.0636225508685553,0.9123910297094384,0.12697163893677985,0.3793852069902918,0.2447555357273412,Marine Shipping,Industrials,PANL
2019Q2,2019,Q2,2019-08-12,2019-06-30,4032501.0,83290615.0,6823993.0,0.09,12182984.0,0.1462707893,459216126.0,168776642.0,93098372.0,64619185.0,221522186.0,17446489.0,11916436.0,145410469.0,283923183.0,3.946349851880335,1.440723401262334,0.39126201983594977,1.064565729421255,0.013717266019763212,3.946349851880335,0.02389253010496559,1.7458205705408707,9.014905947946447,0.8615556470189755,0.6497171358419997,4.075755930032685,0.018017856747302014,0.1813756318304902,0.9869210668627282,0.008781270455645977,-10.179446307391686,0.1462707893320274,-0.3571428571428572,1.6353434442165018,0.0,-0.8590693841897922,0.4693968722779698,-0.3270573765841057,0.6028297113823106,24.566408869705185,0.20178632171530755,0.2632031290068024,Marine Shipping,Industrials,PANL
2019Q1,2019,Q1,2019-05-15,2019-03-31,5992340.0,79544185.0,4257466.0,0.14,8291146.0,0.1042332133,448002091.0,166065204.0,100457046.0,61197905.0,209479489.0,15415223.0,9439753.0,139306012.29,256064601.29,3.898131948171352,1.6415111922540486,0.39259110065180475,1.0591119016118513,0.014072828113302911,3.898131948171352,0.03608426001150729,1.7513035338786862,5.811836957265442,0.8388633436418144,0.18940847815711392,4.622251588575787,0.008147530615098049,0.1775531556614989,1.27323299710995,0.01337569649870228,372.5496817284703,0.1042332132763696,2.166666666666667,6.3578803846170695,0.0,-0.861544337039514,-0.30716500438498084,2.2070613108844483,-0.4466743857776701,3.127843423453506,0.49290288308524854,0.25008711257644,Marine Shipping,Industrials,PANL
2018Q4,2018,Q4,2019-03-20,2018-12-31,-4964404.0,101829039.0,7694323.0,-0.12,11966985.0,0.1175203568,453474622.0,161688051.0,113506160.0,79048628.0,220107625.0,19222087.0,5737199.0,128380072.83,244194785.82999998,3.816128030856796,1.4359029735468654,0.373624983141835,1.047878596792536,-0.08495144908539067,3.816128030856796,-0.030703592314313938,1.2607412786248529,-6.4650294793695275,0.7939985177383331,-0.22862764593695437,4.67493743005117,0.008840935941070537,0.22455289460498187,1.0699277664882432,-0.010947479217480885,12.337432017549549,0.11752035684044902,-1.631578947368421,-23.186127820067718,0.0,6.602131175503255,-0.2450875748715474,-1.5997865639170752,-0.36660717710793483,0.6330870054166506,0.5060056137612196,0.23587089914292733,Marine Shipping,Industrials,PANL
2018Q3,2018,Q3,2018-11-08,2018-09-30,8276951.0,95344839.0,12147790.0,0.19,15852150.0,0.1662612278,453846954.0,162215882.0,112556884.0,73093969.0,221896632.0,20863555.0,6355147.0,150759503.0,275620610.0,3.8305282813249923,1.539892901423919,0.3869724594427927,1.0826700187100051,0.026239163783229668,3.8305282813249923,0.05102429489610641,1.5812025546553181,4.5535941616665365,0.9293757253682472,0.0,3.8101219566847546,0.0,0.21008147825973952,1.119882503575637,0.01823731750769886,-26.26454790020554,0.16626122783635935,0.4615384615384615,8565.510619734827,0.0,1747.9604526165485,0.15928771029899497,0.4337290878626328,0.4401740094127455,1.3101246334904983,0.12243675258277288,0.205137533517326,Marine Shipping,Industrials,PANL
2018Q2,2018,Q2,2018-08-07,2018-06-30,5773023.0,96823202.0,8434946.0,0.13,13674043.0,0.1412269241,434379068.0,153713808.0,99855429.0,70635334.0,213051002.0,17390678.0,-1921804.0,127180181.52,245982271.51999998,3.637976896638101,1.413675328554403,0.38611899687578866,1.0911317088702923,0.018624088193346287,3.637976896638101,0.03755695779783167,1.3135300102964989,5.507520995499237,0.827382934394547,0.0,4.781248839176943,0.0,0.2229002480386555,0.9528182594846936,0.01329028819593121,8.180613743269962,0.14122692410027918,0.3,0.0,0.0,0.0,0.14696102835964203,0.33480485753275036,0.08228039671636464,-0.11824581025688022,0.24041643500680063,0.16780740643205147,Marine Shipping,Industrials,PANL
2018Q1,2018,Q1,2018-05-10,2018-03-31,4324994.0,78973293.0,7793679.0,0.1,11921977.0,0.150962136,411799149.0,147865945.0,73979506.0,59695765.0,197418667.0,14293347.0,-7694827.0,111352414.35,245856907.35,3.5189605590262625,1.2392756169554071,0.395119699482429,1.1003883010384845,0.015722390890508996,3.5189605590262625,0.029249425890457738,1.4100009018238608,6.43656467211284,0.7530632854644117,0.0,4.691085719810762,0.0,0.1917762413831506,0.9093727168083029,0.010502678333606755,46.755649962923805,0.1509621360223639,0.11111111111111122,4.920580901911063,0.0,-0.8750119227338258,0.14259447459337282,0.07536597925199677,0.16503086248123228,-0.5292782730793577,-0.3132227391376846,0.1584138668619773,Marine Shipping,Industrials,PANL
2017Q4,2017,Q4,2018-03-21,2017-12-31,4021881.0,102186274.0,6689676.0,0.09,10434128.0,0.1021088997,423297088.0,145351322.0,83010221.0,70010153.0,212641446.0,15356712.0,-9596785.0,154343984.0,290218017.0,3.465589335571382,1.1856883243777514,0.4025679595509053,1.1723721714756747,0.01706152008901493,3.465589335571382,0.027670068250222037,1.5104179647454412,9.594017326718518,1.0618684568964567,0.0,5.974725969986284,0.0,0.24140556809122202,0.8823641479543688,0.00950131979173927,-126.17894973491987,0.10210889967472539,-0.4705882352941177,20.79436366648894,0.0,5.903820971521137,-0.29772051382751424,-0.4399470231579428,-0.3326776831721391,1.12051657049324,-0.17847066847228066,0.2314261504047869,Marine Shipping,Industrials,PANL
2017Q3,2017,Q3,2017-11-09,2017-09-30,7181251.0,107023036.0,10024655.0,0.17,14857515.0,0.1388253927,415310805.0,141167445.0,94187699.0,71832474.0,210734777.0,16470391.0,-13618666.0,100360292.82,236446092.82,3.4602521071042047,1.311213351777359,0.3983100969405311,1.1718175320095934,0.024182235626153417,3.4602521071042047,0.05087044679458497,0.9377447750594553,3.493830421050594,0.7109308581734266,0.13944979781377925,5.595830785073651,0.009978288941385334,0.25769383967749165,0.9089874448706862,0.017291269366324337,20.363980294315063,0.1388253926939617,1.5483870967741935,7714.298897096954,0.0,1578.8980315360009,1.1637689255862305,2.515933421163346,1.208765608963865,1.699580495484042,-0.6139473464001056,0.0,Marine Shipping,Industrials,PANL
2017Q2,2017,Q2,2017-08-14,2017-06-30,-4737181.0,91423778.0,4538578.0,-0.31,6866498.0,0.0751062596,409336841.0,128092326.0,84966456.0,75800705.0,219412104.0,14944785.0,-20799954.0,98798937.08,239901507.07999998,3.604256045706843,1.1209190732460865,0.41662277840268963,1.3313760263827201,0.03706989322464391,3.604256045706843,-0.03698255116391594,1.0806700318160118,-5.214015312060062,0.7713103521908096,0.0,5.657979020775475,0.0,0.22334607795539224,0.7399669699641975,-0.0115728185824349,-32.57771900096118,0.07510625955536425,-10.355311355311356,0.0,0.0,0.0,-0.07819979812079701,-4.517250724286887,0.12650689581138252,0.1018201044763701,0.0,-0.8712861142260094,Marine Shipping,Industrials,PANL
2017Q1,2017,Q1,2017-05-10,2017-03-31,1346842.0,84455121.0,4028895.0,-0.0273,7449009.0,0.0882007972,397415373.0,124295600.0,74047135.0,74605859.0,211815495.0,15369734.0,-16062737.0,120307548.46000001,268474214.46000004,3.52303742720617,0.9925109903231595,0.42748345318790676,1.3668102169344691,3.3900944877703703,3.52303742720617,0.010835797888259922,1.4245145473179774,22.331414609137525,0.9679147810541966,0.0,5.010243638569151,0.0,0.21251095638919837,0.5947935536805494,0.0033890032734088522,-3.3909546691629444,0.08820079720210217,-1.9545454545454548,2.4541085481255247,0.0,-0.8748671186342836,0.6663968757948596,0.3244182741995278,3.7513019543466877,2.4541085481255247,0.0,-0.8748671186342836,Marine Shipping,Industrials,PANL
2016Q4,2016,Q4,2017-03-23,2016-12-31,1016931.0,66333382.0,847956.0,0.0286,4470129.0,0.06738883,362193902.0,116271401.0,68544266.0,77878979.0,185516830.0,13202937.0,-17409579.0,119642831.2,240557726.2,3.3041909777206944,0.8801382206102112,0.39547282052252775,1.2319267056909378,0.009813379702895015,3.3041909777206944,0.008746183423041407,1.8036594485714599,29.41272102040355,1.02899621206078,0.0,4.685567536980598,0.0,0.18314328770780905,0.5495673742718173,0.002807697739759296,-21.10203701094003,0.0673888299559338,-0.8317647058823531,6.965377586317725,0.0,5.582298350170232,-0.5916286657806391,-0.8323095883869231,-0.890825084598856,6.965377586317725,0.0,5.582298350170232,Marine Shipping,Industrials,PANL
2016Q3,2016,Q3,2016-11-10,2016-09-30,6064336.0,70783892.0,7766949.0,0.17,10946236.0,0.1546430366,354633615.0,116040258.0,63994514.0,66433293.0,178460410.0,9336297.0,-17475460.0,87913830.0,202329874.0,3.299829446629728,0.9632898071152366,0.4021292115808029,1.2289574192432422,0.028401587303046823,3.299829446629728,0.05226062148189984,1.2420033360132274,3.6242150006200182,0.7576149132657047,0.0,6.409142296994194,0.0,0.19959724348183971,0.6473192891401605,0.017100285318412355,17.318025346527634,0.1546430365823908,2.962703962703963,7557.713046298985,0.0,1505.6515056608962,1.9422771325539039,45.78044340219387,8.90204850212525,7557.713046298985,0.0,1505.6515056608962,Marine Shipping,Industrials,PANL
2016Q2,2016,Q2,2016-08-15,2016-06-30,129634.0,56961705.0,784378.0,0.0429,3720328.0,0.0653127922,351485569.0,109812889.0,60559793.0,66448182.0,183657434.0,8390900.0,-23539795.0,83658078.14,199511961.14,3.1240817579221525,0.9113837456079686,0.4218588302838686,1.3502721980112917,0.00727211651686667,3.1240817579221525,0.0011804989485341743,1.4686722972916628,161.33513997099524,0.761823852389495,0.0,6.345133060815884,0.0,0.1620598682388579,0.7058721937644584,0.00036881741793501626,14.749160338127773,0.06531279216449017,0.7510204081632653,0.0,0.0,0.0,-0.4301775560295148,-0.8917103275905853,-0.7754142097731345,0.0,0.0,0.0,Marine Shipping,Industrials,PANL
2016Q1,2016,Q1,2016-05-11,2016-03-31,1197104.0,43937519.0,3492554.0,0.0245,6528925.0,0.1485956683,353277083.0,109546124.0,58983250.0,62089787.0,186220074.0,7811933.0,-23669430.0,80799485.3,202078793.3,3.118288244838609,0.949967021146328,0.43576371185107415,1.4053015056927072,0.007115434118599507,3.118288244838609,0.01092785354961532,1.838963308328811,16.873948566707654,0.7375841549628903,0.08353493096673305,4.78864757288625,0.0012376316461510926,0.12437126865656327,0.7442274685207085,0.003388569645770088,20.821470293783022,0.14859566831709364,1.0765625,2.2979853727432493,0.0,-0.8892431882805929,-0.09353647568375681,1.1069683131445576,0.1777138508135289,2.2979853727432493,0.0,-0.8892431882805929,Marine Shipping,Industrials,PANL
2015Q4,2015,Q4,2016-03-23,2015-12-31,-11191202.0,55926516.0,2965537.0,-0.32,7202634.0,0.128787461,366962996.0,108212525.0,69311406.0,72150503.0,201646656.0,7490590.0,-24866534.0,92519148.48,217315742.48000002,3.087804748459786,0.9606503505595796,0.4423248005093135,1.499981947561061,0.025701302689566358,3.087804748459786,-0.1034187308724198,1.6542984454815675,-2.0667830962214784,0.8549763391991825,0.0,6.504678803672341,0.0,0.15240369358658715,0.7919304873037406,-0.030496813362620355,-5.87226788857339,0.12878746103190122,-5.0,-64.91788292353189,0.0,5.151234065609368,-0.15620817728893238,-4.7270848035531055,-0.3909040756234863,-64.91788292353189,0.0,5.151234065609368,Marine Shipping,Industrials,PANL
2015Q3,2015,Q3,2015-11-12,2015-09-30,3002669.0,71188165.0,4868752.0,0.08,8536032.0,0.1199080212,355931955.0,112805233.0,73212359.0,122669219.0,237889377.0,10014506.0,-21526300.0,110019300.7,272076653.7,3.1784988640634033,0.5968274649241877,0.5513937404131078,1.7398009540922628,0.01369304184128933,3.1784988640634033,0.02661817116232542,1.54547178874466,9.160125599924601,0.9753031643487674,0.0,6.256138146005404,0.0,0.20000498409871628,0.4782969311967332,0.008436075934794897,61.180226849848914,0.11990802122796676,-0.4666666666666666,3708.3803272658156,0.0,1450.2538228827839,-0.2506031322845562,-0.450124774820227,-0.30411894240701354,3708.3803272658156,0.0,1450.2538228827839,Marine Shipping,Industrials,PANL
2015Q2,2015,Q2,2015-08-13,2015-06-30,5460637.0,65102772.0,6996529.0,0.15,11390536.0,0.174962381,359611203.0,109781512.0,77638875.0,126323366.0,244370451.0,12611371.0,-24483234.0,113826404.79,280541311.79,3.1152199211966343,0.6146042292761579,0.5585740386402812,1.829720490641448,0.019967272110806223,3.1152199211966343,0.04974095273892748,1.7484110321754043,5.2112237450502565,1.036844936058086,0.0,4.259032265405561,0.0,0.18103655130009952,0.43665080932058126,0.015184835607026402,73.49580324610798,0.17496238101812317,-0.31818181818181823,0.0,0.0,0.0,-0.20658562843819933,-0.28148841916812645,-0.29674587628327137,0.0,0.0,0.0,Marine Shipping,Industrials,PANL
2015Q1,2015,Q1,2015-05-15,2015-03-31,7599929.0,95115788.0,9948792.0,0.22,14356352.0,0.1509355313,369320508.0,105582681.0,83749903.0,136748648.0,259476738.0,13792771.0,-28542798.0,95095097.28,262307950.28,3.0377403617920775,0.6124367898686648,0.5681018639777242,1.9871788347560524,0.028179355513151944,3.0377403617920775,0.07198082988629546,0.9997824680798524,3.128157423575931,0.9006694694558856,0.013158017660428144,5.855200234963664,0.0010515789232073435,0.2575426653534225,0.45458584716684,0.020578139679153697,-2.8262879875586986,0.1509355313336625,1.275,9.328871767952243,0.0,-0.8921041254411483,4.526352115771852,1.2748064594151,4.956875558056799,9.328871767952243,0.0,-0.8921041254411483,Marine Shipping,Industrials,PANL
2014Q4,2014,Q4,2015-03-31,2014-12-31,-27655569.0,103078867.0,-2514305.0,-0.8,2597799.0,0.0252020523,332463265.0,97816194.0,84873420.0,144685296.0,232115712.0,15601659.0,-36142727.0,165095655.0,302618315.0,2.814289216151691,0.5866070868735687,0.5033343067240827,1.7107613796545795,-0.014387444031057142,2.814289216151691,-0.28272996391579086,1.6016440595917687,-1.4924268508089635,1.687815158704703,0.0,6.44040918981757,0.0,0.3100458843174749,0.3952006498296828,-0.08318383385905809,463.9355896577015,0.025202052327563902,-2.2,-163.24599194514275,0.0,4.6063621592344415,4.403726569726763,-7.189006555215954,-0.3287705765340312,-163.24599194514275,0.0,4.6063621592344415,Marine Shipping,Industrials,PANL
2014Q3,2014,Q3,2014-11-14,2014-09-30,-3377158.0,91205219.0,-1892204.0,-0.25,-763222.0,-0.0083681834,,,,,,,,128582328.9,,,0.0,0.0,0.0,0.0,,0.0,1.4098132794352483,-9.518530736495004,0.0,0.0,0.0,0.0,0.0,0.0,0.0,9.952516943470062,-0.008368183404065945,-0.6666666666666667,-11024.605983711845,0.0,0.0,0.0,-5.4767857314091195,-2.4482265962274052,-11024.605983711845,0.0,0.0,Marine Shipping,Industrials,PANL
2014Q2,2014,Q2,2014-06-30,2014-06-30,-521425.0,0.0,-548747.0,-0.15,0.0,0.0,98622499.0,98385911.0,117125.0,236588.0,236588.0,0.0,-714580.0,35275760.879999995,35199635.879999995,28.00207626421579,0.495058920993457,0.0,0.0,-0.005435099626963219,28.00207626421579,-0.005299793382001616,0.0,-16.913151881862202,0.3585448416491259,0.0,0.0,0.0,0.0,0.32176188141410383,-0.005287079574002682,-96.05590014214059,0.0,-4.703422053231939,0.0,0.0,0.0,0.0,-4.652855021086068,-3.049524385834151,0.0,0.0,0.0,Marine Shipping,Industrials,PANL
2014Q1,2014,Q1,2014-03-31,2014-03-31,-92241.0,0.0,-135509.0,-0.0263,0.0,0.0,98990245.0,98920998.0,451032.0,69247.0,69247.0,0.0,-179493.0,34432515.6,34030483.6,28.154369888675806,6.513379640995278,0.0,0.0,-0.0011096225237794645,28.154369888675806,-0.0009324713848924169,0.0,-93.32215500699256,0.3480809564820606,0.0,0.0,0.0,0.0,5.805767758892082,-0.0009318190898507222,-414.9745778849051,0.0,-4.479166666666668,0.0,0.0,0.0,0.0,-0.7242919899055986,-0.7804128181209024,0.0,0.0,0.0,Marine Shipping,Industrials,PANL
2013Q4,2013,Q4,2013-12-31,2013-12-31,-53495.0,0.0,-76111.0,-0.0048,0.0,0.0,99055014.0,5543129.0,531340.0,20141.0,93511885.0,0.0,-65618.0,106228849.99999999,105743842.99999999,0.5019813448041657,26.381013852340995,0.0,0.0,-0.011334712858119418,0.5019813448041657,-0.009650686462465514,0.0,-496.4428918590522,19.164058783405547,0.0,0.0,0.0,0.0,24.080581897621766,-0.0005400534292993992,-861.9812882390171,0.0,0.0,0.0,0.0,0.0,0.0,-211.28174603174602,-301.02777777777777,0.0,0.0,0.0,Marine Shipping,Industrials,PANL
2013Q3,2013,Q3,2013-09-30,2013-09-30,-252.0,0.0,-252.0,0.0,0.0,0.0,394702.0,24185.0,18638.0,370517.0,370517.0,0.0,-815.0,106228849.99999999,106275211.99999999,0.0021901743264659272,0.050302685166942404,0.16468120252747642,2.6876162910895185,-0.0028255872624320232,0.0021901743264659272,-0.010419681620839363,0.0,-105385.76388888888,4392.344428364689,,0.0,,0.0,0.050302685166942404,-0.0006384563544142163,0.0,0.0,0.0,0.0,0.0,0.0,0.0,0.0,0.0,0.0,0.0,0.0,Marine Shipping,Industrials,PANL
2013Q2,2013,Q2,2013-06-30,2013-06-30,,,,,,,130000.0,24437.0,77500.0,105563.0,105563.0,0.0,-563.0,0.0,-12500.0,0.0,0.7341587488040318,0.5,2.659900969840815,,0.0,,0.0,0.0,0.0,0.0,0.0,,,0.7341587488040318,,0.0,0.0,0.0,0.0,0.0,0.0,0.0,0.0,0.0,0.0,0.0,0.0,Marine Shipping,Industrials,PANL
