Quarters,Year,Quarter,FillingDate,Date,NetIncome,Revenue,OperatingIncome,EPSDiluted,GrossProfit,GrossProfitRatio,TotalAssets,CommonStockEquity,CurrentAssets,CurrentLiability,TotalLiability,Inventory,RetainedEarnings,MarketCap,EnterpriseValue,bookValuePerShare,currentRatio,debtToAssets,debtToEquity,roic,shareholdersEquityPerShare,roe,priceToSalesRatio,peRatio,pbRatio,payoutRatio,inventoryTurnover,dividendYield,assetTurnover,quickRatio,returnOnAssets,priceToFreeCashFlowsRatio,grossProfitMargin,epsdilutedGrowth,fiveYNetIncomeGrowthPerShare,fiveYRevenueGrowthPerShare,fiveYShareholdersEquityGrowthPerShare,grossProfitGrowth,netIncomeGrowth,operatingIncomeGrowth,threeYNetIncomeGrowthPerShare,threeYRevenueGrowthPerShare,threeYShareholdersEquityGrowthPerShare,Industry,Sector,Symbol
2023Q1,2023,Q1,2023-05-09,2023-03-31,7259000.0,973310000.0,20043000.0,0.29,186071000.0,0.1911734185,3209367000.0,1359511000.0,1364779000.0,436031000.0,1849856000.0,909385000.0,1201443000.0,2771800360.0,4089377360.0,53.88897257016014,3.130004518027388,0.41785249240738126,0.9864149683231691,0.005093182253164045,53.88897257016014,0.0053394198355143875,2.8478083652690303,95.46081967213115,2.038821576287356,3.6593194654911145,0.8656828515975082,0.00958330202395962,0.3032716420403151,0.8342755446287076,0.00226181673831631,48.19097588539041,0.19117341854085543,1.426470588235294,-0.8471296926667964,0.4915819670516601,0.9965700357944601,0.2665904279578237,1.4237842255823456,1.8700351608282328,-0.744276727330604,0.46650170016806175,0.6727667354500608,Recreational Vehicles,Consumer Cyclical,LCII
2022Q4,2022,Q4,2023-02-24,2022-12-31,-17129000.0,894346000.0,-23037000.0,-0.68,146907000.0,0.1642619299,3246912000.0,1381008000.0,1390776000.0,421300000.0,1865904000.0,1029705000.0,1221279000.0,2341481150.0,3670881150.0,54.52710546057567,3.3011535722762875,0.4240641569589813,0.997024637076686,-0.004186041155840535,54.52710546057567,-0.012403259068738197,2.618093165285024,-34.17422426878393,1.6954870283155494,-1.5443400081732734,0.7258768288004817,0.011297549843610743,0.2754450998363984,0.6213173510562544,-0.00527547405042083,25.983544732228065,0.16426192994657549,-1.2833333333333334,-1.9717944847134705,0.6195547247224374,1.0962292846788346,-0.4194638298544975,-1.279010294500912,-1.2630545246931202,-1.5879213580949305,0.5678176726094962,0.7054021808477577,Recreational Vehicles,Consumer Cyclical,LCII
2022Q3,2022,Q3,2022-11-01,2022-09-30,61392000.0,1132079000.0,87575000.0,2.4,253054000.0,0.2235303367,3268971000.0,1423557000.0,1505486000.0,500121000.0,1845414000.0,1079902000.0,1265324000.0,2581852620.0,3826913620.0,55.94203638935827,3.0102435210679017,0.38803158547445055,0.8910524833217075,0.022994797496890238,55.94203638935827,0.043125775785584984,2.280629373038454,10.513799110633308,1.813662972399419,0.4349263747719573,0.8139858987204395,0.010341798673233331,0.3463105056606498,0.7185221176475293,0.018780221666083913,24.677205448028673,0.22353033666378405,-0.6039603960396039,0.8812105787855966,1.0094342473781401,1.1665936671900397,-0.38141462043340624,-0.6027179188507086,-0.5997285055464397,0.6864023517322554,0.8995773072906105,0.8012854866044152,Recreational Vehicles,Consumer Cyclical,LCII
2022Q2,2022,Q2,2022-08-02,2022-06-30,154530000.0,1536150000.0,218789000.0,6.06,409085000.0,0.2663053738,3482696000.0,1394357000.0,1697702000.0,638243000.0,2088339000.0,1155171000.0,1231089000.0,2846003440.0,4127802440.0,54.81393977513955,2.6599618013828588,0.3838368321553188,0.9587121519094465,0.053996981458324565,54.81393977513955,0.11082527645359115,1.8526858965595807,4.604289523069954,2.041086637066404,0.17279492655147868,0.9756694030580754,0.009382279594152564,0.4410807029956103,0.7395631444449842,0.044370797795730665,15.446842193818014,0.2663053738241708,-0.21400778210116736,2.7825610426047214,1.7566462356240502,1.2104056971872557,-0.11881277692932365,-0.21230904114057936,-0.188772010485686,2.198498647252227,1.4022035250380047,0.8218989965586526,Recreational Vehicles,Consumer Cyclical,LCII
2022Q1,2022,Q1,2022-05-10,2022-03-31,196181000.0,1644568000.0,269701000.0,7.71,464243000.0,0.2822887226,3640723000.0,1259252000.0,1827117000.0,741003000.0,2381471000.0,1136230000.0,1103714000.0,2629403490.0,4070196490.0,49.71581981128351,2.4657349565386375,0.4109738642571819,1.1881990260885034,0.06773010956483298,49.71581981128351,0.15579169221093156,1.598841452588157,3.35073667939301,2.0880677497434985,0.11657601908441693,1.0388081638400677,0.008697790235305423,0.45171467315695263,0.8368670572183918,0.05388517610375741,28.306941510835514,0.28228872263111043,1.3944099378881987,3.4710796883004593,2.2450060688148055,1.1185022724812261,0.5895140139557498,1.382890597480839,1.3663586989901118,4.615046721914326,1.7316772330019932,0.7163031413943282,Recreational Vehicles,Consumer Cyclical,LCII
2021Q4,2021,Q4,2022-02-25,2021-12-31,82329000.0,1213410000.0,113973000.0,3.22,292066000.0,0.2406985273,3288094000.0,1092875000.0,1566885000.0,627216000.0,2195219000.0,1095907000.0,930795000.0,3941796430.0,5355890430.0,43.215429633437466,2.4981585291191553,0.4491933624768635,1.3514720347706737,0.031532186576410104,43.215429633437466,0.07533249456708224,3.248528057293083,11.969647481446392,3.6068136154637993,0.2762817476223445,0.8407136736967644,0.005770465422030939,0.36903142063456823,0.6101215530216066,0.025038517755270988,-26.539079702143702,0.240698527290858,0.2931726907630522,2.0705853971197263,1.9540575730028205,0.9480630965171878,0.1609223272027697,0.298544187000205,0.28025026959022287,3.0531534101986986,1.2463829491160896,0.5372652068740744,Recreational Vehicles,Consumer Cyclical,LCII
2021Q3,2021,Q3,2021-11-02,2021-09-30,63401000.0,1165309000.0,89024000.0,2.49,251581000.0,0.2158920939,3088185000.0,1031140000.0,1360466000.0,684131000.0,2057045000.0,790651000.0,871600000.0,3404254180.0,4590618180.0,40.77908724195207,1.9886045216486317,0.40767602977153244,1.2209583567701767,0.027168708107880832,40.77908724195207,0.061486316116143296,2.9213317497762397,13.423503493635748,3.3014471167833657,0.3587798299711361,1.1556653947190354,0.0066819334859419925,0.3773442977023721,0.6831747136147901,0.02053018196772538,-78.37943913614072,0.2158920938566509,-0.06741573033707855,1.0771969579417442,1.7630747823241952,0.8974084870937336,-0.023407385554188292,-0.06610791144368013,-0.052754782830754826,0.8713215678367617,0.9246507330772694,0.39885252764326923,Recreational Vehicles,Consumer Cyclical,LCII
2021Q2,2021,Q2,2021-08-04,2021-06-30,67889000.0,1093720000.0,93982000.0,2.67,257611000.0,0.2355365176,2776178000.0,986176000.0,1215975000.0,550590000.0,1790002000.0,620183000.0,831328000.0,3321640499.9999995,4399907500.0,39.01784371909001,2.2084945240560128,0.42368608929254536,1.1927161074696606,0.030242568343000764,39.01784371909001,0.06884065318969433,3.0370117580367912,12.231880348804665,3.3682025317995974,0.3349438053292875,1.3481649771115944,0.0068457137369320985,0.39396609295225304,0.9371310775713325,0.02445412361887458,-1631.454076620825,0.23553651757305344,-0.08873720136518778,0.763221632499531,1.4208682558283432,0.9129200025449682,0.06549010038175675,-0.08406637884511603,-0.0734390866697558,0.435206408148349,0.5952875535034947,0.38049108367436263,Recreational Vehicles,Consumer Cyclical,LCII
2021Q1,2021,Q1,2021-05-04,2021-03-31,74120000.0,1000258000.0,101431000.0,2.93,241777000.0,0.2417146376,2500473000.0,959587000.0,1068180000.0,534988000.0,1540886000.0,535056000.0,786566000.0,3332530040.0,4189444040.0,38.08942960346128,1.9966429153551108,0.36802356994056723,0.9589886065567791,0.0379560186579802,38.08942960346128,0.07724156329754363,3.331670469018993,11.240319886670266,3.472879520043519,0.25551807879114946,1.4175731138422893,0.005683069551565092,0.40002751479420096,0.8761205858823001,0.029642391659498023,-206.8609584109249,0.24171463762349313,0.5260416666666669,1.0100184511001526,1.3070199411073247,1.00202614702723,0.22540343834894377,0.5221900478508205,0.5985217405008432,0.5630925335504043,0.5350089355580551,0.4112017765371781,Recreational Vehicles,Consumer Cyclical,LCII
2020Q4,2020,Q4,2021-02-26,2020-12-31,48693000.0,783002000.0,63453000.0,1.92,197304000.0,0.2519840307,2298031000.0,908326000.0,869801000.0,416394000.0,1389705000.0,493899000.0,731710000.0,3263526880.0,4058093880.0,36.093379957084956,2.0888893692032067,0.36831008807104865,0.931810825628684,0.027260228203540706,36.093379957084956,0.05360740527079485,4.167967489227358,16.75562647608486,3.592902636278165,0.38744788778674555,1.1858659361529382,0.005780862451483776,0.34072734440919206,0.7695740092316412,0.021189009199614802,-334.0355046059365,0.25198403069213104,-0.288888888888889,1.9246064569917458,1.2710383792905484,1.0077161202372331,-0.1089916410388414,-0.2875619997951629,-0.3280632829625237,1.7802158259172838,0.4269951200076068,0.3875667782106181,Recreational Vehicles,Consumer Cyclical,LCII
2020Q3,2020,Q3,2020-11-02,2020-09-30,68347000.0,827729000.0,94433000.0,2.7,221439000.0,0.2675259656,2110683000.0,875562000.0,795672000.0,400523000.0,1235121000.0,369160000.0,702223000.0,2674468980.0,3343609980.0,34.796995469358556,1.9865825433246032,0.34933147232436135,0.8421196899819773,0.04070895280399299,34.796995469358556,0.07806071985764572,3.2310925194115465,9.78268607254159,3.054574067855846,0.27601796713827964,1.6423502004550872,0.007053736701032889,0.392161684156266,0.9523822601947953,0.03238146135634769,27.78034090909091,0.26752596562401465,4.1923076923076925,2.8217974196959825,1.313987990806921,1.0237583487702062,0.7200214382252877,4.183300470195662,3.54398036762583,1.1180515150739752,0.48585581585210025,0.34766188160240447,Recreational Vehicles,Consumer Cyclical,LCII
2020Q2,2020,Q2,2020-08-04,2020-06-30,13186000.0,525765000.0,20782000.0,0.52,128742000.0,0.2448660523,2018274000.0,816630000.0,697291000.0,309871000.0,1201644000.0,328986000.0,653083000.0,2891747000.0,3634182000.0,32.47037773359841,2.250262205885675,0.3987104823230146,0.9853997526419553,0.009304515013666588,32.47037773359841,0.01614684740947553,5.500075128622103,54.826084483543156,3.5410736808591405,1.2398756256635826,1.2068081924458791,0.005653675788372911,0.2605022905710523,1.0708778814409867,0.006533305190474633,56.98248206825885,0.2448660523237568,-0.5357142857142857,-0.3900359518103417,0.40176090645323964,0.9905774694324709,-0.1882853630087324,-0.5326433685404409,-0.5305200379523788,-0.6735390908405114,-0.04570190617754562,0.30938787152679925,Recreational Vehicles,Consumer Cyclical,LCII
2020Q1,2020,Q1,2020-05-07,2020-03-31,28214000.0,659670000.0,44266000.0,1.12,158605000.0,0.2404308215,2051213000.0,807803000.0,769399000.0,300037000.0,1243410000.0,350514000.0,656541000.0,1675762250.0,2451841250.0,32.215473579262216,2.5643470638621237,0.42612736951257624,1.0820435180359569,0.01788726034276291,32.215473579262216,0.0349268324083966,2.540303864053239,14.848676632168425,2.0744689608728857,0.5784716807258807,1.4295149409153414,0.00973944842115879,0.32159995085834575,1.263014228245183,0.013754788020551741,45.532068525160305,0.24043082147134173,-0.01754385964912263,0.3573626949570261,0.762437098523578,1.1083379532273383,0.29492496856680983,-0.02058527441246919,0.17587993093372295,-0.35047296723804705,0.31482367096360697,0.3727733796966615,Recreational Vehicles,Consumer Cyclical,LCII
2019Q4,2019,Q4,2020-02-27,2019-12-31,28807000.0,564021000.0,37645000.0,1.14,122482000.0,0.217158581,1862595000.0,800672000.0,670791000.0,271258000.0,1061923000.0,393607000.0,644945000.0,2682749460.0,3379720460.0,31.97316508266113,2.4728892788415457,0.3931772607571694,0.9146441988729467,0.01876541366486719,31.97316508266113,0.03597852803644938,4.756470876084401,23.2820968861735,3.350622302266096,0.5651404172596938,1.1217762895476961,0.00606840118420898,0.30281462153608274,0.8675688827610615,0.015466056764889845,54.14445507386777,0.21715858097482185,-0.1971830985915493,1.3033798716655518,0.869710118895083,0.94479441598975,-0.09589364670450938,-0.1955374347231143,-0.23412609606738144,0.08499820002004985,0.3866578191512529,0.4412848259222477,Recreational Vehicles,Consumer Cyclical,LCII
2019Q3,2019,Q3,2019-11-05,2019-09-30,35809000.0,586221000.0,49153000.0,1.42,135473000.0,0.2310954401,1414813000.0,777381000.0,580596000.0,256072000.0,637432000.0,334462000.0,632725000.0,2299097350.0,2607093350.0,31.056729655227517,2.267315442531788,0.23477590324657746,0.4272859768890673,0.03156473318328826,31.056729655227517,0.046063641895029594,3.9218952408733223,16.051113895947946,2.9574910500771177,0.4542712725851043,1.347680752970442,0.0070753854768263735,0.41434521735381286,0.8200388953106938,0.025310058643792502,131.78363808322825,0.2310954401155878,-0.24867724867724866,1.2108133822118425,0.9048866514343675,0.9699915573190541,-0.08866285914175967,-0.2465545900225135,-0.251366952495545,0.18515648289459763,0.40415433122985234,0.44503730747023756,Recreational Vehicles,Consumer Cyclical,LCII
2019Q2,2019,Q2,2019-08-06,2019-06-30,47527000.0,629068000.0,65657000.0,1.89,148653000.0,0.2363067268,1330219000.0,752876000.0,538098000.0,220392000.0,577343000.0,301159000.0,613501000.0,2252660480.0,2548391480.0,30.086157289002557,2.4415496025264076,0.23369009163152835,0.4128953506287888,0.043475845729743466,30.086157289002557,0.06312726132855875,3.580949086585234,11.849372356765628,2.9920737013797756,0.3422686052138784,1.5952204649371262,0.0072212391278778055,0.47290558923004405,0.7179888562198264,0.03572870331877683,19.388398602241235,0.23630672677675546,0.3695652173913044,1.4412456983609623,0.8695565783665443,1.0050847020970644,0.12111407756007059,0.3829657219344701,0.3748717411789341,0.2467584729349489,0.40636169307906905,0.47502800237238085,Recreational Vehicles,Consumer Cyclical,LCII
2019Q1,2019,Q1,2019-05-07,2019-03-31,34366000.0,592172000.0,47755000.0,1.38,132594000.0,0.223911296,1342551000.0,721679000.0,553096000.0,215211000.0,620872000.0,324522000.0,582559000.0,1933824680.0,2274074680.0,28.966805811993257,2.570017331827834,0.26409946437788956,0.4913084626267357,0.03169070432243018,28.966805811993257,0.04761950950491839,3.26564694041596,14.067862713146715,2.679618888730308,0.4364488156899261,1.4161690116540635,0.0077561322673780336,0.4410797057244008,0.9002049151762689,0.025597537821654446,68.71423373485413,0.22391129604236606,0.7249999999999998,1.0287986267911329,0.9801026210421894,1.0392079588707632,0.2841536405369284,0.7030576341741415,0.6173332881769228,-0.057611352495561395,0.3810951813510659,0.522530088667984,Recreational Vehicles,Consumer Cyclical,LCII
2018Q4,2018,Q4,2019-02-27,2018-12-31,20179000.0,536616000.0,29527000.0,0.8,103254000.0,0.1924169238,1243893000.0,706255000.0,526651000.0,177582000.0,537638000.0,340615000.0,563496000.0,1678216400.0,1956816400.0,28.111889503642082,2.965677827707763,0.23597528083203298,0.41561192487132836,0.02161448771072718,28.111889503642082,0.028571833119765525,3.127406562607153,20.791620000991127,2.3762187878315904,0.7510778532137371,1.2722927645582256,0.009031016500613389,0.43140045003870914,0.7700104740345305,0.016222456433149797,77.29797798351066,0.19241692383380293,-0.39849624060150374,0.708077342799238,1.2367294676916845,1.1115313113544174,-0.17987942907522578,-0.40320004732047793,-0.3489515577800807,0.2140686262251433,0.5590782532176574,0.5637408797374501,Recreational Vehicles,Consumer Cyclical,LCII
2018Q3,2018,Q3,2018-11-07,2018-09-30,33812000.0,604244000.0,45353000.0,1.33,125901000.0,0.2083611918,1234219000.0,735646000.0,556704000.0,182707000.0,498573000.0,325819000.0,558742000.0,2079868700.0,2305122700.0,29.151812958192988,3.0469768536509276,0.19729399725656468,0.3310070332741563,0.03589323298223322,29.151812958192988,0.045962324270097304,3.4421007076611434,15.378184520288656,2.8272684144275915,0.4474446941914113,1.4681249405344685,0.007274016864622271,0.48957599907309807,0.9906462259245677,0.027395462231581267,-223.16187768240343,0.20836119183641047,-0.2849462365591398,1.1223671068450989,1.2384869538724619,0.9904303103466275,-0.16320386026479503,-0.2840081314585804,-0.29233241792535264,0.8852151256495151,0.6843297713049166,0.6954401970676255,Recreational Vehicles,Consumer Cyclical,LCII
2018Q2,2018,Q2,2018-08-07,2018-06-30,47224000.0,684455000.0,64088000.0,1.86,150456000.0,0.2198186879,1204813000.0,713179000.0,548954000.0,203366000.0,491634000.0,323893000.0,540411000.0,2274754950.0,2472230950.0,28.263741925256607,2.6993401060157547,0.17872234114339736,0.30192560353010955,0.05221260393024993,28.263741925256607,0.0662161953731111,3.323454354194213,12.04236696383195,3.189598894527181,0.32032441131627987,1.6486895363592298,0.006649947063528755,0.5681006098041771,0.8905126717347049,0.03919612421180714,40.98879128601546,0.219818687861145,0.0,1.7439878710500079,1.1970101125821226,1.0219866734842822,0.06908827353925519,-0.0023660638837248605,0.07134737545971247,1.1773238940887307,0.818847443693126,0.7326921275712179,Recreational Vehicles,Consumer Cyclical,LCII
2018Q1,2018,Q1,2018-05-10,2018-03-31,47336000.0,650492000.0,59820000.0,1.86,140733000.0,0.2163485485,1178890000.0,678791000.0,545077000.0,207424000.0,500099000.0,323945000.0,508665000.0,2619268350.0,2840517350.0,26.99077498111257,2.6278395942610304,0.19191103495661171,0.33330141383724887,0.05328376436573001,26.99077498111257,0.06973575076864602,4.026595792108127,13.83338447481832,3.8587258080911506,0.2927581544701707,1.5735973699239068,0.005290790460626151,0.5517834573200214,0.8838417926565875,0.04015302530346343,-84.20189507184878,0.21634854848330187,1.7352941176470589,4.174761441398372,1.3570059630353688,1.064861658480081,0.20497803806734993,1.7104901511681172,0.35385311757383725,1.2706124989804946,0.7328025267917282,0.7664081559964996,Recreational Vehicles,Consumer Cyclical,LCII
2017Q4,2017,Q4,2018-02-28,2017-12-31,17464000.0,547137000.0,44185000.0,0.68,116793000.0,0.2134620762,945858000.0,652745000.0,417079000.0,182013000.0,293113000.0,274748000.0,475506000.0,3262220000.0,3286095000.0,26.011994899179086,2.2914791800585674,0.05278170719071996,0.07648315957992784,0.025009462092351623,26.011994899179086,0.026754705129874608,5.962345811012598,46.699209803023365,4.997694352312159,0.7851007787448465,1.5663225937950414,0.004202966078314767,0.5784557512861339,0.5944959975386374,0.018463659449938573,168.6337554923753,0.21346207622588126,-0.4603174603174603,2.3311408156963114,1.4731117879719209,1.0784338445712516,-0.03652037617554859,-0.45659344078660774,-0.0780770755524026,0.3935109157955549,0.809981794571898,0.5822012709061115,Recreational Vehicles,Consumer Cyclical,LCII
2017Q3,2017,Q3,2017-11-07,2017-09-30,32138000.0,554814000.0,47927000.0,1.26,121220000.0,0.2184876373,955776000.0,647056000.0,434053000.0,197997000.0,308720000.0,229763000.0,472154000.0,2903201000.0,2933357000.0,25.82027134876297,2.192220084142689,0.05222771862863265,0.07714633663855988,0.04641192743492522,25.82027134876297,0.04966803491506145,5.2327464699881405,22.58386489513971,4.486784760515318,0.3876719148671355,1.8871358747927212,0.004291470001560347,0.5804853856970671,0.8025677156724597,0.03362503348064819,-487.8509494202655,0.21848763729826573,-0.2075471698113208,1.9613900296028863,1.207163455894504,0.8341323109054412,-0.07527062180078879,-0.19929242344968484,-0.23973667512690355,0.981873230486502,0.8007453892790101,0.637832351616852,Recreational Vehicles,Consumer Cyclical,LCII
2017Q2,2017,Q2,2017-08-08,2017-06-30,40137000.0,547483000.0,63040000.0,1.59,131087000.0,0.239435745,924650000.0,619755000.0,415087000.0,195050000.0,304895000.0,202635000.0,452877000.0,2559180800.0,2571130800.0,24.798135403329066,2.1281056139451424,0.053978262045098147,0.08053343659994676,0.060332064906272256,24.798135403329066,0.06476268848173874,4.674447973727038,15.940284525500163,4.129342724140991,0.3100630341081795,2.054906605472895,0.004862884247959346,0.592097550424485,0.8637528838759293,0.04340777591521116,58.51963779383518,0.23943574503683218,-0.07017543859649117,2.0885342551160613,0.9650016606906154,0.8315122244353385,0.05703388327124357,-0.06971839147062232,0.06614351671768506,1.064294792831934,0.6291736475911708,0.652665757880679,Recreational Vehicles,Consumer Cyclical,LCII
2017Q1,2017,Q1,2017-05-09,2017-03-31,43145000.0,498336000.0,59129000.0,1.71,124014000.0,0.2488561934,852801000.0,584480000.0,421965000.0,171245000.0,268321000.0,189020000.0,425584000.0,2485618800.0,2471142800.0,23.467437565245323,2.464101141639172,0.05851892762789912,0.08538358883109773,0.06851713471036869,23.467437565245323,0.07381775253216534,4.987837121941823,14.40270483254143,4.25270120448946,0.2883764051454398,1.9803301237964237,0.005005594582725236,0.5843520352344802,1.1415749364944963,0.050592107654658006,231.521870342772,0.24885619341167406,0.6285714285714284,2.4973533230538765,1.0086361593338447,0.8104062626604408,0.26534568606644354,0.6405566751587513,0.45652281012907675,1.5478854936531163,0.6668693784243328,0.6520629084183445,Recreational Vehicles,Consumer Cyclical,LCII
2016Q4,2016,Q4,2017-02-28,2016-12-31,26299000.0,402899000.0,40596000.0,1.05,98008000.0,0.2432569949,786904000.0,550269000.0,367394000.0,149351000.0,236635000.0,188743000.0,395279000.0,2672738750.0,2636517750.0,22.183793590002015,2.4599366592791476,0.06347534133769812,0.09077196789206733,0.04424406295526321,22.183793590002015,0.04779298852016014,6.633768636804757,25.40722793642344,4.85714941237831,0.46994182288299935,1.6153764642927155,0.0046240957893845785,0.5120052763742464,0.9611184391132299,0.03342084930309161,161.44601328903656,0.24325699492925026,-0.11764705882352934,4.8203710862536,1.2840021785708366,0.7953691930169393,-0.0714542870677404,-0.11878434526202922,-0.10062475076432274,1.2546513486789443,0.7008981083942165,0.6662620548449442,Recreational Vehicles,Consumer Cyclical,LCII
2016Q3,2016,Q3,2016-11-08,2016-09-30,29844000.0,412370000.0,45138000.0,1.19,105550000.0,0.2559594539,774518000.0,531368000.0,374570000.0,153414000.0,243150000.0,161312000.0,381723000.0,2423446405.828,2378326405.828,21.491991587121824,2.441563351454235,0.06447881133814837,0.09398383041507957,0.051793785070751254,21.491991587121824,0.0561644660574216,5.876873695535563,20.300951663885538,4.560768442638624,0.24698431845597105,1.9020283673874232,0.003041536211518409,0.5324214543754955,1.2038405882122882,0.03853235173359431,109.46503481765211,0.25595945388849817,-0.21192052980132453,3.7847360109209522,1.2286409374258231,0.7485795171681926,-0.09712242523780196,-0.20562165615267908,-0.2399474641341685,0.9120148076097503,0.55924319686004,0.46743228443702484,Recreational Vehicles,Consumer Cyclical,LCII
2016Q2,2016,Q2,2016-08-09,2016-06-30,37569000.0,440831000.0,59388000.0,1.51,116904000.0,0.2651900615,757819000.0,503031000.0,355691000.0,166574000.0,254788000.0,149163000.0,359510000.0,2092323981.352,2063693981.352,20.397007541967398,2.1353332452843783,0.06588644518018155,0.09925829620838478,0.06841729250473753,20.397007541967398,0.07468525796620884,4.746317707584086,13.923207839921213,4.159433476966629,0.0,2.171631034505876,0.0,0.5817101445068018,1.086093868190714,0.04957516240685441,25.269002938962828,0.26519006149748997,0.04137931034482763,2.093947377850869,1.1396318059343613,0.6973117431904984,0.0780424378233325,0.04477321393809616,0.06567614125753661,1.2335189767548205,0.4477710131831692,0.45920089200793374,Recreational Vehicles,Consumer Cyclical,LCII
2016Q1,2016,Q1,2016-05-10,2016-03-31,35959000.0,422798000.0,55728000.0,1.45,108441000.0,0.2564841839,709042000.0,467398000.0,321204000.0,155390000.0,241644000.0,165184000.0,329821000.0,1583588795.4329998,1605591795.4329998,19.025440631741766,2.0670828238625396,0.07040485612982024,0.10680405136521764,0.07010927398870452,19.025440631741766,0.07693443275324242,3.74549736619615,11.009683218617036,3.3880949328687757,0.0,1.9030717260751646,0.0,0.5962947187895781,0.853413990604286,0.050714908284699635,42.5238666872449,0.25648418393653705,1.2307692307692306,2.4646005580259334,1.264894461925545,0.6551667021537768,0.4771160814013676,1.2279429987608426,1.3602558129685316,3.024157573044733,0.5682678549741224,0.45549369826035596,Recreational Vehicles,Consumer Cyclical,LCII
2015Q4,2015,Q4,2016-02-29,2015-12-31,16140000.0,334228000.0,23611000.0,0.65,73414000.0,0.2196524528,622946000.0,438575000.0,268442000.0,98862000.0,184371000.0,170834000.0,301206000.0,1485472415.604,1523167415.604,17.977332349565504,2.715320345532156,0.08026377888292083,0.11400558627372741,0.03372911370767995,17.977332349565504,0.036801003249159206,4.4444882403748345,23.00917620204461,3.3870430726876815,0.0,1.5267101396677476,0.0,0.5365280457696173,0.5443345269163076,0.025909147823406843,34.47691629773012,0.21965245281664014,-0.07142857142857134,3.6934009972114024,1.8662358891873776,0.6406801452195069,-0.009591905564924114,-0.06505242425997798,-0.1310220455632844,2.166679192688397,0.5539668923480202,0.4364410009791965,Recreational Vehicles,Consumer Cyclical,LCII
2015Q3,2015,Q3,2015-11-09,2015-09-30,17263000.0,345296000.0,27171000.0,0.7,74125000.0,0.2146708911,669389000.0,417631000.0,306218000.0,128656000.0,251758000.0,178847000.0,285066000.0,1326422314.289,1410999314.289,17.194244308123018,2.380129958960328,0.13718331194566985,0.21988070808919835,0.03464353387845373,17.194244308123018,0.04133553304232684,3.8414065447876604,19.209035426765336,3.1760628743771413,0.0,1.5162177727331183,0.0,0.5158375772532862,0.7122326203208557,0.025789189843274985,1059.4427430423323,0.21467089106158194,-0.17647058823529416,0.9704104449924429,1.1424960464567089,0.40128690124278815,-0.09669753838654643,-0.1727921797882026,-0.19215674614972944,0.6412111763433851,0.417261744877704,0.22138604281714075,Recreational Vehicles,Consumer Cyclical,LCII
2015Q2,2015,Q2,2015-08-07,2015-06-30,20869000.0,362085000.0,33634000.0,0.85,82060000.0,0.2266318682,633633000.0,396040000.0,284181000.0,130257000.0,237593000.0,163448000.0,267803000.0,1408667580.0,1476885580.0,16.312039210840645,2.181694649807688,0.12625605042666654,0.201999798000202,0.04465527786873931,16.312039210840645,0.052694172305827694,3.8904334065205686,16.8751207532704,3.5568820826179173,2.310939671282764,1.7132360139004454,0.034235898294755956,0.5714427752342445,0.6501301273635965,0.0329354689544263,60.84694311260853,0.22663186820774128,0.03658536585365857,0.9822865288120401,0.9014285433831682,0.3723439140437442,0.07404159522531838,0.039655258307178795,0.056410578553929266,0.6530248034912105,0.33774406927902506,0.2047558711253952,Recreational Vehicles,Consumer Cyclical,LCII
2015Q1,2015,Q1,2015-05-11,2015-03-31,20073000.0,361457000.0,31838000.0,0.82,76403000.0,0.2113750737,629174000.0,370006000.0,294607000.0,180938000.0,259168000.0,138276000.0,248760000.0,1490191124.215,1512264124.215,15.28003303737353,1.628220716488521,0.07946927241112951,0.1351329437901007,0.04807757744219024,15.28003303737353,0.054250471613973825,4.122734168144482,18.5596463435336,4.027478268501051,0.0,2.0614857242037665,0.0,0.5744944959581928,0.6506372348539279,0.03190373410217205,-1020.6788522020547,0.21137507366021407,0.673469387755102,1.5001952464593475,1.2563469064082058,0.3376610694024231,0.3350632557489341,0.6733077692564188,0.8487892689158586,0.6735582426738637,0.4984945396678137,0.1787851753140604,Recreational Vehicles,Consumer Cyclical,LCII
2014Q4,2014,Q4,2015-03-02,2014-12-31,11996000.0,289351000.0,17221000.0,0.49,57228000.0,0.1977805503,543841000.0,394898000.0,207636000.0,107185000.0,148943000.0,132492000.0,276914000.0,1226701400.0,1242347400.0,16.44038301415487,1.9371740448756822,0.028776793217135156,0.039630486859898,0.02940045012437734,16.44038301415487,0.03037746456046878,4.239492519465977,25.564800766922307,3.1063753171705097,0.0,1.7519774778854573,0.0,0.5320507280620622,0.35444325232075385,0.022057917663434717,44.39744480636989,0.19778055026594,-0.23437500000000003,2.801004787103493,1.5455946162790357,0.48850068770395505,-0.08410287598226718,-0.22546487603305784,-0.2535650817043041,1.741663339910805,0.6939147132312585,0.33054597110547435,Recreational Vehicles,Consumer Cyclical,LCII
2014Q3,2014,Q3,2014-11-07,2014-09-30,15488000.0,294271000.0,23071000.0,0.64,62483000.0,0.2123314904,549409000.0,377333000.0,222592000.0,106540000.0,172076000.0,127078000.0,264918000.0,1009817626.065,1049813626.065,15.764904950908711,2.08928102121269,0.07280550555232987,0.10600716078371095,0.03732215283348423,15.764904950908711,0.04104597265545287,3.4315906972314636,16.300000420728953,2.676197486212444,0.0,1.8239821212168905,0.0,0.5356137231097415,0.6058475689881735,0.028190291749862123,-1061.8481872397476,0.2123314903609258,-0.16883116883116883,0.9664605271213885,1.2076824839832205,0.4379540513134822,-0.13232516802755095,-0.16811687614136855,-0.2085148718652441,1.5649658844605427,0.642804217608561,0.2826261249692787,Recreational Vehicles,Consumer Cyclical,LCII
2014Q2,2014,Q2,2014-08-08,2014-06-30,18618000.0,321783000.0,29149000.0,0.77,72012000.0,0.2237905669,515632000.0,359083000.0,208179000.0,108755000.0,156549000.0,108357000.0,249430000.0,1196789262.138,1219073262.138,15.004930842839832,1.9142016459013378,0.043224625314177555,0.06206921519537266,0.04894285473048224,15.004930842839832,0.051848736921547386,3.7192432854998554,16.070325251611347,3.3329042648579854,0.0,2.305074891331432,0.0,0.6240555279734384,0.6616523378235484,0.03610714618177305,68.7928529136058,0.22379056693485982,0.14925373134328354,5.599494477765987,1.8991011543957006,0.4333979994380433,0.13943037974683545,0.151818856718634,0.11913537587345466,0.5800970425632608,0.6095240143995859,0.2486167528698586,Recreational Vehicles,Consumer Cyclical,LCII
2014Q1,2014,Q1,2014-05-09,2014-03-31,16164000.0,285377000.0,26046000.0,0.67,63200000.0,0.2214614352,477326000.0,337708000.0,202880000.0,104593000.0,139618000.0,99017000.0,230812000.0,1288550823.774,1292418823.774,14.204929755194751,1.939709158356678,0.020950042528586333,0.02961138024565601,0.04670245152487542,14.204929755194751,0.04786383502907837,4.515258145449703,19.92933097893467,3.81557684086252,2.8895075476367236,2.243826817617177,0.03624692106688048,0.5978660286680382,0.7829873892134273,0.03386364874320695,62.899093223372056,0.22146143522428227,0.4565217391304348,1.4009353156478863,2.658134054541036,0.3753183770692362,0.3177922809066077,0.45923986638981673,0.6105614642592134,0.6093269144140239,0.579733693795983,0.23579407133443558,Recreational Vehicles,Consumer Cyclical,LCII
2013Q4,2013,Q4,2014-02-28,2013-12-31,11077000.0,224947000.0,16172000.0,0.46,47959000.0,0.2132013319,453184000.0,313613000.0,225530000.0,118191000.0,139571000.0,101211000.0,216459000.0,1206067223.556,1139787223.556,13.313508235693666,1.9081825181274379,0.0,0.0,0.035478557631252336,13.313508235693666,0.035320602143406044,5.361561717008896,27.220078169991876,3.8457182054187804,0.0,1.7487032041971722,0.0,0.49637012780680695,0.8232014281967324,0.024442610506990536,83.228709099165,0.21320133186928478,-0.2580645161290322,2.10504112085157,1.6995322618221802,0.11305038954688319,-0.1455118839753412,-0.251806822019588,-0.29163381515549713,2.335979442049131,0.9978661290834252,0.2150417092359599,Recreational Vehicles,Consumer Cyclical,LCII
2013Q3,2013,Q3,2013-11-08,2013-09-30,14805000.0,250851000.0,22830000.0,0.62,56126000.0,0.2237423809,449696000.0,343463000.0,222330000.0,85142000.0,106233000.0,96164000.0,252088000.0,1067958563.451,1015085563.451,14.645985245831735,2.611284677362524,0.0,0.0,0.043249053805137445,14.645985245831735,0.04310507973202354,4.257342260748413,18.033748116362716,3.109384601692176,0.0,2.0249261677966808,0.0,0.5578235074361346,1.2649103850038759,0.032922240802675584,53.14019821122555,0.22374238093529625,-0.07462686567164185,4.2837746560950425,0.8679874406857963,0.1907465667346255,-0.0863867953705663,-0.06681374093917428,-0.1119495876769877,0.7502380067317256,0.6121022593887858,0.19361031011310154,Recreational Vehicles,Consumer Cyclical,LCII
2013Q2,2013,Q2,2013-08-08,2013-06-30,15865000.0,287192000.0,25708000.0,0.67,61433000.0,0.2139091618,437749000.0,325147000.0,212086000.0,90868000.0,112602000.0,99777000.0,237283000.0,923461723.261,891584723.261,13.9782038605391,2.3340009684377336,0.0,0.0,0.048955178653101165,13.9782038605391,0.04879331502366622,3.215485540199588,14.551870836132997,2.8401360715645536,0.0,2.262635677560961,0.0,0.6560654621712443,1.0057666065061408,0.036242230136448055,36.23692211823105,0.21390916181509234,0.8611111111111113,0.6268096262411611,0.7979666884078571,0.14647035858000754,0.29085331260112207,0.8950071667462972,0.8919634972034147,0.572922340382315,0.5741431619688764,0.17599662122716345,Recreational Vehicles,Consumer Cyclical,LCII
2013Q1,2013,Q1,2013-05-09,2013-03-31,8372000.0,252586000.0,13588000.0,0.36,47591000.0,0.1884150349,411570000.0,300866000.0,188446000.0,89582000.0,110704000.0,110207000.0,221418000.0,829993043.017,825958043.017,13.071468914280748,2.1036145654260903,0.0,0.0,0.028070105828781278,13.071468914280748,0.02782634129479569,3.2859819745235286,24.784789865533924,2.758680086872561,0.0,1.8600905568611794,0.0,0.6137133415943825,0.6506217766962112,0.020341618679689966,-83.08238668838838,0.18841503487920946,0.7142857142857143,-0.12057356932441385,0.5179530340855908,0.10010405082740971,0.32672632488639847,0.7643835616438356,0.9856787958497735,0.09705049030591213,0.6588009033747906,0.1443165760028245,Recreational Vehicles,Consumer Cyclical,LCII
2012Q4,2012,Q4,2013-03-12,2012-12-31,4745000.0,200234000.0,6843000.0,0.21,35871000.0,0.1791453999,373868000.0,284245000.0,154023000.0,69780000.0,89623000.0,97367000.0,213046000.0,732462000.0,722523000.0,12.515190207819655,2.2072656921754086,0.0,0.0,0.016900808323358576,12.515190207819655,0.01669334552938486,3.6580301047774104,38.591253951527925,2.576868546500378,0.0,1.6880770692329023,0.0,0.5355740528742765,0.4555030094582975,0.012691645179582099,40.498838880902355,0.1791453998821379,-0.5116279069767442,-0.29057942856155555,0.4082667205375109,0.09530801648647459,-0.13651244523614656,-0.5143792856411831,-0.5422130050842923,0.5900683744324672,0.8630293762837393,0.13311649826200778,Recreational Vehicles,Consumer Cyclical,LCII
2012Q3,2012,Q3,2012-11-09,2012-09-30,9771000.0,226323000.0,14948000.0,0.43,41542000.0,0.1835518264,418469000.0,317634000.0,202688000.0,80466000.0,100835000.0,98393000.0,254721000.0,687268957.437,654684957.437,14.07764924877011,2.5189272487758805,0.0,0.0,0.031002406180665937,14.07764924877011,0.030761820208164113,3.0366730621147653,17.584406852855388,2.163713448298986,0.0,1.8779892878558435,0.0,0.540835760832941,1.0315536996992518,0.0233493998360691,-53.567338849337496,0.1835518263720435,-0.17307692307692313,-0.14672818918489658,0.26886420807046774,0.2646397169412706,-0.10514184779096568,-0.1654424325247694,-0.21193589202867988,0.3160291074637233,0.8011688456547337,0.2840554911859676,Recreational Vehicles,Consumer Cyclical,LCII
2012Q2,2012,Q2,2012-08-09,2012-06-30,11708000.0,251014000.0,18968000.0,0.52,46423000.0,0.1849418758,419202000.0,304860000.0,204583000.0,93037000.0,114342000.0,91413000.0,244950000.0,627070600.0,584556600.0,13.539705098596553,2.1989423562668615,0.0,0.0,0.038518232495945826,13.539705098596553,0.03840451354720199,2.498149903989419,13.389789033139733,2.0569133372695667,0.0,2.238095238095238,0.0,0.5987900821083869,1.0040521512946463,0.027929256062709625,16.53187630170573,0.1849418757519501,0.06122448979591842,-0.09546812316152599,0.32070283380063297,0.28397807515680057,0.03569595966356558,0.053256567110471394,0.09180912910838658,3.4109279549705014,1.403631150511411,0.2934272343261436,Recreational Vehicles,Consumer Cyclical,LCII
2012Q1,2012,Q1,2012-05-09,2012-03-31,11116000.0,223552000.0,17373000.0,0.49,44823000.0,0.2005036859,380264000.0,290905000.0,165401000.0,67785000.0,89359000.0,88630000.0,233242000.0,612890997.558,609349997.558,12.962525621602353,2.4400826141476726,0.0,0.0,0.03837524606556333,12.962525621602353,0.038211787353259655,2.741603732277054,13.783982492758188,2.106842431577319,0.0,2.016574523299109,0.0,0.5878863105631876,0.9010253005827248,0.029232322807312815,-242.82527637004753,0.2005036859433152,1.7222222222222223,0.1251009113361399,0.25455387763726167,0.30684241970015896,0.6133827658195954,1.7191780821917808,1.9485743380855398,1.2920886682791548,2.035707392476671,0.2550290644063887,Recreational Vehicles,Consumer Cyclical,LCII
2011Q4,2011,Q4,2012-03-14,2011-12-31,4088000.0,159596000.0,5892000.0,0.18,27782000.0,0.1740770445,351083000.0,277296000.0,137568000.0,51911000.0,73787000.0,92052000.0,222126000.0,550502282.4419999,543918282.4419999,12.356117993048748,2.6500741653984705,0.0,0.0,0.014983963967681709,12.356117993048748,0.014742369165079915,3.449348871162184,33.665746235445205,1.9852514368833303,0.0,1.431951505670708,0.0,0.4545819649484595,0.5625782589431912,0.011643970229262026,39.445563373602745,0.1740770445374571,-0.28,0.08701185277604492,0.12200697444005097,0.31354010975066776,-0.13183963001156213,-0.27246841074924366,-0.35977398674345323,1.4280624751500817,1.0103436681289055,0.03300960963679445,Recreational Vehicles,Consumer Cyclical,LCII
2011Q3,2011,Q3,2011-11-08,2011-09-30,5619000.0,166689000.0,9203000.0,0.25,32001000.0,0.1919802746,371359000.0,273760000.0,160304000.0,69519000.0,97599000.0,97765000.0,218038000.0,445014540.0,451617540.0,12.291114802675885,2.3059019836303745,0.021744457519543084,0.029496639392168324,0.020107619366329908,12.291114802675885,0.020525277615429573,2.669729496247503,19.79954351308062,1.6255645090590298,0.0,1.377670945634941,0.0,0.44886215225698045,0.624821991110344,0.015130911059109919,-341.0073103448276,0.1919802746431978,-0.4897959183673469,-0.21392522439692221,-0.10500217997598704,0.3348831364206109,-0.23914025535557193,-0.4875512995896033,-0.4861529871580123,1.1114342273989548,0.3069160939283285,-0.0007088968772002161,Recreational Vehicles,Consumer Cyclical,LCII
2011Q2,2011,Q2,2011-08-08,2011-06-30,10965000.0,186048000.0,17910000.0,0.49,42059000.0,0.2260653165,354381000.0,267624000.0,182686000.0,66478000.0,86757000.0,83556000.0,212419000.0,550514377.73,513740377.73,12.017242927705434,2.748067029694034,0.0,0.0,0.041111684781367654,12.017242927705434,0.040971661734373596,2.958991108369883,12.551627399224808,2.0570441280677367,0.0,1.7232634400880846,0.0,0.5249942858110339,1.2158007160263546,0.030941275068358632,-6553.74259202381,0.2260653164774682,0.16666666666666669,0.039065898358603315,-0.10694587853684974,0.36085287681452627,0.11035138203226062,0.16810482582294664,0.15228720324261724,0.17439300932809468,0.21658504370993903,-0.014364581749764795,Recreational Vehicles,Consumer Cyclical,LCII
2011Q1,2011,Q1,2011-05-09,2011-03-31,9387000.0,168833000.0,15543000.0,0.42,37879000.0,0.2243577974,342990000.0,255398000.0,174275000.0,68100000.0,87592000.0,77612000.0,201454000.0,496150269.99999994,459422269.99999994,11.494576713623475,2.5591042584434653,0.0,0.0,0.03689206483128716,11.494576713623475,0.03675439901643709,2.9387043409759936,13.213760253542132,1.9426552674648978,0.0,1.6872906251610575,0.0,0.4922388407825301,1.1743318649045522,0.027368144843873,-9361.325849056602,0.22435779735004413,1.9999999999999996,-0.10714889964777369,-0.21386388144734794,0.37993273540469175,0.6408490361706736,1.9971264367816093,2.378178656813736,0.021459897517100483,0.05106749508009857,-0.032608309890212676,Recreational Vehicles,Consumer Cyclical,LCII
2010Q4,2010,Q4,2011-03-11,2010-12-31,3132000.0,106203000.0,4601000.0,0.14,23085000.0,0.2173667411,306781000.0,243459000.0,142865000.0,45074000.0,63322000.0,69328000.0,192067000.0,504815657.781,465935657.781,10.957243800351051,3.1695656032302435,0.0,0.0,0.01300592715724567,10.957243800351051,0.012864589109459909,4.753308831021723,40.29499184075671,2.0735140528014986,0.0,1.1989095315024232,0.0,0.3461850636121533,1.2594622176864712,0.010209237208301688,26.288374617559757,0.21736674105251264,-0.611111111111111,-0.6744384457485466,-0.4297900175618059,0.4090768953495109,-0.2756056231956822,-0.6076171385617639,-0.6376880069296795,-0.5213476615839977,-0.23648996666102767,-0.04104078533121292,Recreational Vehicles,Consumer Cyclical,LCII
2010Q3,2010,Q3,2010-11-09,2010-09-30,7982000.0,146833000.0,12699000.0,0.36,31868000.0,0.21703568,345557000.0,271530000.0,178686000.0,57458000.0,74027000.0,74121000.0,222332000.0,461610962.129,420397962.129,12.270324009218673,3.1098541543388216,0.0,0.0,0.0294613427130249,12.270324009218673,0.029396383456708284,3.1437821343226657,14.457872780286896,1.7000366888704748,0.0,1.5510449130475843,0.0,0.4249168733378285,1.5408646315569634,0.02309893881472521,-856.4210800166976,0.21703567999019294,-0.16279069767441862,-0.2223524615361934,-0.1802539036189275,0.6925027396991195,-0.15149901485702114,-0.16784820683903254,-0.21644968223607083,-0.28928552123368534,-0.16064596501034725,0.10228197958204312,Recreational Vehicles,Consumer Cyclical,LCII
2010Q2,2010,Q2,2010-08-06,2010-06-30,9592000.0,173502000.0,16207000.0,0.43,37558000.0,0.2164701271,350654000.0,262936000.0,183664000.0,71507000.0,87718000.0,69175000.0,214350000.0,446844222.121,399771222.121,11.886261923059536,2.5684758135567147,0.0,0.0,0.037453262283396405,11.886261923059536,0.03648036023975416,2.5754413327857892,11.646273512327982,1.699441012721727,0.0,1.9652186483556198,0.0,0.49479543937898895,1.3891367278727957,0.027354600261226165,77.32206646842015,0.2164701271455084,0.3030303030303029,0.04566277920346994,0.004861304002322344,0.7528646430111169,0.11583826019786685,0.3089519650655022,0.3040714515609913,-0.2457126625087255,-0.07082367657464594,0.12718110133443694,Recreational Vehicles,Consumer Cyclical,LCII
2010Q1,2010,Q1,2010-05-10,2010-03-31,7328000.0,146217000.0,12428000.0,0.33,33659000.0,0.2301989509,330532000.0,252470000.0,162590000.0,58979000.0,78062000.0,61813000.0,204758000.0,486686040.0,444953040.0,11.422948149488734,2.7567439258040998,0.0,0.0,0.02956282309409489,11.422948149488734,0.029025230720481642,3.328518845277909,16.603644923580788,1.9276984988315442,0.0,1.8209438144079724,0.0,0.44236866627134436,1.4638769731599384,0.022170319363934505,65.13464132762313,0.23019895087438533,1.5384615384615385,0.18153062262161523,-0.11279492119531123,0.828299779496216,0.38190253315268713,1.5234159779614325,1.4006181186015068,-0.24689005521749818,-0.16682043438474245,0.15162690015512562,Recreational Vehicles,Consumer Cyclical,LCII
2009Q4,2009,Q4,2010-03-11,2009-12-31,2904000.0,104591000.0,5177000.0,0.13,24357000.0,0.232878546,288065000.0,244115000.0,149451000.0,35707000.0,43950000.0,57757000.0,197430000.0,456406299.99999994,404041299.99999994,11.044928060808976,4.185481838295012,0.0,0.0,0.012312227270982518,11.044928060808976,0.011896032607582492,4.363724412234322,39.291175964187325,1.8696364418409355,0.0,1.3891649497030663,0.0,0.36308124902365785,2.1816730613045063,0.010081058094527277,26.864812525751955,0.23287854595519691,-0.6060606060606061,-0.21089358861752144,-0.25882643350355394,0.8756938398309367,-0.12929863444627154,-0.596049520100153,-0.5423848669672059,-0.21593875469027166,-0.25338303663989276,0.17415162475342788,Recreational Vehicles,Consumer Cyclical,LCII
2009Q3,2009,Q3,2009-11-09,2009-09-30,7189000.0,121666000.0,11313000.0,0.33,27974000.0,0.2299245475,289265000.0,239518000.0,147490000.0,41088000.0,49747000.0,57184000.0,194526000.0,473861451.84699994,428929451.84699994,10.963427472879571,3.58961253894081,0.0,0.0,0.030496984368581455,10.963427472879571,0.03001444567840413,3.894773000238357,16.478698422833492,1.9783959946517589,0.0,1.6384303301622831,0.0,0.4206039444799751,1.817051207165109,0.02485264376955387,26.45054154881384,0.2299245475317673,1.7500000000000002,-0.09821290975632191,-0.2294772443348963,0.9196205850172282,0.36106651097163434,1.8125978090766823,1.698068208919628,0.025321868529125543,-0.3340046840281533,0.1906889396014125,Recreational Vehicles,Consumer Cyclical,LCII
2009Q2,2009,Q2,2009-08-07,2009-06-30,2556000.0,100563000.0,4193000.0,0.12,20553000.0,0.2043793443,270528000.0,226969000.0,124581000.0,33499000.0,43559000.0,58833000.0,187337000.0,263869940.0,240138940.0,10.468084125080711,3.718946834233858,0.004391412349183818,0.005234194978168825,0.011867961376905562,10.468084125080711,0.011261449801514745,2.6239266927199867,25.808875195618153,1.1625814097960516,0.0,1.359951047881291,0.0,0.37172861958836056,1.465148213379504,0.00944819020581973,15.164067582322854,0.20437934429163807,1.0705882352941176,-0.7029063693335295,-0.32756300194994986,0.9637575943581665,2.527806385169928,1.0696419813634135,1.3735744832501782,-0.7512195883251128,-0.504193893864638,0.18542351869328416,Recreational Vehicles,Consumer Cyclical,LCII
2009Q1,2009,Q1,2009-05-08,2009-03-31,-36702000.0,71019000.0,-11224000.0,-1.7,5826000.0,0.0820343852,274602000.0,223539000.0,125035000.0,41851000.0,51063000.0,75098000.0,184781000.0,187861240.0,179962240.0,10.328466478769117,2.987622756923371,0.02340478219386603,0.028751135148676516,-0.03172503549485491,10.328466478769117,-0.1641861151745333,2.6452250806122306,-1.2796389842515394,0.8403958146005842,0.0,0.8681056752510053,0.0,0.2586252103043678,0.7518816754677308,-0.13365525378547863,23.94967363590005,0.08203438516453343,-2.953488372093023,-6.7988573469210625,-0.3775810343753601,1.1028863664816395,-0.36265178864456843,-2.9850162866449512,0.2574755226250331,-4.583843204331081,-0.6605138860764277,0.23994030886680992,Recreational Vehicles,Consumer Cyclical,LCII
2008Q4,2008,Q4,2009-03-12,2008-12-31,-9210000.0,76561000.0,-15116000.0,-0.43,9141000.0,0.1193949922,311358000.0,258878000.0,127095000.0,42717000.0,52480000.0,93934000.0,221483000.0,259716000.0,259707000.0,11.96128078362519,2.9752791628625608,0.027887512124307068,0.03354089571149344,-0.033807017998100715,11.96128078362519,-0.03557660365114069,3.392275440498426,-7.049837133550488,1.0032370460216782,0.0,0.7177379862456619,0.0,0.2458937942818235,0.38872111805604326,-0.029580097508334458,35.87237569060773,0.11939499222841916,-4.583333333333334,-3.061312143575486,-0.164680752237438,1.6169652147446438,-0.6340965495156513,-4.551870420362515,-4.336865342163356,-1.9828291740559514,-0.577999779261922,0.5381937919875766,Recreational Vehicles,Consumer Cyclical,LCII
2008Q3,2008,Q3,2008-11-10,2008-09-30,2593000.0,124274000.0,4530000.0,0.12,24982000.0,0.2010235447,345561000.0,266931000.0,152255000.0,67655000.0,78630000.0,107272000.0,230693000.0,371321241.702,379248241.702,12.299834116671274,2.250461902298426,0.04951947702431698,0.06410645447699967,0.00982978719376731,12.299834116671274,0.00971412087768,2.9879237950174615,35.80035110894717,1.3910757525427921,0.0,0.9256096651502722,0.0,0.35962970358344837,0.4886408986771118,0.00750374029476706,169.70806293510057,0.20102354474789577,-0.7142857142857143,-0.6326588761036241,0.20573028063615054,1.8351362119688797,-0.3525127646891118,-0.7178454842219805,-0.7078738634165216,-0.7424060702341498,-0.2925463494466026,0.6965732057825594,Recreational Vehicles,Consumer Cyclical,LCII
2008Q2,2008,Q2,2008-08-08,2008-06-30,9190000.0,150523000.0,15507000.0,0.42,38583000.0,0.2563262757,351517000.0,267257000.0,178979000.0,71472000.0,84260000.0,99836000.0,228100000.0,349624000.0,326085000.0,12.192381386861314,2.504183456458473,0.0564922891353761,0.07430301170783178,0.0324199413810762,12.192381386861314,0.034386377157567434,2.3227280880662757,9.510990206746463,1.3081939855644567,0.0,1.1212388316839617,0.0,0.4282097309660699,0.937961719274681,0.026143828036766358,-211.1256038647343,0.25632627571866096,0.024390243902439046,0.5758221067509713,0.542965293770925,2.02307858145071,0.025380036143297546,0.009335529928610654,0.03538759431127729,0.011025702937153522,-0.1202308915839246,0.798008018456569,Recreational Vehicles,Consumer Cyclical,LCII
2008Q1,2008,Q1,2008-05-09,2008-03-31,9105000.0,159148000.0,14977000.0,0.41,37628000.0,0.2364340111,361991000.0,261571000.0,182412000.0,78924000.0,100420000.0,87198000.0,218910000.0,538462417.986,512398417.98599994,11.882029617516126,2.3112361258932643,0.06726686575080595,0.09309135951615431,0.03201977075527447,11.882029617516126,0.03480890465686181,3.383406753374217,14.784800054530479,2.0585707818756664,0.0,1.393609945182229,0.0,0.43964628954863516,1.0662536110688763,0.02515255904152313,-73.62078452091878,0.23643401110915627,0.41379310344827586,1.5249128887584815,0.7833120948930683,2.188263327017516,0.192684395701924,0.4044423877834336,0.473099242647782,0.47391379613498413,-0.030472911115814225,0.9017780563631952,Recreational Vehicles,Consumer Cyclical,LCII
2007Q4,2007,Q4,2008-03-17,2007-12-31,6483000.0,137815000.0,10167000.0,0.29,31549000.0,0.2289228313,345737000.0,251536000.0,160934000.0,71073000.0,94201000.0,76279000.0,209805000.0,603183600.0,574232600.0,11.426183337875898,2.2643479239655004,0.0788518440317351,0.1083821003752942,0.024760920220408867,11.426183337875898,0.025773646714585586,4.376763051917425,23.260203609440072,2.3980010813561474,0.0,1.3931226156609289,0.0,0.39861223993960726,1.0123816357829274,0.018751247335402343,26.86308007481963,0.22892283133185792,-0.42000000000000004,1.3647320174570565,0.8115636336964668,2.2496753878604596,-0.24759724308983808,-0.4176771759633522,-0.4430261860414156,0.7686731951641004,-0.019483946350141397,0.940440135203827,Recreational Vehicles,Consumer Cyclical,LCII
2007Q3,2007,Q3,2007-11-08,2007-09-30,11133000.0,173410000.0,18254000.0,0.5,41931000.0,0.2418026642,365111000.0,244186000.0,174885000.0,84721000.0,120925000.0,79225000.0,203322000.0,905737461.9359999,904730461.9359999,11.13174690007294,2.0642461727316723,0.11677818526420733,0.17460869992546665,0.03978252660064132,11.13174690007294,0.04559229439853227,5.223098217726774,20.339025014281862,3.7092112649210023,0.0,1.6595645313979173,0.0,0.4749514531197362,0.9673752670530329,0.030492096923949157,58.04893045798884,0.2418026642062165,-0.12280701754385957,1.1237971622034888,0.6732926144389744,2.294276333878432,-0.08393594477093483,-0.11375577137398503,-0.1300991231414411,0.39085581458738744,0.09376682985051463,0.949092156576212,Recreational Vehicles,Consumer Cyclical,LCII
2007Q2,2007,Q2,2007-08-09,2007-06-30,12562000.0,184456000.0,20984000.0,0.57,45773000.0,0.2481513206,346989000.0,230432000.0,159965000.0,75446000.0,116557000.0,75053000.0,192189000.0,724175258.1480001,733387258.1480001,10.545121727988285,2.1202581979163906,0.13767871603998974,0.20731929593112067,0.046574241251088735,10.545121727988285,0.05451499791695598,3.9260054329921505,14.412021536140744,3.1426852960873495,0.0,1.847800887372923,0.0,0.5315903385986299,0.9951753572091298,0.036202876748254266,24.881472535578084,0.24815132064015266,0.29545454545454536,1.3527824884437936,0.8526781266764284,2.3595169520985757,0.1685132237312366,0.3100427573261028,0.26760903709073336,0.4487699486398871,0.2238108936423082,0.9782094439949529,Recreational Vehicles,Consumer Cyclical,LCII
2007Q1,2007,Q1,2007-05-09,2007-03-31,9589000.0,172944000.0,16554000.0,0.44,39172000.0,0.2265010639,336936000.0,216045000.0,145925000.0,74727000.0,120891000.0,83882000.0,179627000.0,624679080.0,665136080.0,9.918966071346587,1.9527747668178839,0.1557595507752214,0.2429169848874077,0.03779180589690512,9.918966071346587,0.044384271795227845,3.6120309464335274,16.28634581291063,2.891430396445185,0.0,1.5947640733411221,0.0,0.5132844219673766,0.7006169122271736,0.028459410689270367,69.57886834484295,0.22650106392820799,1.588235294117647,1.4133761941883847,1.0575331892573374,2.5033020991136925,0.4064340083297429,1.627123287671233,1.360810039931546,0.505447647350562,0.5060986130965688,1.0195116636051151,Recreational Vehicles,Consumer Cyclical,LCII
