Quarters,Year,Quarter,FillingDate,Date,NetIncome,Revenue,OperatingIncome,EPSDiluted,GrossProfit,GrossProfitRatio,TotalAssets,CommonStockEquity,CurrentAssets,CurrentLiability,TotalLiability,Inventory,RetainedEarnings,MarketCap,EnterpriseValue,bookValuePerShare,currentRatio,debtToAssets,debtToEquity,roic,shareholdersEquityPerShare,roe,priceToSalesRatio,peRatio,pbRatio,payoutRatio,inventoryTurnover,dividendYield,assetTurnover,quickRatio,returnOnAssets,priceToFreeCashFlowsRatio,grossProfitMargin,epsdilutedGrowth,fiveYNetIncomeGrowthPerShare,fiveYRevenueGrowthPerShare,fiveYShareholdersEquityGrowthPerShare,grossProfitGrowth,netIncomeGrowth,operatingIncomeGrowth,threeYNetIncomeGrowthPerShare,threeYRevenueGrowthPerShare,threeYShareholdersEquityGrowthPerShare,Industry,Sector,Symbol
2023Q1,2023,Q1,2023-05-10,2023-03-31,34407000.0,161423000.0,51165000.0,0.93,121230000.0,0.7510082206,2060372000.0,1307279000.0,139690000.0,307690000.0,753093000.0,16282000.0,469056000.0,3286085520.0,4070759520.0,35.36244860419823,0.45399590496928727,0.381872788020804,0.6018608116553543,0.018532067310945234,35.36244860419823,0.026319553821334236,20.356984568493957,23.876576859360014,2.513683398876598,0.4270933240329003,2.4685542316668716,0.004471886051218776,0.07834653159720671,0.3055575416815626,0.016699411562572195,-77.55140112807685,0.7510082206377034,0.8600000000000001,2.16905348631619,0.6922679732635011,1.4424601958845233,0.24678610362630354,0.8469590423533201,0.8528644890273049,1.4379250868473863,0.4755760746171904,1.1559651124010213,Utilities—Regulated Water,Utilities,AWR
2022Q4,2022,Q4,2023-03-01,2022-12-31,18629000.0,125367000.0,27614000.0,0.5,97234000.0,0.7755948535,2034374000.0,1156096000.0,151294000.0,396522000.0,878278000.0,14623000.0,449391000.0,3420740550.0,4149171550.0,31.278807391574905,0.3815525998557457,0.3610093326005936,0.6352655834809566,0.011633468770667945,31.278807391574905,0.01611371374003543,27.285813252291273,45.906121504106494,2.9588724033298273,0.788662837511407,1.9238870272857826,0.004294976419652756,0.06162436208878014,0.2656750445120321,0.009157116636370697,-209.62989030518446,0.7755948535100944,-0.27536231884057966,0.43794681229709764,0.19526227437076532,1.1668429307937576,-0.012160802999055175,-0.27383643876198643,-0.3154685176003966,0.11191747831951707,0.10593901543282905,0.9157379048765691,Utilities—Regulated Water,Utilities,AWR
2022Q3,2022,Q3,2022-11-07,2022-09-30,25654000.0,134984000.0,40340000.0,0.69,98431000.0,0.7292049428,1982575000.0,1152321000.0,138790000.0,373179000.0,830254000.0,13444000.0,445493000.0,2880876100.0,3576947100.0,31.17920342009849,0.37191267461459515,0.35223333291300457,0.6060195032460574,0.016355315593447786,31.17920342009849,0.022262893759638157,21.342352426954307,28.074336360801436,2.5000638710914758,0.5726202541513994,2.7189080630764653,0.00509914327797714,0.06808519223736807,0.26109990111983794,0.01293973746264328,-230.91344180827187,0.7292049428080365,0.27777777777777757,0.21138971490610844,0.07614608593530087,1.1737777345845863,0.08899509885271112,0.28585033331662574,0.1755106798379812,-0.08703060533706954,0.0002881829696091858,0.927161237457908,Utilities—Regulated Water,Utilities,AWR
2022Q2,2022,Q2,2022-08-01,2022-06-30,19951000.0,122607000.0,34317000.0,0.54,90387000.0,0.7372091316,1949646000.0,694225000.0,138970000.0,348736000.0,1255421000.0,13151000.0,434569000.0,3012283560.0,3682355560.0,18.785176967204244,0.3984962837217838,0.34924134945523444,0.9808016133098059,0.018897087528675242,18.785176967204244,0.02873852137275379,24.568609948860995,37.74602225452358,4.339059469192265,0.6761064608290311,2.450003801992244,0.004477998080632223,0.06288680098848715,0.2868588273077629,0.01023313975973074,-133.86142114384748,0.73720913161565,0.42105263157894746,-0.1325128521253642,0.0734179147435874,0.34104248574024304,0.09994645508311631,0.4087699477474933,0.40845475066694026,-0.2581787054914863,-0.020411903199482162,0.1945148268723814,Utilities—Regulated Water,Utilities,AWR
2022Q1,2022,Q1,2022-05-02,2022-03-31,14162000.0,108570000.0,24365000.0,0.38,82174000.0,0.7568757484,1913932000.0,687425000.0,130856000.0,160154000.0,1226507000.0,11943000.0,428141000.0,3288754880.0,3923148880.0,18.607216327414466,0.8170635763078037,0.3367517759251635,0.9375859184638324,0.01380221356154282,18.607216327414466,0.020601520165836273,30.291561941604495,58.05597514475357,4.784165370767719,0.952196017511651,2.2101649501800216,0.004100335990987568,0.05672615328026283,0.5720494024501417,0.007399426938888111,1151.524817927171,0.7568757483651101,-0.30909090909090914,0.10434601388793353,0.08824688435079922,0.3672984219512543,-0.07074522220965736,-0.30407862407862407,-0.2505382959089511,0.09682923925067836,0.06226563607212766,0.21859869280144648,Utilities—Regulated Water,Utilities,AWR
2021Q4,2021,Q4,2022-02-22,2021-12-31,20350000.0,116624000.0,32510000.0,0.55,88430000.0,0.758248731,1900983000.0,685947000.0,138052000.0,155574000.0,1215036000.0,12163000.0,427505000.0,3820659840.0,4444713840.0,18.571231319038336,0.8873719259002147,0.33089038671045456,0.9170052496767243,0.018131293704964833,18.571231319038336,0.029667015090087134,32.76049389491014,46.93685307125307,5.56990531338427,0.6625061425061425,2.318013647948697,0.0035287098471451467,0.061349312434671954,0.6892796996927507,0.01070498789310583,-924.427737720784,0.758248730964467,-0.2763157894736842,0.7970345346128499,0.08116450440847583,0.37397137619130194,-0.11996815445091308,-0.27716406777252867,-0.24013649962602843,0.46834228653568083,0.04530025394524671,0.22258341154581554,Utilities—Regulated Water,Utilities,AWR
2021Q3,2021,Q3,2021-11-01,2021-09-30,28153000.0,136755000.0,42784000.0,0.76,100485000.0,0.7347811780190853,1874800000.0,678935000.0,143659000.0,151120000.0,1195865000.0,10240000.0,420671000.0,3158510160.0,3765351160.0,18.382882516990225,0.9506286394917945,0.3274919991465756,0.9043310478911825,0.024279954883358223,18.382882516990225,0.04146641431064829,23.096121969946253,28.047722800412032,4.652153976448408,0.47881220473839375,3.5419921875,0.004267834933923404,0.07294378066993813,0.6979155637903652,0.015016535097077021,309.50614012738856,0.7347811780190853,0.05555555555555561,0.28792618573711626,0.09346528892818586,0.3693926998703738,0.034797025930426544,0.05933925346177002,0.13044627051021218,0.22009387610474015,0.095402344295141,0.21865659082228794,Utilities—Regulated Water,Utilities,AWR
2021Q2,2021,Q2,2021-08-02,2021-06-30,26576000.0,128414000.0,37847000.0,0.72,97106000.0,0.7561948074197518,1842358000.0,664134000.0,136312000.0,111351000.0,1178224000.0,8773000.0,406033000.0,2937036960.0,3543475960.0,17.99041066204356,1.2241650277051845,0.33207335382156994,0.921196625982106,0.02296018893299157,17.99041066204356,0.040016020863259526,22.87162583518931,27.62865894039735,4.422355970331289,0.46530704394942807,3.568676621452183,0.004210365810309721,0.06970089418017562,0.9157528895115445,0.014424992319625176,-130.03794208801912,0.7561948074197518,0.3846153846153845,0.5718190489357591,0.13577689397929327,0.3795405695460843,0.05776499678659739,0.3792817106082624,0.2478815654983679,0.6175836462774931,0.19528747254471862,0.22557399686364496,Utilities—Regulated Water,Utilities,AWR
2021Q1,2021,Q1,2021-05-03,2021-03-31,19268000.0,117060000.0,30329000.0,0.52,91803000.0,0.7842388518708354,1792821000.0,649393000.0,118912000.0,113010000.0,1143428000.0,8751000.0,391865000.0,2790226760.0,3364134760.0,17.599680199468807,1.052225466772852,0.3239916310663474,0.8944645230238084,0.018693276139148774,17.599680199468807,0.029670784871410685,23.83586844353323,36.20285914469587,4.296668981649017,0.6415299979240191,2.88618443606445,0.004430105888598101,0.06529374655919358,0.7811786567560393,0.010747308292350436,-224.7102166384795,0.7842388518708354,-0.03703703703703707,0.8789292596525581,0.23882896181846136,0.3751744659613485,-0.0496583850931677,-0.04665776062540201,0.03593264337193018,0.7780440997541498,0.22951935520847722,0.2155979024143761,Utilities—Regulated Water,Utilities,AWR
2020Q4,2020,Q4,2021-02-22,2020-12-31,20211000.0,124200000.0,29277000.0,0.54,96600000.0,0.7777777777777778,1791603000.0,641673000.0,157115000.0,118572000.0,1149930000.0,8619000.0,385007000.0,2933044390.0,3482862390.0,17.39469760633251,1.3250598792294976,0.3273911686908316,0.9141026659996603,0.01755780981306644,17.39469760633251,0.03149735145471291,23.61549428341385,36.28029773390728,4.570933154426009,0.611449210825788,3.202227636616777,0.004213369576721612,0.06932339363128996,1.0951405053469623,0.011280959007101462,-2305.8525078616353,0.7777777777777778,-0.24999999999999992,0.727722270785385,0.11922819342175901,0.3665409133691777,-0.006050129645635264,-0.23818318884281944,-0.26452633958851457,0.5631041356854167,0.186447170789139,0.20501965019705654,Utilities—Regulated Water,Utilities,AWR
2020Q3,2020,Q3,2020-11-02,2020-09-30,26530000.0,133688000.0,39807000.0,0.72,97188000.0,0.7269762431931064,1726418000.0,633820000.0,139407000.0,113456000.0,1092598000.0,8699000.0,377198000.0,2764605700.0,3301152700.0,17.18321314319796,1.2287318431814978,0.31549369851333803,0.8593512353665078,0.024936438648449022,17.18321314319796,0.04185730964627181,20.679535186404166,26.051693366000755,4.361815184121675,0.4657369016208066,4.195884584434992,0.004469353441613753,0.07743663469681154,0.9466312931885489,0.015367077961420698,295.9012843840308,0.7269762431931064,0.04347826086956526,0.2646380769469962,0.01018620818948414,0.35495800998322646,0.06991644373988573,0.03584257379353428,0.11454250195990592,0.25520002962827926,0.06789428506960107,0.19799359964491886,Utilities—Regulated Water,Utilities,AWR
2020Q2,2020,Q2,2020-08-03,2020-06-30,25612000.0,121278000.0,35716000.0,0.69,90837000.0,0.7489981694948795,1697968000.0,619288000.0,137026000.0,158687000.0,1078680000.0,8168000.0,363065000.0,2900188920.0,3436343920.0,16.79015291183169,0.8634985852653336,0.3195884728098527,0.8762498223766648,0.02298267590437113,16.79015291183169,0.04135717146142021,23.913561569287094,28.30888763079806,4.683102078515972,0.4392472278619397,3.726860920666014,0.0038790576442861526,0.07142537432978713,0.6360823507911801,0.015083912064302743,1851.9724904214559,0.7489981694948795,0.8157894736842104,0.6730581329538315,0.08157234973032416,0.32548472727361477,0.07861926474779139,0.8200682205798749,0.3897817035682322,0.11580632500272456,0.06385525841755564,0.19862104233307107,Utilities—Regulated Water,Utilities,AWR
2020Q1,2020,Q1,2020-05-04,2020-03-31,14072000.0,109077000.0,25699000.0,0.38,84216000.0,0.7720784400011002,1660889000.0,604583000.0,127405000.0,132520000.0,1056306000.0,7343000.0,348742000.0,3012936400.0,3527642400.0,16.402143244709713,0.9614020525203743,0.31015618743937734,0.8520500907236889,0.017763718900145803,16.402143244709713,0.023275546947234705,27.62210548511602,53.5271532120523,4.983495070155793,0.7988914155770324,3.3856734304780063,0.0037312437129439573,0.06567386502047999,0.6766601267733172,0.008472571014679488,-168.4145556176635,0.7720784400011002,-0.15555555555555556,0.2005497662479629,0.12012083662037629,0.2599275836943384,0.0017128175849272054,-0.15736526946107784,0.03943536644555897,0.09982854965085997,0.09582035720461439,0.20526489188328087,Utilities—Regulated Water,Utilities,AWR
2019Q4,2019,Q4,2020-02-24,2019-12-31,16700000.0,112993000.0,24724000.0,0.45,84072000.0,0.7440460913507917,1641331000.0,601530000.0,122456000.0,115998000.0,1039801000.0,6429000.0,345964000.0,3191990880.0,3678845880.0,16.327289506541447,1.0556733736788566,0.2974348257603128,0.8115788073745283,0.01797110068480495,16.327289506541447,0.027762538859242264,28.249456869009585,47.784294610778446,5.306453343972869,0.672814371257485,4.498522320734173,0.003520060182628091,0.06884229932902017,0.7731512612286419,0.010174669216629675,-384.9482489146165,0.7440460913507917,-0.40789473684210525,0.288338832790812,0.0719488346190204,0.2372375473000601,-0.14757622152149005,-0.4036992073127187,-0.4213088662110289,0.47847894518779194,0.05017590299054153,0.20795589949811702,Utilities—Regulated Water,Utilities,AWR
2019Q3,2019,Q3,2019-11-04,2019-09-30,28006000.0,134496000.0,42724000.0,0.76,98627000.0,0.7333080537711159,1604381000.0,595947000.0,132469000.0,119847000.0,1008434000.0,6090000.0,340539000.0,3309993100.0,3777281100.0,16.178824487579746,1.1053176132902784,0.29773850475666314,0.8015578566550381,0.02942321561801506,16.178824487579746,0.04699411189250051,24.610346032595764,29.547178283225026,5.554173609398152,0.4011283296436478,5.8898193760262725,0.0033939647789598113,0.08383046171701111,0.877093293949786,0.017455953417548575,341.0957440230833,0.7333080537711159,0.05555555555555561,0.3899682789454934,0.021639290916826277,0.22706348854678415,0.06494838681812293,0.045624253285543606,0.08354045143291909,0.2846099727444512,0.07826390553477644,0.2052062088358026,Utilities—Regulated Water,Utilities,AWR
2019Q2,2019,Q2,2019-08-05,2019-06-30,26784000.0,124647000.0,39430000.0,0.72,92612000.0,0.7429942156650381,1567283000.0,578787000.0,122025000.0,106346000.0,988496000.0,6189000.0,323818000.0,2737481520.0,3204626520.0,15.726198239321812,1.1474338480055668,0.2990276803870137,0.8097296587518379,0.028815244177978133,15.726198239321812,0.046276091204536386,21.961872487905847,25.55146281362007,4.729687294289609,0.3778001792114695,5.176118920665697,0.0036964633098235493,0.07953062720644581,0.894815037707107,0.017089447151535493,-108.17519639611159,0.7429942156650381,1.0571428571428572,0.838137018849447,0.13577936297669183,0.2316257972723897,0.18110979326880158,1.084033613445378,0.9524634810596683,0.5889417784012742,0.10581404279654918,0.20591624523841082,Utilities—Regulated Water,Utilities,AWR
2019Q1,2019,Q1,2019-05-06,2019-03-31,12852000.0,101733000.0,20195000.0,0.35,78411000.0,0.7707528530565303,1526097000.0,561500000.0,116776000.0,107630000.0,964597000.0,5892000.0,307203000.0,2586612820.0,3019691820.0,15.269355233459331,1.0849763077208956,0.2849904036244092,0.774573463935886,0.016012775103121834,15.269355233459331,0.022888691006233305,25.425504212005936,50.31537542794896,4.60661232413179,0.7868814192343604,3.9582484725050917,0.003909746337683426,0.06666221085553539,0.762306048499489,0.008421483038103082,-231.31933643355393,0.7707528530565303,-0.054054054054054106,0.22873643255668666,0.051489505113362234,0.19330960173547881,-0.07382383860337109,-0.06795271593299007,-0.11226867115038024,0.2575297655607514,0.08028525029575266,0.19309141931910329,Utilities—Regulated Water,Utilities,AWR
2018Q4,2018,Q4,2019-02-25,2018-12-31,13789000.0,111005000.0,22749000.0,0.37,84661000.0,0.7626773568758164,1501433000.0,558223000.0,131468000.0,146585000.0,943210000.0,5775000.0,304534000.0,2463652960.0,2873418960.0,15.190154834145147,0.8968721219770099,0.2776727299852874,0.7468466903011879,0.01795525224730199,15.190154834145147,0.024701597748570017,22.194071978739697,44.66699833200377,4.413384901732821,0.7329030386539995,4.561731601731601,0.0041020387871512545,0.07393270295777433,0.7033666473377221,0.009183892987565879,-226.7721796759941,0.7626773568758164,-0.40322580645161293,0.23418435880426117,0.06481505486355836,0.1953049312325286,-0.08281241536211473,-0.399224468455908,-0.3304194260485651,0.1832329567883338,0.004132314368879544,0.19335032611978473,Utilities—Regulated Water,Utilities,AWR
2018Q3,2018,Q3,2018-11-05,2018-09-30,22952000.0,124182000.0,33975000.0,0.62,92305000.0,0.7433041825707429,1465042000.0,554161000.0,134898000.0,143186000.0,910881000.0,5622000.0,300910000.0,2206791590.0,2596145590.0,15.084546914554808,0.942117246099479,0.2671117961123299,0.7061666194481387,0.027591934911714147,15.084546914554808,0.04141756637511481,17.770623681370893,24.03702934384803,3.982221033237633,0.44013593586615546,5.670046246887229,0.004577686468344752,0.08476344022901733,0.7000055871384074,0.01566644505754784,149.22853597511497,0.7433041825707429,0.40909090909090906,0.16012836853967355,-0.0008402204856343873,0.19886467990645237,0.1610253701118197,0.40396378761928065,0.3288094493116395,0.09851859493911033,-0.0578381118230664,0.18947064780690495,Utilities—Regulated Water,Utilities,AWR
2018Q2,2018,Q2,2018-08-06,2018-06-30,16348000.0,106901000.0,25568000.0,0.44,79503000.0,0.7437067941366311,1441122000.0,539210000.0,141167000.0,129840000.0,901912000.0,5364000.0,288118000.0,2099658279.9999998,2492445280.0,14.679171317344078,1.0872381392483057,0.27641240644442316,0.7387548450510932,0.021501118657983112,14.679171317344078,0.030318428812522023,19.641147229679795,32.10879434793247,3.8939527827747997,0.5729752874969415,5.1077554064131245,0.004461202134282537,0.07417900774535396,0.7996380160197166,0.01134393895867248,2269.900843243243,0.7437067941366311,0.517241379310345,0.0350709458221543,-0.0689813356913976,0.21789950880516035,0.11334705709364366,0.5162307549619737,0.36793108982932965,0.07229376782226161,-0.0427245262959457,0.15883503219684836,Utilities—Regulated Water,Utilities,AWR
2018Q1,2018,Q1,2018-05-07,2018-03-31,10782000.0,94728000.0,18691000.0,0.29,71409000.0,0.75383202432227,1423664000.0,531524000.0,145676000.0,196491000.0,892140000.0,4601000.0,281185000.0,1947938720.0,2332328720.0,14.478208760078449,0.7413876462535179,0.27420374470380654,0.7344428473596677,0.016379395578010422,14.478208760078449,0.020285067090103175,20.563494637277255,45.16645149322946,3.664817995048201,0.8682990168799851,5.0682460334709845,0.0048061060154910825,0.06653817192820778,0.5162984564178512,0.007573416199327931,363.15039522744223,0.75383202432227,-0.17142857142857143,-0.15960408238205365,-0.10070386146479805,0.20818715961765363,-0.09267753452854402,-0.16210755362138637,-0.14866772944659531,-0.07642758136375287,-0.023308640646442752,0.11214091397423855,Utilities—Regulated Water,Utilities,AWR
2017Q4,2017,Q4,2018-02-26,2017-12-31,12868000.0,104180000.0,21955000.0,0.35,78703000.0,0.7554521021309273,1416734000.0,529945000.0,155463000.0,156662000.0,886789000.0,4795000.0,279821000.0,2125991919.9999998,2506140920.0,14.435198300283286,0.9923465805364415,0.26847876877381355,0.7177405202426667,0.017078644795577705,14.435198300283286,0.02428176508882997,20.40691034747552,41.30385296860428,4.011721820188887,0.7268417780540877,5.313242961418144,0.00439935820640372,0.07353532843850716,0.7075870345074109,0.009082862414539357,-194.91995232419544,0.7554521021309273,-0.38596491228070173,0.3094050089444454,-0.029645572037802333,0.22079278509585928,-0.16290324296152905,-0.387413120060935,-0.43073093577410737,-0.0037695039015866448,-0.008159075900702544,0.09386002696142931,Utilities—Regulated Water,Utilities,AWR
2017Q3,2017,Q3,2017-11-06,2017-09-30,21006000.0,124418000.0,38567000.0,0.57,94019000.0,0.7556704013888665,1486486000.0,525812000.0,146663000.0,151869000.0,960674000.0,5377000.0,276344000.0,1805455750.0,2166076750.0,14.34332633186939,0.965720456446016,0.24708069904459243,0.6985044084197394,0.02706672945454667,14.34332633186939,0.039949639795211975,14.511210194666367,21.48738158145292,3.4336526172852655,0.4450633152432638,5.653524270039055,0.00517819392693507,0.08369940921071574,0.7154389638438391,0.01413131371570267,141.16151290070368,0.7556704013888665,-0.08064516129032265,0.17027553799280343,-0.031090684677051214,0.218082827119401,0.07390147231835886,-0.07836082836082836,-0.07769753204515017,0.04755594555126219,-0.05037640956211968,0.08785233807684885,Utilities—Regulated Water,Utilities,AWR
2017Q2,2017,Q2,2017-08-02,2017-06-30,22792000.0,113195000.0,41816000.0,0.62,87549000.0,0.7734352224038165,1462653000.0,513025000.0,149536000.0,140454000.0,949628000.0,5148000.0,264739000.0,1736343839.9999998,2099524839.9999998,14.007891000436873,1.0646617397866918,0.2497550683586606,0.7120608157497198,0.02924859461819623,14.007891000436873,0.044426684859412306,15.339404037280797,19.04554054054054,3.384520910287023,0.3887767637767638,4.981740481740482,0.005103251899692863,0.07739019439333868,0.7019237615162259,0.015582643320049253,68.05188477366254,0.7734352224038165,0.8235294117647057,0.5586582796978647,0.021060400592790893,0.23911138013861816,0.1382269199266742,0.7945043697346665,0.6903549195569569,0.5718609620300359,0.036498393851954046,0.09705344285815157,Utilities—Regulated Water,Utilities,AWR
2017Q1,2017,Q1,2017-05-02,2017-03-31,12701000.0,98810000.0,24738000.0,0.34,76917000.0,0.7784333569476773,1480268000.0,497944000.0,192079000.0,178673000.0,982324000.0,4817000.0,250855000.0,1620937000.0,2037637000.0,13.608745558895873,1.0750309224113324,0.28192259779985784,0.8380882187555228,0.01755398073870854,13.608745558895873,0.025506884308275628,16.404584556219007,31.905696401858116,3.2552596275886443,0.6971104637430123,4.544944986506124,0.005462272747182649,0.06675142609311287,0.5835912532951257,0.008580203044313598,402.41732869910624,0.7784333569476773,0.13333333333333347,0.2924477608351187,-0.04634969188752604,0.2349617131724965,-0.04405806467649325,0.13280413842311808,0.11977186311787072,0.22037298963575194,0.026385817441363903,0.06353192356285176,Utilities—Regulated Water,Utilities,AWR
2016Q4,2016,Q4,2017-02-23,2016-12-31,11212000.0,106800000.0,22092000.0,0.3,80462000.0,0.7533895131086142,1470493000.0,494297000.0,166875000.0,177944000.0,976196000.0,4294000.0,247065000.0,1666129200.0,2077004200.0,13.516461580530489,0.9377950366407409,0.279709593993307,0.8321130818111379,0.0157462830837574,13.516461580530489,0.022682719093986004,15.600460674157304,37.15057973599715,3.3707046573214083,0.7893328576525152,6.133674895202608,0.005311712921182822,0.07262870343483444,0.6493615969068921,0.007624653772578312,-158.37730038022815,0.7533895131086142,-0.4915254237288135,0.7210905336837089,0.1548503882198451,0.24565531765779217,-0.14693440485151768,-0.48186145385646284,-0.4423606027715375,0.008441990684191483,0.029493146246573673,0.06360292942546132,Utilities—Regulated Water,Utilities,AWR
2016Q3,2016,Q3,2016-11-02,2016-09-30,21639000.0,123806000.0,39617000.0,0.59,94321000.0,0.7618451448233526,1440386000.0,490799000.0,136856000.0,179848000.0,949587000.0,4733000.0,244735000.0,1464268050.0,1859706050.0,13.424113126008589,0.7609536942306837,0.27647241781022586,0.8113851087716153,0.02807472429297599,13.424113126008589,0.04408933188535429,11.827117021792159,16.91700228753639,2.9834373134419585,0.37843708119598873,6.229664060849355,0.005592555270191138,0.0859533486162737,0.5315321827320849,0.015023056319625434,-261.33643583794395,0.7618451448233526,0.311111111111111,0.4191136874438973,0.05635559246466144,0.23956597952601943,0.08808905808386687,0.2924979094492892,0.24683703657078115,0.09902689581587176,0.0009297742576382716,0.06689946850917843,Utilities—Regulated Water,Utilities,AWR
2016Q2,2016,Q2,2016-08-03,2016-06-30,16742000.0,111954000.0,31774000.0,0.45,86685000.0,0.7742912267538453,1406299000.0,476696000.0,132816000.0,160210000.0,929603000.0,5294000.0,231336000.0,1601796280.0,1982006280.0,13.040871040105051,0.8290119218525686,0.27357482299283437,0.8070720123516875,0.023044106761458124,13.040871040105051,0.03512091563596086,14.307628847562391,23.918831083502567,3.360204994377968,0.48906940628359813,4.773139403097846,0.005111761153546942,0.07960895940337012,0.5650396354784346,0.011905007398853302,-106.89331197864531,0.7742912267538453,0.607142857142857,0.07130445641686749,0.04115518463639926,0.2395183439110666,0.20613607903158482,0.6494581280788178,0.4964442141948853,0.06520775138367962,-0.020199343680540077,0.08197323205633233,Utilities—Regulated Water,Utilities,AWR
2016Q1,2016,Q1,2016-05-04,2016-03-31,10150000.0,93527000.0,21233000.0,0.28,71870000.0,0.768441198798208,1368891000.0,467401000.0,131125000.0,139051000.0,901490000.0,5180000.0,222833000.0,1437466560.0,1793237560.0,12.798143533857234,0.9429993311806459,0.2660752390073424,0.7792623464648128,0.016234288629085037,12.798143533857234,0.021715828592578965,15.369535642114043,35.4055802955665,3.0754460516772535,0.8060098522167488,4.180888030888031,0.005691262828402771,0.06832319008598932,0.6252166471294704,0.007414761292170085,-794.1804198895028,0.768441198798208,-0.09677419354838701,0.3658439551647731,0.012774294325869049,0.25314602435498157,-0.12558399844267082,-0.12560303239145418,-0.029747760921220983,-0.20472737592346868,-0.10746193181484157,0.06798796320617696,Utilities—Regulated Water,Utilities,AWR
2015Q4,2015,Q4,2016-02-24,2015-12-31,11608000.0,110115000.0,21884000.0,0.31,82192000.0,0.74641965218181,1348600000.0,465945000.0,132697000.0,123507000.0,882655000.0,5415000.0,220923000.0,1535579750.0,1885068750.0,12.728998770659746,1.074408737966269,0.26238543674922143,0.7594308341113222,0.017693620307927035,12.728998770659746,0.02491281159793538,13.945236797893111,33.071583175396285,3.295624483576388,0.7058063404548587,5.156602031394275,0.005335444153909948,0.08165134213258193,0.7604346312354765,0.008607444757526323,-83.32861677881485,0.74641965218181,-0.4464285714285715,0.302546978789518,0.0819061056969179,0.25745478809063366,-0.1544380889675322,-0.4493097395512121,-0.4686414956901785,0.18464432587180857,0.028632295438100953,0.07649853763425778,Utilities—Regulated Water,Utilities,AWR
2015Q3,2015,Q3,2015-11-03,2015-09-30,21079000.0,132975000.0,41185000.0,0.56,97204000.0,0.7309945478473397,1362164000.0,470023000.0,135463000.0,123976000.0,892141000.0,5874000.0,225696000.0,1534408200.0,1848016200.0,12.681731106494347,1.0926550300058075,0.2502356544439583,0.7252028092242294,0.03018087929845275,12.681731106494347,0.044846741542435155,11.539072758037225,18.19830399924095,3.264538543858492,0.3949902746809621,6.089717398706163,0.005426196236438257,0.09762040400421682,0.855915661095696,0.015474641819927703,-602.910884086444,0.7309945478473397,0.3658536585365856,2.179679684048397,0.19883784243525612,0.26747104279566786,0.16592100370632473,0.3470731083844581,0.3490009826400262,0.1615417222831125,0.02425940108459306,0.07697465159418135,Utilities—Regulated Water,Utilities,AWR
2015Q2,2015,Q2,2015-08-04,2015-06-30,15648000.0,114618000.0,30530000.0,0.41,83371000.0,0.7273813886126088,1343355000.0,477578000.0,150228000.0,95167000.0,865777000.0,4152000.0,230544000.0,1409677780.0,1691736780.0,12.667179459975598,1.5785724042998097,0.2426171786311139,0.6824455900397421,0.023610766244827417,12.667179459975598,0.03276532838614844,12.29892146085257,22.52169254856851,2.951722608662878,0.5122699386503068,7.525770712909441,0.005686405867871451,0.08532219703652423,1.2940830329841226,0.011648447357548823,183.31310533159947,0.7273813886126088,0.2812499999999999,0.7180752799885451,0.18297732220353596,0.2735257142699006,0.10502737020690021,0.28800724339451805,0.22659702691844114,0.03951006408498523,0.004334547386886501,0.12051458871463212,Utilities—Regulated Water,Utilities,AWR
2015Q1,2015,Q1,2015-05-05,2015-03-31,12149000.0,100933000.0,24890000.0,0.32,75447000.0,0.7474958635926803,1367420000.0,497365000.0,189397000.0,96734000.0,870055000.0,3904000.0,246022000.0,1523997450.0,1775343450.0,13.01832220913493,1.9579155209130192,0.23842052917172485,0.6554964663778111,0.01831945544328163,13.01832220913493,0.024426728861097986,15.099099897952106,31.36055333772327,3.0641429332582715,0.6712486624413532,6.528176229508197,0.005351058822309709,0.07381272761843471,1.6529348522753118,0.008884614822073686,72.21025586353944,0.7474958635926803,-0.08571428571428563,0.3892899334675359,0.08539357686342665,0.3267052619784067,-0.08520260930717559,-0.10087329780935465,-0.01938381530218265,0.18401667824338896,-0.06703867375848484,0.18138218019040017,Utilities—Regulated Water,Utilities,AWR
2014Q4,2014,Q4,2015-02-25,2014-12-31,13512000.0,109878000.0,25382000.0,0.35,82474000.0,0.7505961156919493,1378298000.0,506801000.0,209451000.0,99290000.0,871497000.0,3588000.0,253602000.0,1446294639.9999998,1696396639.9999998,13.196568065826476,2.109487360257831,0.23658889441905886,0.6434280911047926,0.019183436740129418,13.196568065826476,0.026661352286203067,13.162731757039623,26.75944789816459,2.8537722695890495,0.6053878034339846,7.63768115942029,0.005655832341327076,0.07972006053843218,1.8461476483029509,0.00980339520190844,-49.274142818206585,0.7505961156919493,-0.3518518518518519,2.8360929113975675,0.22957045554539582,0.361842647240452,-0.19406252137629112,-0.3617684568513533,-0.36377992229602707,0.9750985160489614,0.1313935983696378,0.21617444684695264,Utilities—Regulated Water,Utilities,AWR
2014Q3,2014,Q3,2014-11-05,2014-09-30,21171000.0,138327000.0,39895000.0,0.54,102333000.0,0.7397904964323668,1326115000.0,510312000.0,186555000.0,120593000.0,815803000.0,3923000.0,256355000.0,1177375680.0,1436612680.0,13.184993799090533,1.5469803388256367,0.23911877929138875,0.6213826051513583,0.029462725205404043,13.184993799090533,0.04148638479988713,8.511539178902167,13.903165651126542,2.307168320556836,0.3888337820603656,9.175121080805505,0.006991820996336531,0.10430995803531368,1.3399202275422288,0.01596467877974384,40.3362801055192,0.7397904964323668,0.38461538461538464,1.0871420772565035,0.30295512497145016,-0.26747065056933683,0.19344342593240502,0.3788589292692458,0.28693548387096773,0.3115461863141343,0.11490436682625517,0.21748599704132826,Utilities—Regulated Water,Utilities,AWR
2014Q2,2014,Q2,2014-08-05,2014-06-30,15354000.0,115641000.0,31000000.0,0.39,85746000.0,0.7414844216151711,1327092000.0,495181000.0,197850000.0,127501000.0,831911000.0,3671000.0,240571000.0,1288692629.9999998,1543046629.9999998,12.768649596451871,1.5517525352742332,0.250324016722277,0.6708718630157458,0.022457675244222857,12.768649596451871,0.031006843962106786,11.143907697097049,20.983011430246187,2.602467845090987,0.5114628109938778,8.143557613729229,0.00609377272530844,0.08713864600193506,1.2959114046164344,0.011569657567071462,25.80068531272523,0.7414844216151711,0.3928571428571428,0.22992385486172737,0.13859922119394774,0.2885558207816107,0.0963419467849791,0.39315851556120135,0.36156008432888265,-0.07393170871792883,0.013686338589505995,0.21364403904474447,Utilities—Regulated Water,Utilities,AWR
2014Q1,2014,Q1,2014-05-06,2014-03-31,11021000.0,101945000.0,22768000.0,0.28,78211000.0,0.7671881897101378,1333771000.0,495799000.0,213242000.0,119076000.0,837972000.0,4319000.0,241582000.0,1251140630.0,1532505630.0,12.795803546080988,1.7908058718801438,0.26713806193117107,0.718640013392524,0.016945544447006012,12.795803546080988,0.022228766092710957,12.272702241404678,28.380832728427546,2.5234835689462867,0.7119136194537701,5.495253530909933,0.00627107761659055,0.07643366065089134,1.4411300345997513,0.008263037657888798,30.56632048275188,0.7671881897101378,-0.06666666666666654,0.9968115994266546,0.14430795728202694,0.420657230652216,-0.06497620926284581,-0.06443123938879457,0.05159115052422521,0.39785016804381856,0.040509797500043715,0.2529169015629857,Utilities—Regulated Water,Utilities,AWR
2013Q4,2013,Q4,2014-02-26,2013-12-31,11780000.0,109916000.0,21651000.0,0.3,83646000.0,0.7609993085629025,1310183000.0,492404000.0,191617000.0,100906000.0,817779000.0,4558000.0,238443000.0,1113201310.0,1407352310.0,12.708183859395566,1.8989653737141499,0.25368746198050196,0.675008732666672,0.017915075803047513,12.708183859395566,0.023923444976076555,10.127745824083846,23.624815577249574,2.260747902129146,0.66553480475382,5.763492759982449,0.007042751324106868,0.08389362402046126,1.4602600440013478,0.008991110402134664,-22.742993646188733,0.7609993085629025,-0.43396226415094347,2.6728928666039398,0.1664809874553029,0.35581946349897253,-0.13364198489885964,-0.43471375785786265,-0.40131069571950007,0.2487733312080208,0.020249363381204536,0.25539855332273065,Utilities—Regulated Water,Utilities,AWR
2013Q3,2013,Q3,2013-11-04,2013-09-30,20839000.0,130914000.0,36164000.0,0.53,96549000.0,0.7374994271048169,1351053000.0,486887000.0,202565000.0,115673000.0,864166000.0,5186000.0,234536000.0,1066461760.0,1375785760.0,12.582359933843291,1.7511865344548858,0.2483144628671118,0.6890428374550974,0.029807401711804394,12.582359933843291,0.042800485533604306,8.146277403486257,12.794061135371178,2.190368114162013,0.3760257210038869,6.626494408021596,0.007347661485771416,0.09689775308592631,1.2873185618078549,0.015424265369308236,19.874797517657804,0.7374994271048169,0.24705882352941186,3.08583272504381,0.3703819569877468,0.39724432614432714,0.06676905398537114,0.2552102156366703,0.08620171802727218,2.0108196244473007,0.13044915178205743,0.25753942677525227,Utilities—Regulated Water,Utilities,AWR
2013Q2,2013,Q2,2013-08-08,2013-06-30,16602000.0,120695000.0,33294000.0,0.425,90506000.0,0.7498736484527114,1312986000.0,465385000.0,181120000.0,102448000.0,847601000.0,6120000.0,213758000.0,1041751760.0,1368968760.0,12.05285921475189,1.767921286896767,0.25570874327677523,0.7214284946871945,0.024863486536314938,12.05285921475189,0.03567368952587643,8.631275197812668,15.687142512950247,2.238473006220656,0.41235995663173114,4.932843137254902,0.006571623166732159,0.09192405707296193,1.2254509604872716,0.012644460793946013,398.3754340344168,0.7498736484527114,0.23188405797101455,0.5977855924617403,0.34260998260549264,0.34476384859380493,0.052285225964724624,0.23297437801708132,0.1906447806029396,0.7798600403355777,0.2163399294841399,0.21176353338654158,Utilities—Regulated Water,Utilities,AWR
2013Q1,2013,Q1,2013-05-10,2013-03-31,13465000.0,110552000.0,27963000.0,0.345,86009000.0,0.777995875244229,1289514000.0,461721000.0,173872000.0,89844000.0,827793000.0,7210000.0,211847000.0,1077684100.0,1380719100.0,11.983415520373734,1.9352655714349316,0.26043067388178803,0.7273418363037418,0.020784452056431275,11.983415520373734,0.029162632845376322,9.748209892177437,20.008988117341254,2.3340590962940824,0.5078351281099146,3.4040221914008324,0.00634508758178765,0.0857315236593011,1.3279016962735408,0.010441918428183022,34.75839703273665,0.777995875244229,0.30188679245283,1.2716734310965696,0.43491369986181627,0.36129142895744637,-0.3510713746793421,0.30842483723642017,0.3238803143641701,0.5267921192150763,0.1788047147039581,0.22123728172879478,Utilities—Regulated Water,Utilities,AWR
2012Q4,2012,Q4,2013-03-01,2012-12-31,10291000.0,112428000.0,21122000.0,0.265,132540000.0,1.1788878215391183,1280943000.0,454579000.0,184033000.0,93697000.0,826364000.0,5348000.0,205257000.0,922271559.9999999,1234576560.0,11.824445947351993,1.9641290542920264,0.2621435926501023,0.7386856849964473,0.016805295733335644,11.824445947351993,0.022638529276539393,8.203219482691143,22.404809056457097,2.0288477030395153,0.663006510543193,-3.7606581899775615,0.007398037948822796,0.08776971340645134,1.4231085306893496,0.008033925006811387,-92.04306986027943,1.1788878215391183,-0.45360824742268036,0.5142492421991516,0.36234104570848763,0.34936814199498223,0.6669391656500359,-0.4486176596656665,-0.42099780701754386,1.9186025088463265,0.2567967556292219,0.22024413398764753,Utilities—Regulated Water,Utilities,AWR
2012Q3,2012,Q3,2012-11-05,2012-09-30,18664000.0,133521000.0,36480000.0,0.485,79511000.0,0.5954943417140375,1289638000.0,448852000.0,187090000.0,109245000.0,840786000.0,6578000.0,201822000.0,837452460.0,1138812460.0,11.775329240778635,1.7125726577875418,0.2670718449673474,0.7673487029132097,0.02759775508890299,11.775329240778635,0.041581634926434546,6.2720655177837195,11.217483658379768,1.8657652411039718,0.361551650235748,8.210702341137123,0.008057770825582148,0.1035337048070854,1.2752528719849878,0.014472278267234682,93.88480493273542,0.5954943417140375,0.2278481012658227,1.2074439857615666,0.5885188782516717,0.3547574449897151,0.09308496013197691,0.23782995092187292,0.21095435684647304,0.8682763342983822,0.2770203613352746,-0.34578852295900037,Utilities—Regulated Water,Utilities,AWR
2012Q2,2012,Q2,2012-08-06,2012-06-30,15078000.0,114311000.0,30125000.0,0.395,72740000.0,0.6363342110558039,1252760000.0,426914000.0,175854000.0,99615000.0,825846000.0,4958000.0,189941000.0,747349560.0,1063152560.0,11.304787628429192,1.7653365457009487,0.2727721191608927,0.8004375588526026,0.02374541616791167,11.304787628429192,0.03531858875558075,6.537862147999755,12.391390768006367,1.750585738579667,0.35031171242870407,8.384630899556273,0.00706764315215493,0.09124732590440308,1.2380163629975405,0.012035824898623839,32.68244894389294,0.6363342110558039,0.49056603773584906,0.8642739055861267,0.30588935047105575,0.3216069027990111,0.1138674506921475,0.4906574394463668,0.2892112808661788,0.24034197803857058,0.15581435077048955,0.1408293250807185,Utilities—Regulated Water,Utilities,AWR
2012Q1,2012,Q1,2012-05-07,2012-03-31,10115000.0,106648000.0,23367000.0,0.265,65304000.0,0.6123321581276724,1246629000.0,415019000.0,171872000.0,107372000.0,831610000.0,4797000.0,180173000.0,680552340.0,1014615340.0,11.019568796134035,1.6007152702753045,0.2732336565249164,0.8207359181145923,0.017630953922181877,11.019568796134035,0.02437237813208552,6.3812949141099695,16.820374196737518,1.639810080984244,0.5217004448838359,8.61872003335418,0.007753995820512497,0.08554910883671084,1.0764724509183028,0.008113881515671462,58.552210272735095,0.6123321581276724,0.4722222222222224,0.3117165460331644,0.3365124265497667,0.3082235829726957,1.742367614328308,0.5076762557758235,0.5027009646302251,0.885457203900507,0.2315850455333249,0.22345033139337842,Utilities—Regulated Water,Utilities,AWR
2011Q4,2011,Q4,2012-03-12,2011-12-31,6709000.0,95241000.0,15550000.0,0.18,23813000.0,0.2500288741193394,1238362000.0,408666000.0,165601000.0,104370000.0,829696000.0,3070000.0,175360000.0,657201900.0,998572900.0,10.850884180340927,1.5866724154450513,0.2767252225116727,0.8385478606000989,0.01237924137566708,10.850884180340927,0.01641682939123881,6.900409487510631,24.48956252794753,1.6081638795495588,0.7819347145625279,23.26644951140065,0.007982326283597171,0.07690885217731164,0.7492957746478873,0.005417640399172455,798.5442284325638,0.2500288741193394,-0.5662650602409639,0.1380889623319115,0.19566106967144406,0.304474117981733,-0.7317721533245475,-0.5699083274568882,-0.5203578038247995,1.1520654035788933,0.03986126173736145,0.15766659741882713,Utilities—Regulated Water,Utilities,AWR
2011Q3,2011,Q3,2011-11-07,2011-09-30,15599000.0,119897000.0,32420000.0,0.415,88779000.0,0.7404605619823682,1195848000.0,405052000.0,160146000.0,116400000.0,790796000.0,2817000.0,173923000.0,634524930.0,974571930.0,10.829688251965136,1.3758247422680412,0.28871729517463757,0.8523893228523746,0.025698390659894304,10.829688251965136,0.038511104747044826,5.2922502648106295,10.169320629527535,1.5665270878800746,0.33540611577665236,11.046503372381967,0.008245538910504273,0.10026106996875857,0.7136426116838488,0.01304429994447455,185.58787072243345,0.7404605619823682,-0.023529411764705903,1.5448866272433297,0.4782912910332193,0.32432306200020283,0.23597711230839913,-0.022741511088835986,0.11259823604104464,2.164256744444462,0.2984795201908986,0.20261386127333325,Utilities—Regulated Water,Utilities,AWR
2011Q2,2011,Q2,2011-08-08,2011-06-30,15962000.0,109829000.0,29139000.0,0.425,71829000.0,0.6540075936228137,1197879000.0,392809000.0,172173000.0,124630000.0,805070000.0,2487000.0,163581000.0,647032879.9999999,988557879.9999999,10.520918148703664,1.3814731605552435,0.29450971258365827,0.8981133324338292,0.022465412339792365,10.520918148703664,0.040635525153446074,5.891275346220032,10.133956897631876,1.6471946416706336,0.32733993233930586,15.27945315641335,0.008075323776436215,0.09168622206416507,0.7315172911818985,0.013325218991233671,-84.67908388954324,0.6540075936228137,1.1249999999999998,1.3024457929873043,0.5983067597979608,0.29441626199928245,-0.009664966220874122,1.103307418632231,0.6192831342039455,0.5886927268387433,0.2634909392468007,0.1738418352281725,Utilities—Regulated Water,Utilities,AWR
2011Q1,2011,Q1,2011-05-06,2011-03-31,7589000.0,94307000.0,17995000.0,0.2,72530000.0,0.7690839492296436,1204548000.0,380897000.0,204179000.0,195990000.0,823651000.0,2442000.0,152873000.0,668717280.0,1027391280.0,10.212811025311025,1.041782744017552,0.2997348382961908,0.9478809231892086,0.013529515212609934,10.212811025311025,0.019924021454618964,7.090855185723223,22.029163262616947,1.7556380858867358,0.6389511134536829,8.917690417690418,0.0072511959015026505,0.07829243832541335,0.3441502117454972,0.006300288572975091,203.56690410958905,0.7690839492296436,-0.1666666666666666,0.15941323955394132,0.40220092338037317,0.28532489181810894,-0.08975678321327275,-0.1642070484581498,0.08266650622706215,0.3226984559705147,0.26456122441334634,0.16015438926250453,Utilities—Regulated Water,Utilities,AWR
2010Q4,2010,Q4,2011-03-11,2010-12-31,9080000.0,103700000.0,16621000.0,0.24,79682000.0,0.7683895853423337,1192035000.0,377541000.0,204984000.0,178842000.0,814494000.0,2161000.0,150156000.0,642796560.0,999714560.0,10.122828185328185,1.1461737175831181,0.3029399304550621,0.9564921425752435,0.01430948811750816,10.122828185328185,0.024050368039497696,6.198616779170685,17.698143171806166,1.7025874275906459,0.5331497797356828,11.114298935677926,0.0075311541804144065,0.08699408993863435,0.3684313528142159,0.007617226004270009,-136.27232563069748,0.7683895853423337,0.37142857142857144,0.6258894641568991,0.615893023926083,0.2883613446926131,0.00017572927649746448,0.36500300661455204,-0.01633426051961887,0.37718393419788004,0.2952584236632768,0.15518493813485346,Utilities—Regulated Water,Utilities,AWR
2010Q3,2010,Q3,2010-11-09,2010-09-30,6652000.0,111300000.0,16897000.0,0.175,79668000.0,0.7157951482479784,1191429000.0,372106000.0,196717000.0,189391000.0,819323000.0,2104000.0,145937000.0,665329100.0,1015111100.0,10.005539123420274,1.0386818803427829,0.300038021569057,0.9606778713592363,0.011370353713319077,10.005539123420274,0.017876626552648975,5.977799640610962,25.004851924233314,1.7880095994152205,0.7266987372218882,15.034220532319392,0.007265577290997793,0.09341723258372929,0.4252419597552154,0.005583211420907163,-56.55155971100722,0.7157951482479784,-0.27083333333333337,-0.5092827798240838,0.4756405050388504,0.27781317947924217,0.14399770246984492,-0.2588300835654596,-0.20108747044917258,-0.19361742570231744,0.3571938899964253,0.15114221788784257,Utilities—Regulated Water,Utilities,AWR
2010Q2,2010,Q2,2010-08-06,2010-06-30,8975000.0,95476000.0,21150000.0,0.24,69640000.0,0.7293979638862123,1159630000.0,369534000.0,172051000.0,154808000.0,790096000.0,2240000.0,144140000.0,615608640.0,949508640.0,9.946543927648579,1.1113831326546433,0.29363072704224624,0.9214388933088701,0.01719124780588705,9.946543927648579,0.024287345684023662,6.44778415518036,17.147872980501393,1.665905275292666,0.5380501392757661,11.533928571428572,0.007844269372177751,0.08233315799004855,0.411658312231926,0.007739537611134586,-48.515142249192216,0.7293979638862123,0.0666666666666666,0.4130566706992063,0.425036867921137,0.3132815732488132,-0.008894897886572262,0.05712603062426384,0.0803493895898248,0.12796657378175016,0.10868548798524272,0.16281893529038494,Utilities—Regulated Water,Utilities,AWR
2010Q1,2010,Q1,2010-05-07,2010-03-31,8490000.0,90283000.0,19577000.0,0.225,70265000.0,0.7782749797857847,1132854000.0,363966000.0,107377000.0,106093000.0,768888000.0,2090000.0,140013000.0,643546200.0,965959200.0,9.81252021999353,1.0121025892377442,0.28908667842458075,0.8997900902831584,0.016517140687089406,9.81252021999353,0.023326354659501163,7.1280994207104325,18.950123674911662,1.7681492227295956,0.567962308598351,9.577990430622009,0.007492857544648697,0.07969517696013785,0.5124372013233672,0.0074943461381607865,165.64895752895754,0.7782749797857847,1.4725274725274726,1.0384860609682012,0.6386214568629676,0.30641860807129573,0.08356722080004934,1.4955908289241622,0.7625821553974971,0.11790507526006669,0.14881314261640707,0.16492492561918753,Utilities—Regulated Water,Utilities,AWR
2009Q4,2009,Q4,2010-03-12,2009-12-31,3402000.0,86310000.0,11107000.0,0.091,64846000.0,0.751315027227436,1113293000.0,359430000.0,96015000.0,99706000.0,753863000.0,1900000.0,136364000.0,656713859.9999999,978989859.9999999,9.690229699126496,0.9629811646239945,0.2909934761109609,0.9013187546949336,0.009181657215771657,9.690229699126496,0.009464986228194642,7.60878067431352,48.2593959435626,1.8270980719472498,1.414756025867137,11.296842105263158,0.007328914909759937,0.07752676070001338,0.5351132329047399,0.0030557993268618415,1855.1238983050844,0.751315027227436,-0.65,0.15281857157049805,0.47039353854492655,0.2917737258629169,-0.11375035875849061,-0.6492060218601774,-0.5053662881318192,-0.41402935941545604,0.10019175716614412,0.16494228762575083,Utilities—Regulated Water,Utilities,AWR
2009Q3,2009,Q3,2009-11-05,2009-09-30,9698000.0,101501000.0,22455000.0,0.26,73169000.0,0.7208697451256638,1116703000.0,666045000.0,99664000.0,99000000.0,450658000.0,0.0,0.0,669402360.0,989502360.0,17.999270349151445,1.0067070707070707,0.0,0.0,0.01945598173897278,17.999270349151445,0.014560577738741377,6.595032167170767,17.25619612291194,1.0050407404905073,0.47690245411425036,0.0,0.006909148034673795,0.09089346048143508,0.07474747474747474,0.008684493549314366,-90.36208963282937,0.7208697451256638,-0.1875,0.0013813908436856352,0.21856909370510474,1.168380421845608,-0.0024404210067077493,-0.15662231498391163,-0.08399282042914254,0.5991898141166322,0.26493490391718005,1.2010650969784205,Utilities—Regulated Water,Utilities,AWR
2009Q2,2009,Q2,2009-08-07,2009-06-30,11499000.0,93553000.0,24514000.0,0.32,73348000.0,0.7840261669855589,1101079000.0,353979000.0,97416000.0,88863000.0,747100000.0,1772000.0,132737000.0,618705040.0,926791040.0,9.909271597334975,1.0962492826035584,0.2886623030681722,0.897906372976928,0.021815990809924888,9.909271597334975,0.032484977922419125,6.613417421140958,13.45127924167319,1.7478580367761931,0.3767284111661884,11.40237020316027,0.007001720884639957,0.0849648390351646,0.6913901173716845,0.01044339234514508,7545.183414634146,0.7840261669855589,1.2857142857142856,0.46300114704284967,0.3458232153696268,0.4016834805968997,0.16005567153792624,1.3315085158150852,1.1469609388684534,0.7336211773216308,0.4229605089519659,0.21916377628490932,Utilities—Regulated Water,Utilities,AWR
2009Q1,2009,Q1,2009-05-11,2009-03-31,4932000.0,79609000.0,11418000.0,0.14,63228000.0,0.7942318079614114,1095272000.0,311857000.0,107261000.0,131275000.0,783415000.0,1857000.0,125587000.0,628771840.0,965357840.0,9.006960489833642,0.817071034088745,0.3300358267170164,1.1591178007868992,0.01328362333860094,9.006960489833642,0.01581494082223583,7.898250700297705,31.872051905920518,2.016218459101447,0.8775344687753447,8.821217016693591,0.006883259911894273,0.07268422820997889,0.5145305656065511,0.004502991037842655,298.4204271476032,0.7942318079614114,0.7073170731707318,2.7845999748381423,0.5006615073956766,0.30047388559585886,-0.1106547577185456,0.7208653175157014,-0.7223924142961342,-0.1883630923377783,0.27500974676985424,0.13356356917931325,Utilities—Regulated Water,Utilities,AWR
2008Q4,2008,Q4,2009-03-13,2008-12-31,2866000.0,84202000.0,41130000.0,0.082,71095000.0,0.8443386142846964,970150000.0,324533000.0,62498000.0,68024000.0,645617000.0,1543000.0,129805000.0,570949760.0,828024760.0,9.373064926062847,0.9187639656591791,0.2689140854507035,0.8038843507439921,0.07248282287668087,9.373064926062847,0.008831151223450311,6.780714947388423,49.80371249127704,1.759296465998835,0.0928122819260293,8.49449125081011,0.00046589037886625965,0.08679276400556615,0.5207279783605786,0.002954182342936659,100.91017320607989,0.8443386142846964,-0.36923076923076925,2.396305702479762,0.467689408265724,0.3430990172046363,0.06605188184135552,-0.37038664323374343,0.8694604790691333,-0.4472021166768827,0.4133225030518443,0.19293682664060685,Utilities—Regulated Water,Utilities,AWR
2008Q3,2008,Q3,2008-11-07,2008-09-30,4552000.0,85261000.0,22001000.0,0.13,66690000.0,0.7821864627438102,1020183000.0,311001000.0,76392000.0,134971000.0,709182000.0,1817000.0,126481000.0,664818000.0,996640000.0,9.00512508686588,0.5659882493276334,0.3264737797042295,1.0709386786537665,0.019490438834484005,9.00512508686588,0.014636608885501976,7.7974454909043995,36.51241212653778,2.1376715830495723,0.9474956063268892,10.220693450742983,0.006487489809241026,0.08357422148771348,0.4213423624334116,0.00446194457268941,-148.49631449631448,0.7821864627438102,-0.5094339622641509,-0.48596923661308705,0.17787516813153872,0.25936883930870724,0.0759228187919463,-0.5096412797586987,-0.1650791241319115,-0.6383941448449695,0.21727854686817863,0.15004972514893247,Utilities—Regulated Water,Utilities,AWR
2008Q2,2008,Q2,2008-08-08,2008-06-30,9283000.0,80313000.0,26351000.0,0.265,61984000.0,0.7717804091492038,1002541000.0,309181000.0,69984000.0,119291000.0,693360000.0,1683000.0,126259000.0,602645120.0,926661120.0,8.96280728200371,0.5866662195806892,0.32356482178783713,1.0491815473783965,0.025621690726052585,8.96280728200371,0.03002448404009302,7.5037057512482415,16.2298050199289,1.9491660871787075,0.46450500915652265,10.890671420083185,0.007155123068116772,0.08010944190811149,0.4168210510432472,0.009259471682454883,-117.17774061831616,0.7717804091492038,0.7666666666666668,1.8104739260714748,0.3659883607531615,0.2794631496805974,0.12554930088977664,0.7501885369532428,0.7007228604621144,0.5740804741092759,0.2910147145455943,0.18339492929967013,Utilities—Regulated Water,Utilities,AWR
2008Q1,2008,Q1,2008-05-09,2008-03-31,5304000.0,68942000.0,15494000.0,0.15,55070000.0,0.7987873864987961,975385000.0,303509000.0,59840000.0,103076000.0,671876000.0,1638000.0,121307000.0,620604000.0,935214000.0,8.802975810661872,0.5805425123210058,0.32333386303869754,1.0390960399856346,0.013891378680572821,8.802975810661872,0.017475593804467084,9.001827623219517,29.251696832579185,2.044763087750281,0.8124057315233786,8.468864468864469,0.006943235944338096,0.07068183332735278,0.44783460747409676,0.005437852745326204,-103.0048132780083,0.7987873864987961,-0.16666666666666666,0.5628627707145325,0.3013040029535216,0.2535414444585005,-0.11148757663762504,-0.12977850697292864,-0.15240700218818382,0.3700668460579123,0.34615391793328837,0.17200995744371078,Utilities—Regulated Water,Utilities,AWR
2007Q4,2007,Q4,2008-03-14,2007-12-31,6095000.0,74012000.0,18280000.0,0.18,61980000.0,0.8374317678214344,963898000.0,302129000.0,63015000.0,94251000.0,661769000.0,1576000.0,120333000.0,649565520.0,952902520.0,8.762950287139626,0.6685870706942102,0.31645983288688223,1.0096184080310067,0.016062964275643125,8.762950287139626,0.020173502047138806,8.776489217964654,26.643376538146022,2.149960844539915,0.7053322395406071,7.634517766497462,0.006618270009159353,0.07678405806423501,0.4837932754029135,0.006323283168966011,-78.86905293831957,0.8374317678214344,-0.18181818181818185,0.5528776516561252,0.29619658371202146,0.2480524473677824,0.07632195884344882,-0.20107484598243544,-0.10105729038603393,1.221971840212937,0.35647812606305707,0.16816105432364162,Utilities—Regulated Water,Utilities,AWR
2007Q3,2007,Q3,2007-11-09,2007-09-30,7629000.0,75842000.0,20335000.0,0.22,57585000.0,0.759275862978297,965595000.0,298947000.0,69198000.0,89012000.0,666648000.0,1792000.0,118568000.0,681173170.0,974702170.0,8.691835785311392,0.7774007998921494,0.3077511793246651,0.9940323870117446,0.02022119593624853,8.691835785311392,0.025519573703699987,8.981476886158065,22.32183674138157,2.278575031694581,0.5273299252850964,10.188058035714286,0.005905987166229698,0.0785443172344513,0.6289826090864153,0.007900827986888913,-633.0605669144982,0.759275862978297,0.047619047619047665,-0.11995334506532306,0.08472353237479982,0.26592257853969425,-0.10715393202679235,0.04192843485386506,-0.2092164106552596,-0.15247808497636142,-0.02038460753580704,0.04710947617133815,Utilities—Regulated Water,Utilities,AWR
2007Q2,2007,Q2,2007-08-09,2007-06-30,7322000.0,79246000.0,25715000.0,0.21,64496000.0,0.8138707316457613,955841000.0,292438000.0,70210000.0,83855000.0,663403000.0,1649000.0,114996000.0,608033580.0,899483580.0,8.553820053820054,0.837278635740266,0.3104323836286579,1.0146560980447137,0.025493093684357718,8.553820053820054,0.025037785787072817,7.672735280014133,20.76050191204589,2.079187998823682,0.5475279978148047,8.94481503941783,0.006593385845564648,0.08290709438075998,0.6849084729592749,0.007660269856597488,97.45689693861196,0.8138707316457613,0.049999999999999906,0.19248824805402548,0.32846742295248044,0.27385855963260175,0.13154847538510123,0.04839633447880871,0.12572779407258242,-0.026633516052294012,0.19115894877555714,0.20995253260215485,Utilities—Regulated Water,Utilities,AWR
2007Q1,2007,Q1,2007-05-10,2007-03-31,6984000.0,72270000.0,22843000.0,0.2,56998000.0,0.7886813338868134,949779000.0,287319000.0,71712000.0,88388000.0,662460000.0,1667000.0,111716000.0,628817850.0,924134850.0,8.423306948109058,0.8113318550029416,0.3204629708595368,1.0593417073009443,0.022487720040087398,8.423306948109058,0.02430747705511992,8.700952677459528,22.509230025773196,2.188570369519593,0.5738831615120275,9.161367726454708,0.006373864864046083,0.07609138546967242,0.6572272254152147,0.007353289554727994,148.72702223273416,0.7886813338868134,0.25000000000000006,0.6263777391043993,0.4402720314546747,0.2583092614807906,0.2649917883616672,0.3081101329837048,1.043384918150103,4.439972003112812,0.38284705342183556,0.2162028165592972,Utilities—Regulated Water,Utilities,AWR
