Quarters,Year,Quarter,FillingDate,Date,NetIncome,Revenue,OperatingIncome,EPSDiluted,GrossProfit,GrossProfitRatio,TotalAssets,CommonStockEquity,CurrentAssets,CurrentLiability,TotalLiability,Inventory,RetainedEarnings,MarketCap,EnterpriseValue,bookValuePerShare,currentRatio,debtToAssets,debtToEquity,roic,shareholdersEquityPerShare,roe,priceToSalesRatio,peRatio,pbRatio,payoutRatio,inventoryTurnover,dividendYield,assetTurnover,quickRatio,returnOnAssets,priceToFreeCashFlowsRatio,grossProfitMargin,epsdilutedGrowth,fiveYNetIncomeGrowthPerShare,fiveYRevenueGrowthPerShare,fiveYShareholdersEquityGrowthPerShare,grossProfitGrowth,netIncomeGrowth,operatingIncomeGrowth,threeYNetIncomeGrowthPerShare,threeYRevenueGrowthPerShare,threeYShareholdersEquityGrowthPerShare,Industry,Sector,Symbol
2023Q1,2023,Q1,2023-04-26,2023-03-31,24226000.0,380846000.0,36382000.0,0.29,232871000.0,0.6114571244,3742399000.0,1674938000.0,1029482000.0,282293000.0,2067461000.0,351275000.0,903344000.0,4702998839.46,5336476839.46,20.44614380365038,3.646856280531221,0.251401574230861,0.5617192994606367,0.01061842778483816,20.44614380365038,0.01446381895926894,12.348820361668496,48.53255633885082,2.8078644340626338,0.0,0.4212511565013166,0.0,0.10176520461874856,1.9885792421349449,0.006473387792162193,377.6902376694507,0.6114571244019893,-0.5396825396825398,1.1206041594063865,0.026209559052445517,0.6141035022109758,-0.0688325969170482,-0.542439466626374,-0.46370872641509436,1.7442907969346002,0.11773776838720511,0.29807885236906506,Medical Devices,Healthcare,IART
2022Q4,2022,Q4,2023-02-22,2022-12-31,52946000.0,398022000.0,67840000.0,0.63,250085000.0,0.6283195401,3889758000.0,1804403000.0,1161498000.0,320906000.0,2085355000.0,324583000.0,879118000.0,4712194008.9,5870892008.9,21.47043946384913,3.619433728256873,0.4152852182577939,0.895231830139941,0.015574602833868119,21.47043946384913,0.029342669015735397,11.839029020757646,22.25000004202395,2.61149754733283,0.0,0.4557755643394756,0.0,0.10232564596563591,2.24404031086985,0.013611643706369393,66.48316838652332,0.6283195401259227,0.050000000000000044,0.1134758179848865,0.00725540894073025,0.7490835880987842,0.05634308499404425,0.06072322949013323,0.04290611692723947,2.5314380767559244,0.029246092180613806,0.3013480540910407,Medical Devices,Healthcare,IART
2022Q3,2022,Q3,2022-10-26,2022-09-30,49915000.0,385191000.0,65049000.0,0.6,236746000.0,0.6146197601,3807013000.0,1724414000.0,1196453000.0,304452000.0,2082599000.0,311060000.0,826172000.0,3517659120.0,4720135120.0,20.765564413188507,3.9298575801768423,0.45033021951855695,0.9942003486401757,0.01529801221337709,20.765564413188507,0.028946065156047213,9.132246392049659,17.61824661925273,2.039915658304792,0.0,0.4772230437857648,0.0,0.10117932352739537,2.4969617542338365,0.013111329013060896,59.462103519388755,0.6146197600670836,0.111111111111111,13.876906874410146,0.30065344994009285,0.7780615159624369,-0.05077963682435819,0.11447262659640975,0.08655853809277231,2.8683377064486186,0.05007129043739927,0.28673948965095203,Medical Devices,Healthcare,IART
2022Q2,2022,Q2,2022-07-27,2022-06-30,44788000.0,397815000.0,59867000.0,0.54,249411000.0,0.6269522265,3752862000.0,1660917000.0,1137414000.0,295596000.0,2091945000.0,320208000.0,776257000.0,4493567040.0,5761849040.0,19.97062572143132,3.847866682905046,0.4571002077880828,1.0328234342835916,0.014673161560974252,19.97062572143132,0.02696582670898064,11.295619923833943,25.082427435920337,2.7054735667104377,0.0,0.4634612501873782,0.0,0.1060030984352742,2.31570454268664,0.011934358364362985,78.7364342660896,0.6269522265374609,0.38461538461538464,2.7879614741248853,0.2919697661518812,0.7014284176014277,0.0655447752585776,0.36129600923984073,0.29683303006671863,0.5480947517065141,0.06578604386296415,0.20139894191945534,Medical Devices,Healthcare,IART
2022Q1,2022,Q1,2022-04-27,2022-03-31,32901000.0,376638000.0,46164000.0,0.39,234069000.0,0.6214694216,3671997000.0,1615197000.0,1066053000.0,315833000.0,2056800000.0,328005000.0,731469000.0,5374192320.0,6616133320.0,19.313145685861873,3.3753692616034425,0.44908342790040406,1.0209485282600204,0.011476165139773599,19.313145685861873,0.02036965150381037,14.268853169356252,40.83608644114161,3.327267398342122,0.0,0.434654959528056,0.0,0.10257034523721016,2.029876548682373,0.008959974640502157,177.50081976417744,0.6214694215665971,-0.2641509433962264,3.60004755218791,0.3018502023735102,0.6937977494231176,-0.06099713568202059,-0.27505288207297723,-0.27769432970334207,0.026080836819366737,0.0696928974051233,0.18109031421773977,Medical Devices,Healthcare,IART
2021Q4,2021,Q4,2022-02-24,2021-12-31,45384000.0,405524000.0,63912000.0,0.53,249274000.0,0.6146960476,3782383000.0,1684804000.0,1062665000.0,0.0,2097579000.0,317386000.0,0.0,5674119990.0,6104807990.0,19.89119372852741,0.0,0.0,0.0,0.03324413525122876,19.89119372852741,0.026937257983717988,13.992069495270316,31.256169520095185,3.3678220077825074,0.0,0.49230274807332397,0.0,0.10721389134839068,0.0,0.011998784893015858,81.90481675014796,0.6146960475828804,0.03921568627450984,0.417305235748717,0.3992499758830717,0.7700707487558377,0.028387783475595417,0.049850794605473175,0.13240844097166854,0.8476352393589526,0.08269201957442371,0.25325524437653024,Medical Devices,Healthcare,IART
2021Q3,2021,Q3,2021-11-02,2021-09-30,43229000.0,386861000.0,56439000.0,0.51,242393000.0,0.6265635460798581,3774465000.0,1631687000.0,1103785000.0,332858000.0,2142778000.0,327167000.0,653184000.0,5800119040.0,6982387040.0,19.26476422111502,3.31608373540669,0.43781012673319264,1.0127548972321285,0.014160118097910004,19.26476422111502,0.02649343899902371,14.992772701306153,33.54298642115246,3.5546762583755345,0.0,0.4415726524985711,0.0,0.10249426077603051,2.080355587067158,0.011453013870839973,76.82989204297087,0.6265635460798581,0.24390243902439035,0.8884728706530297,0.3599403344032129,0.7437853464321509,0.015364959681642056,0.23271928823999088,0.08842133683033132,2.268222609043954,0.06284987267340501,0.20144311761440156,Medical Devices,Healthcare,IART
2021Q2,2021,Q2,2021-07-29,2021-06-30,35068000.0,389992000.0,51854000.0,0.41,238725000.0,0.612127941085971,3712787000.0,1574981000.0,1032382000.0,318756000.0,2137806000.0,323618000.0,609955000.0,5771398000.0,7026843000.0,18.62229973396394,3.238784524840317,0.44518013018252867,1.0494469457091864,0.012156917004908514,18.62229973396394,0.022265665427074994,14.79875997456358,41.14433386563248,3.6644238882881757,0.0,0.4674245561124536,0.0,0.1050402298866054,1.9677653126529382,0.009445195751870495,68.17470704970705,0.612127941085971,-0.22641509433962273,1.4183255438304814,0.3759478370074182,0.7430457742880109,0.11424610731488742,-0.22747499669559854,0.6882854724229993,2.0041929719749567,0.03790028047398653,0.14382598691599607,Medical Devices,Healthcare,IART
2021Q1,2021,Q1,2021-04-29,2021-03-31,45394000.0,360071000.0,30714000.0,0.53,214248000.0,0.5950159829589164,3741554000.0,1529331000.0,1039075000.0,412301000.0,2212223000.0,328049000.0,574888000.0,5838588630.0,7179873630.0,18.097092548546275,2.5201854955481555,0.46778985416220104,1.1444618594666556,0.006114837747140755,18.097092548546275,0.029682259759332676,16.21510377120068,32.155068015596775,3.817740325671813,0.0,0.44451591073284785,0.0,0.09623568175148614,1.534117064959823,0.012132392048865258,93.5581295067782,0.5950159829589164,-0.5137614678899083,2.409562140277865,0.33049421122984546,0.7233550284641813,-0.11313116260586643,-0.5105451565599931,-0.4165827713932947,2.8518643964258903,-0.05947695291625259,0.42865964080862745,Medical Devices,Healthcare,IART
2020Q4,2020,Q4,2021-02-23,2020-12-31,92744000.0,388647000.0,52645000.0,1.09,241578000.0,0.6215871986661418,3615136000.0,1514867000.0,1237202000.0,401013000.0,2100269000.0,310117000.0,532265000.0,5475158040.0,6660399040.0,17.962068842856635,3.0851917518883427,0.45791002053588026,1.0927738210681202,0.03835361752302987,17.962068842856635,0.06122253636787916,14.087740391666474,14.758793129474682,3.6142829964610756,0.0,0.4742371427557986,0.0,0.10750549910155524,1.7348514886051076,0.02565435989130146,105.62666229381692,0.6215871986661418,1.8684210526315792,4.423832395472719,0.41182964156117735,0.7660813852622482,0.026153146915525803,1.8680458917030027,-0.08510305515970942,0.9436045874578898,-0.019918235953741276,0.46327511713207964,Medical Devices,Healthcare,IART
2020Q3,2020,Q3,2020-10-29,2020-09-30,32337000.0,370232000.0,57542000.0,0.38,235421000.0,0.6358742626245165,3453521000.0,1397987000.0,1152096000.0,255146000.0,2055534000.0,307839000.0,439521000.0,3979512720.0,5213329720.0,16.588198300821112,4.515438219685984,0.4720098705060719,1.1660308715317096,0.014323967264147686,16.588198300821112,0.02313111638377181,10.748700058341797,30.765939326468132,2.8466020928663855,0.0,0.43792696831785444,0.0,0.10720421274403717,2.4082799651963973,0.009363487293113319,63.25522507629705,0.6358742626245165,88.23599632690544,1.8889896391055154,0.4334737547796014,0.678223091757089,0.5368210096156985,88.63414634146342,3.086789772727273,8.496753848668984,0.2318371709273403,0.42037251822112354,Medical Devices,Healthcare,IART
2020Q2,2020,Q2,2020-08-10,2020-06-30,-369000.0,258665000.0,14080000.0,-0.004356,153187000.0,0.5922215993659753,3391759000.0,1349096000.0,966222000.0,212415000.0,2042663000.0,358756000.0,407184000.0,3980334940.0,5283610940.0,15.926805657214365,4.548746557446508,0.49067666659099307,1.2336090241168902,-0.0010068971097347654,15.926805657214365,-0.00027351648807794255,15.387991958711075,-2696.7038888888887,2.9503719083000766,0.0,0.29401041376311476,0.0,0.07626278871818429,2.5427771108443378,-0.00010879310705742949,153.68088571428572,0.5922215993659753,-1.0396,-1.0577154385471517,-0.17154119541230511,0.481814156644398,-0.3063690864304861,-1.0401960784313726,-0.4805003136184186,-1.0306416631412578,-0.17519563951184017,0.3569088983385912,Medical Devices,Healthcare,IART
2020Q1,2020,Q1,2020-05-07,2020-03-31,9180000.0,354324000.0,27103000.0,0.11,220848000.0,0.6232939343651573,3447565000.0,1341803000.0,1008672000.0,246485000.0,2105762000.0,338082000.0,407553000.0,3805347960.0,5037290960.0,15.751079964314222,4.092224678986551,0.4610950047352262,1.1847156400753314,0.0071417799333340585,15.751079964314222,0.006841540822311472,10.739740915094659,103.63148039215686,2.8359960143180483,0.0,0.39480362752231707,0.0,0.10277514709657395,2.447443049272775,0.002662748925691031,-5397.656680851064,0.6232939343651573,-0.3834011592058207,-0.1584719490649688,0.16542435579170986,0.4987010697931268,-0.10101968127327865,-0.4007441739016907,-0.24880820399113082,0.260056342439293,0.202351668975778,0.38139815380098185,Medical Devices,Healthcare,IART
2019Q4,2019,Q4,2020-02-21,2019-12-31,15319000.0,395127000.0,36080000.0,0.178398,245665000.0,0.6217368086716423,3303240000.0,1416736000.0,858168000.0,331309000.0,1886504000.0,316054000.0,398574000.0,5004503600.0,6165906600.0,16.49861418423198,2.5902344940825635,0.4118120390888945,0.9601746549815915,0.0072503693301643034,16.49861418423198,0.010812882569511892,12.665557149979627,81.67151250081598,3.532417895782983,0.0,0.47290020059863186,0.0,0.11961801140698224,1.4313133660721562,0.004637567963575157,74.70523361695776,0.6217368086716423,1.5545132413278628,-0.3194786097423035,0.19485011030428787,0.5339038877273157,0.038932753669769386,1.5548352046360014,2.7525622965949386,-0.528112892655469,0.34481494879812463,0.46817303984295383,Medical Devices,Healthcare,IART
2019Q3,2019,Q3,2019-10-25,2019-09-30,-27610000.0,379095000.0,-20587000.0,-0.32172,236459000.0,0.6237460267215342,3346580000.0,1384974000.0,883813000.0,302641000.0,1961606000.0,302622000.0,383255000.0,5155207400.0,6388110400.0,16.138126310883244,2.9203346539299035,0.43055417769782883,1.0403689888763255,-0.007041231611250558,16.138126310883244,-0.019935392288952716,13.59872169245176,-46.678806591814556,3.722241283951901,0.0,0.4713338752635301,0.0,0.11327833190899365,1.6161062116501068,-0.00825021365095112,-359.3230222346135,0.6237460267215342,-1.946235294117647,-3.135613756595274,0.25182499191667934,0.5315243678929924,-0.014647420137181528,-1.9285041700295937,-1.4479427315650906,-2.1903827168229344,0.3152175826140267,0.46077200098535953,Medical Devices,Healthcare,IART
2019Q2,2019,Q2,2019-07-25,2019-06-30,29736000.0,383645000.0,45959000.0,0.34,239974000.0,0.6255105631508295,3290410000.0,1420951000.0,868672000.0,315111000.0,1869459000.0,296505000.0,410865000.0,4737412440.0,5926713440.0,16.622809480358438,2.7567174741598994,0.4149589260912774,0.9608952032828718,0.012979529106477618,16.622809480358438,0.02092682998921145,12.3484274263968,39.82893159806296,3.333973120818382,0.0,0.48454832127620107,0.0,0.11659489242981878,1.4997604018901276,0.009037171659458852,153.5130408295528,0.6255105631508295,-0.1052631578947368,3.696470988711013,0.26370171517055196,0.5710910076019751,0.03984781911620692,-0.09219684943216509,0.4225269283149684,1.0288673123451109,0.3391929234520683,0.5558936455463224,Medical Devices,Healthcare,IART
2019Q1,2019,Q1,2019-04-29,2019-03-31,32756000.0,359690000.0,32308000.0,0.38,230778000.0,0.6416024910339458,3205711000.0,1397030000.0,822686000.0,288106000.0,1808681000.0,286962000.0,381129000.0,4692944550.0,5900694550.0,16.351963481008955,2.855497629344755,0.42573238822838366,0.9769117341789367,0.015436671343117764,16.351963481008955,0.02344688374623308,13.047192165475826,35.81744222432532,3.3592296156847024,0.0,0.4492302116656561,0.0,0.1122028779263009,1.5136685803141898,0.010218014038071429,350.2720219435737,0.6416024910339458,0.310344827586207,10.218783760416335,0.26366269472823084,0.5540624892507774,-0.025640592608855355,0.30304717956878036,-0.05277354286384426,1.4335926210209289,0.31464976797437894,0.5571693858924945,Medical Devices,Healthcare,IART
2018Q4,2018,Q4,2019-02-26,2018-12-31,25138000.0,383315000.0,34108000.0,0.29,236851000.0,0.617901725734709,3107887000.0,1375796000.0,775082000.0,262552000.0,1732091000.0,280347000.0,348373000.0,3909392430.9,5124767430.9,15.871622175754696,2.9521085346902707,0.43573431080344943,0.9843123544478978,0.012810712498635137,15.871622175754696,0.018271604220393138,10.198902810743123,38.87931051495744,2.8415494963642867,0.0,0.5224382640085323,0.0,0.1233362088132548,1.540932843779518,0.008088453666429957,229.92368587308124,0.617901725734709,0.9333333333333332,0.536526300425705,0.2929485539576079,0.5287134970380578,0.06397764690556088,0.8907860097781121,0.4405541242556067,0.43033110188528445,0.3547782416976329,0.560542759508652,Medical Devices,Healthcare,IART
2018Q3,2018,Q3,2018-11-01,2018-09-30,13295000.0,365854000.0,23677000.0,0.15,222609000.0,0.6084640321002367,3178642000.0,1365081000.0,827983000.0,258340000.0,1813561000.0,290846000.0,323236000.0,5491929830.0,6718189830.0,16.034686901671503,3.2050127738639005,0.4505858162070469,1.0492058712999448,0.010207791665428446,16.034686901671503,0.009739348800547366,15.011260858156533,103.27058725084619,4.023153080293404,0.0,0.4925115009317646,0.0,0.1150975794065516,1.7601958659131378,0.004182603766010768,87.75574174682816,0.6084640321002367,0.07142857142857129,1.3051801072857196,0.12434840047930576,0.7910879812645156,-0.026313832695462003,0.1686884669479606,-0.14319316783672287,1.361818935165228,0.40226333026319483,0.6222245080195368,Medical Devices,Healthcare,IART
2018Q2,2018,Q2,2018-07-26,2018-06-30,11376000.0,366190000.0,27634000.0,0.14,228625000.0,0.6243343619432535,3185773000.0,1341905000.0,821322000.0,233342000.0,1843868000.0,290517000.0,309941000.0,5308865430.0,6601582430.0,16.280710481297696,3.5198206923742834,0.46346302765451275,1.1002924946251784,0.008761314434152083,16.280710481297696,0.008477500270138348,14.497570741964553,116.66810456223628,3.9562155517715483,0.0,0.47351790084573364,0.0,0.11494541513158658,1.8948624765365858,0.003570875891031784,327.44497810399065,0.6243343619432535,0.0039080707038113924,1.23664178180114,0.20492670677985375,0.7568792337630522,0.07406276425819788,0.034934497816593885,0.08033934086555378,0.8286095069647674,0.2053286678707495,0.5147411094633318,Medical Devices,Healthcare,IART
2018Q1,2018,Q1,2018-04-26,2018-03-31,10992000.0,357082000.0,25579000.0,0.139455,212860000.0,0.596109577071933,3247693000.0,998440000.0,848650000.0,336020000.0,2249253000.0,290474000.0,297500000.0,4361954140.0,6004585140.0,12.667182603620862,2.5255937146598417,0.5641010403384803,1.8348894275069108,0.010877680109349785,12.667182603620862,0.011009174311926606,12.215553122252032,99.2074722525473,4.368769420295662,0.0,0.49650571135454463,0.0,0.10994943179666304,1.3738944110469615,0.0033845563604688006,166.84341110771115,0.596109577071933,-0.7509732142857143,2.9321262664067245,0.2926572877907561,0.3939915359114902,-0.03434634874405142,-0.7521812647954007,2.5437794402881684,0.08902817873835506,0.26936921136216896,0.20527101394459968,Medical Devices,Healthcare,IART
2017Q4,2017,Q4,2018-03-01,2017-12-31,44355000.0,368602000.0,7218000.0,0.56,220431000.0,0.5980190015246797,3211257000.0,962306000.0,822146000.0,348911000.0,2248951000.0,296332000.0,285186000.0,3751936840.0,5418143840.0,12.27525065693803,2.356320093089642,0.573339972478067,1.9132604389871828,-0.024842337209602695,12.27525065693803,0.04609240719687916,10.178829306406367,21.147203471987375,3.8989020540243957,0.0,0.5000168729668075,0.0,0.11478433523072118,1.2230454184591486,0.013812348248676453,-1746.7117504655494,0.5980190015246797,13.0,1.4735536148624746,0.22569252022708367,0.3252126140148173,0.24483134455632297,13.040835707502374,-0.32174403307648936,1.158303854278699,0.2209364137995195,0.1412506829512867,Medical Devices,Healthcare,IART
2017Q3,2017,Q3,2017-10-26,2017-09-30,3159000.0,278834000.0,10642000.0,0.04,177077000.0,0.63506243858353,2418187000.0,913116000.0,944943000.0,210234000.0,1505071000.0,232340000.0,240831000.0,3946829279.9999995,4636269280.0,11.678766019491981,4.4947201689545935,0.48440546574768617,1.282841391455193,0.004985364357095659,11.678766019491981,0.0034595823531730907,14.154763335891603,312.3479962013295,4.322374462828381,0.0,0.4379659120254799,0.0,0.11530704614655525,3.1063909738672146,0.0013063505841359663,105.40055760294824,0.63506243858353,-0.7142857142857143,-0.826005251935259,-0.03422722765117037,0.26149059215938036,-0.03324306912855006,-0.7084448546377481,-0.37344715925816896,-0.7317958805858603,0.010650058033736459,0.1083266050353334,Medical Devices,Healthcare,IART
2017Q2,2017,Q2,2017-07-26,2017-06-30,10835000.0,282164000.0,16985000.0,0.14,183166000.0,0.6491473044045307,2101131000.0,894555000.0,616166000.0,177877000.0,1206576000.0,234680000.0,237673000.0,4154370630.0,4879770630.0,11.737564457507249,3.4640004047740853,0.41882205345597207,0.9837293402865112,0.012960043389779755,11.737564457507249,0.01211216750227767,14.72324828822954,95.85534448546377,4.644063953585861,0.0,0.42184250894835523,0.0,0.1342914839674442,1.8322942257852337,0.005156746533176656,258.80704149015696,0.6491473044045307,0.7500000000000001,-0.050915238880180416,0.001245574531703908,0.3153073835709665,0.0646029375010898,0.6945573975602127,0.70549251932925,0.9193917728123437,0.042466849395401275,0.10936613886647009,Medical Devices,Healthcare,IART
2017Q1,2017,Q1,2017-04-26,2017-03-31,6394000.0,258636000.0,9959000.0,0.08,172051000.0,0.6652244853771323,2049015000.0,852491000.0,568919000.0,188083000.0,1196524000.0,239809000.0,226837000.0,3149849450.0,3880736450.0,11.402273791212465,3.024829463587884,0.41727366563934376,1.0029431395756672,0.007859478392330956,11.402273791212465,0.007500372437949492,12.17869689447718,123.15645331560839,3.69487707201601,0.0,0.3610581754646406,0.0,0.12622455179683897,1.5611884114991785,0.003120523763857268,159.96391498654208,0.6652244853771323,-0.7714285714285714,-0.3139384964067251,-0.053251948441431655,0.20407056805430546,0.010626049975916636,-0.7736476918719909,-0.7557272504292372,1.5024478330682436,0.03831531984413806,0.08365249296637903,Medical Devices,Healthcare,IART
2016Q4,2016,Q4,2017-02-23,2016-12-31,28248000.0,255664000.0,40770000.0,0.35,170242000.0,0.6658817823393204,1807954000.0,839667000.0,495170000.0,123601000.0,968287000.0,217263000.0,220443000.0,3205114400.0,3768059400.0,11.237513383297644,4.006197360862776,0.3678190927424038,0.7919806304165818,0.021575735810261412,11.237513383297644,0.0336419080421167,12.536432192252331,28.365852449730955,3.817125598600398,0.0,0.39317325085265326,0.0,0.14141067748405103,2.0245871797153745,0.015624291325996126,-218.5851735661188,0.6658817823393204,0.3999999999999999,3.451389327172321,-0.09733043025268365,0.22476254080281485,0.057384023900175773,0.4023034154090548,0.35471008473168303,1.003054858799454,0.00043959636785651803,0.08236815317058534,Medical Devices,Healthcare,IART
2016Q3,2016,Q3,2016-10-28,2016-09-30,20144000.0,250332000.0,30095000.0,0.25,161003000.0,0.6431578863269578,1827424000.0,823427000.0,511877000.0,161397000.0,1003997000.0,219671000.0,192195000.0,3076390850.0,3656540850.0,11.047669519950627,3.171539743613574,0.3763483460871697,0.8352264378020152,0.016050535801893032,11.047669519950627,0.02446361365366936,12.28924328491763,38.179989699166,3.7360820692058914,0.0,0.4066490342375644,0.0,0.13698627138529426,1.5387398774450578,0.011023167037315916,77.30984972231298,0.6431578863269578,0.5625,0.37419029799697245,-0.05037790100858703,0.25927144781075473,0.007881360176282052,0.5793022344178753,0.3449077177458998,1.5281497775060706,-0.12127501180822872,0.23403395523134277,Medical Devices,Healthcare,IART
2016Q2,2016,Q2,2016-07-28,2016-06-30,12755000.0,249309000.0,22377000.0,0.16,159744000.0,0.6407470247764822,1814162000.0,794787000.0,493986000.0,149827000.0,1019375000.0,220442000.0,172052000.0,2967496880.0,3586234880.0,10.683769760189268,3.2970425891194513,0.3889073853382443,0.8877107954709879,0.012730876758474209,10.683769760189268,0.016048324897110798,11.902887099944246,58.163404155233245,3.7337008280205892,0.0,0.4062973480552708,0.0,0.13742378023572316,1.550948760904243,0.007030794383302043,83.1907398166578,0.6407470247764822,0.03225806451612906,13.499489307770876,0.024684981717237816,0.21726735643648537,0.0509681112127213,0.09503777472527472,0.011664180116641802,1.7784942101176169,-0.09110379530276858,0.1529038153183884,Medical Devices,Healthcare,IART
2016Q1,2016,Q1,2016-04-27,2016-03-31,11648000.0,236770000.0,22119000.0,0.155,151997000.0,0.6419605524348524,1830262000.0,776387000.0,494565000.0,156630000.0,1053875000.0,221978000.0,157563000.0,2490097120.0,3143013120.0,10.501082046149268,3.157536870331354,0.3988510934500088,0.9402553108179297,0.011391562659863167,10.501082046149268,0.015002827198291574,10.516945221100647,53.44473557692308,3.2072885300758514,0.0,0.38189820612853526,0.0,0.12936399269612767,1.4600842750430951,0.006364116175716919,300.88172063798936,0.6419605524348524,-0.20512820512820515,-0.1891055162643455,0.04584985246788821,0.17680525051182053,0.005543831329924119,-0.22242990654205608,-0.07868210596467844,3.1827695371948357,-0.0862237799410108,0.15561762613731173,Medical Devices,Healthcare,IART
2015Q4,2015,Q4,2016-02-26,2015-12-31,14980000.0,241160000.0,24008000.0,0.195,151159000.0,0.6267996350970311,1774704000.0,751443000.0,438495000.0,139127000.0,1023261000.0,211429000.0,145879000.0,2503928760.0,3170766760.0,10.170578203670619,3.1517606215903453,0.4028671823582975,0.9514627190618583,0.012569904113702325,10.170578203670619,0.01993497843482473,10.38285271189252,41.78786315086782,3.3321606029998283,0.0,0.42567954254146784,0.0,0.13588744940001263,1.2964629439289281,0.008440844219655784,203.68736354022616,0.6267996350970311,1.4333333333333333,-0.36260933671929146,-0.005929740299719743,0.2027395341531706,0.07741379064562574,1.4698723377560303,1.4022413448068842,-0.11361380613776485,-0.14913325797997065,0.09799619608667903,Medical Devices,Healthcare,IART
2015Q3,2015,Q3,2015-11-04,2015-09-30,-31881000.0,226367000.0,9994000.0,-0.45,140298000.0,0.619781151846338,1827620000.0,730100000.0,504912000.0,139947000.0,1097520000.0,213878000.0,128038000.0,2199300600.0,2849719600.0,9.884382107657316,3.6078801260477182,0.3992788435232707,0.9994932201068347,-0.04070447769943772,9.884382107657316,-0.04366662101082044,9.715641414163725,-17.246170132680906,3.0123279002876315,0.0,0.4024210063681164,0.0,0.12385889845810398,1.4632396550122546,-0.017443998205316204,104.48976624857468,0.619781151846338,-7.000000000000001,-2.5487222840235297,-0.028855324927967885,0.24172025355837784,-0.1094395673452288,-7.37875150060024,-0.28378959438153933,-2.8587227799354538,-0.17007563223105487,0.06766888019737965,Medical Devices,Healthcare,IART
2015Q2,2015,Q2,2015-07-31,2015-06-30,4998000.0,244078000.0,13954000.0,0.075,157539000.0,0.6454453084669655,1637894000.0,711723000.0,608247000.0,155753000.0,926171000.0,241835000.0,328341000.0,2230553330.0,2753393330.0,10.748180253103385,3.905202468010247,0.39937627221297595,0.919087903580466,0.006743393398721123,10.748180253103385,0.007022394948596575,9.138690623489213,111.57229541816727,3.134018894991451,0.0,0.3578431575247586,0.0,0.14901941151258874,1.7068178462052095,0.003051479521873821,445.1313769706645,0.6454453084669655,-0.4,-0.7026595373350742,0.23233945037464604,0.394021067372763,0.07210959351585308,-0.4038645038167939,-0.16881105551584466,-0.496122072797283,-0.0031710554344100686,0.2044373343412424,Medical Devices,Healthcare,IART
2015Q1,2015,Q1,2015-05-01,2015-03-31,8384000.0,233665000.0,16788000.0,0.125,146943000.0,0.6288618321100721,1550807000.0,688099000.0,521950000.0,126805000.0,862708000.0,233043000.0,323344000.0,2018174400.0,2555355400.0,10.509820992179863,4.1161626118843895,0.39789090454195786,0.8967488689854222,0.008547386974419062,10.509820992179863,0.012184293248500578,8.637041918986583,60.17934160305344,2.9329709823731758,0.0,0.3721287487716859,0.0,0.15067316564859456,1.6297149166042348,0.005406217537062961,88.83591865481117,0.6288618321100721,-0.5192307692307693,-0.5038656942098905,0.21878208912530248,0.35357093561058617,-0.050191328179538225,-0.5115926832109985,-0.37085894168790284,0.02726955797327821,-0.02325355203537789,0.10982829950599209,Medical Devices,Healthcare,IART
2014Q4,2014,Q4,2015-02-27,2014-12-31,17166000.0,252176000.0,26684000.0,0.26,154708000.0,0.613492164202779,1578625000.0,704322000.0,529321000.0,126025000.0,874303000.0,237114000.0,314960000.0,1775544430.0,2333546430.0,10.755963470877493,4.2001269589367185,0.3990789452846623,0.894471562722732,0.016931671447688902,10.755963470877493,0.024372375135236442,7.04089378053423,25.858447366888033,2.5209271185622484,0.0,0.4110596590669467,0.0,0.15974408108322116,1.6180281690140845,0.010874020112439623,226.84865593458542,0.613492164202779,0.7333333333333335,-0.01719772032961912,0.23754081331783677,0.4258599450610181,0.07626700059132492,0.7503823799327012,0.5052744401195916,2.0866821577323784,0.015963023941318627,0.1722790176120282,Medical Devices,Healthcare,IART
2014Q3,2014,Q3,2014-11-07,2014-09-30,9807000.0,229719000.0,17727000.0,0.15,143745000.0,0.625742755279276,1545734000.0,685978000.0,562589000.0,130123000.0,859756000.0,230455000.0,297794000.0,1615782000.0,2098521000.0,10.537296466973887,4.323516980088071,0.40302535882629226,0.9081486578286767,0.01150615792335175,10.537296466973887,0.01429637685173577,7.033732516683426,41.18950749464668,2.355442885923455,0.0,0.3730619860710334,0.0,0.1486148328237588,2.0055793364739514,0.006344558636867663,72.45659192825111,0.625742755279276,1.0251387220024573,-0.3935571936914384,0.1899456417741992,0.4223154256479662,-0.004363636363636364,1.032538860103627,0.4305196901226598,-0.23403172726829313,-0.002288906598635746,0.20109644427856296,Medical Devices,Healthcare,IART
2014Q2,2014,Q2,2014-08-05,2014-06-30,4825000.0,231351000.0,12392000.0,0.074069,144375000.0,0.6240517654991766,1563023000.0,689230000.0,564161000.0,126902000.0,873793000.0,223632000.0,287987000.0,1532791260.0,2026602260.0,10.58042430382856,4.445643094671479,0.40368631811560035,0.9154723386968066,0.006302479651787743,10.58042430382856,0.007000565848845813,6.625392844638666,79.41923626943006,2.223918372676755,0.0,0.38892466194462333,0.0,0.14801509638693736,2.0127499960599518,0.0030869667304959684,218.31523429710867,0.6240517654991766,1.1162571428571426,-0.617230105975782,0.24311170937015475,0.5238017578461599,0.08817721366336037,1.1872166817769718,0.41817349507896545,5.263754204581526,0.08589777145165531,0.20549257531637136,Medical Devices,Healthcare,IART
2014Q1,2014,Q1,2014-05-01,2014-03-31,2206000.0,215059000.0,8738000.0,0.035,132676000.0,0.6169283777940007,1555923000.0,679200000.0,539746000.0,116831000.0,876723000.0,215232000.0,283162000.0,1484327250.0,1984289250.0,10.522075910147173,4.6198868451010435,0.404261650480133,0.9260895170789164,0.003706860740044173,10.522075910147173,0.0032479387514723203,6.9019536499286245,168.2147835448776,2.1854052561837456,0.0,0.3827637154326494,0.0,0.13821956484993153,2.0675933613510113,0.0014178079506505141,-18325.027777777777,0.6169283777940007,-0.8145571698268078,-0.7932207157041654,0.19824033511328562,0.6273880180693011,-0.010773853460681026,-0.8189280144463597,-0.5155245065424706,-0.8240997532184869,0.08804847339316738,0.17915793086158746,Medical Devices,Healthcare,IART
2013Q4,2013,Q4,2014-02-27,2013-12-31,12183000.0,220769000.0,18036000.0,0.1887374128582494,134121000.0,0.6075173597742437,1196229000.0,670180000.0,525242000.0,119382000.0,526049000.0,213431000.0,285046000.0,1539840250.0,1811283250.0,10.382339271882262,4.399674992879999,0.3277441025088006,0.5850025366319497,0.015760635822594876,10.382339271882262,0.01817869826016891,6.974893440655165,31.598133669867853,2.297651750276045,0.0,0.4059766388200402,0.0,0.18455412801395052,1.9999581176391752,0.010184504806353967,982.6676770899809,0.6075173597742437,1.370073358545587,-0.5602634783371855,0.13538621378447427,0.7161102068273435,0.03853033412056216,1.4267250437828372,1.6090362666306477,-0.4066618387924104,0.041607382164109634,0.22778171006807874,Medical Devices,Healthcare,IART
2013Q3,2013,Q3,2013-10-30,2013-09-30,-28550000.0,213246000.0,-29614000.0,-0.51,129145000.0,0.6056151111861419,1184072000.0,499477000.0,510583000.0,122278000.0,684595000.0,207389000.0,272863000.0,1122814000.0,1549086000.0,8.952484227129338,4.175591684522154,0.46039430034660056,1.0914216270218648,-0.023022845185018896,8.952484227129338,-0.05715978913943985,5.2653461260703605,-9.83199649737303,2.2479793864382143,0.0,0.4055229544479215,0.0,0.1800954671675371,1.9006362550908584,-0.024111709423075625,63.937930641762996,0.6056151111861419,-9.500000000000002,-0.8821708815521282,0.2870056062305502,0.5656561313401626,0.054425656643179644,-9.299418604651162,-4.7119578841814995,-2.836151945341013,0.21119091346894361,0.12465107716511792,Medical Devices,Healthcare,IART
2013Q2,2013,Q2,2013-08-01,2013-06-30,3440000.0,205547000.0,7978000.0,0.06,122479000.0,0.5958685848005566,1187501000.0,516589000.0,477736000.0,109339000.0,670912000.0,195457000.0,301413000.0,1022939100.0000001,1467553100.0,9.266835288630574,4.369310127219016,0.4574732989698535,1.0516096935861972,0.008646010351517137,9.266835288630574,0.006659065524043292,4.976667623463247,74.34150436046512,1.9801797947691493,0.0,0.424993732636846,0.0,0.17309206476457703,1.9515909236411528,0.0028968396658192288,-95.56605941704036,0.5958685848005566,1.8000000000000003,-0.7528623839256934,0.29766917492313266,0.5819110720180874,0.05236974154522959,1.8493827160493828,182.3181818181818,-0.7569035858766193,0.23275055630087307,0.20189309408859624,Medical Devices,Healthcare,IART
2013Q1,2013,Q1,2013-05-02,2013-03-31,-4050000.0,196652000.0,-44000.0,-0.075,116384000.0,0.5918271871122592,1156491000.0,509889000.0,447059000.0,105780000.0,646602000.0,179558000.0,297973000.0,1093061760.0,1524756760.0,9.086986740804106,4.226309321232748,0.45083446390849563,1.0225480447705284,-3.002533640497692e-05,9.086986740804106,-0.007942905220548002,5.558355673982467,-67.47294814814815,2.1437249283667623,0.0,0.447031042894218,0.0,0.17004196314541142,1.9061731896388732,-0.0035019727779982725,-363.5057399401397,0.5918271871122592,-1.327886053038848,-1.3356280768091386,0.20809307984863928,0.6916482838671107,-0.12164344689136768,-1.3167526982637259,-1.002370945144951,-1.279642303320607,0.19682492328604748,0.17032261099245052,Medical Devices,Healthcare,IART
2012Q4,2012,Q4,2013-02-26,2012-12-31,12786000.0,214432000.0,18558000.0,0.228738,132502000.0,0.6179208327115356,1163599000.0,517775000.0,453051000.0,106929000.0,645824000.0,171806000.0,302023000.0,1089172530.0,1511781530.0,9.26285376936563,4.236932918104537,0.44650003996222065,1.003422335956738,0.013770715423615763,9.26285376936563,0.02469412389551446,5.079337645500671,21.296193688409197,2.103563381777799,0.0,0.47687508003212925,0.0,0.18428341722534997,1.9812585921499313,0.010988321578138173,-38.270292691496834,0.6179208327115356,-0.005486956521739187,1.285595562198754,0.3086327140125476,0.9127583717978599,0.015060979346693633,-0.032170161229278633,-0.05968788001621402,-0.14245402425837078,0.23273873145842927,0.2279264616746068,Medical Devices,Healthcare,IART
2012Q3,2012,Q3,2012-10-24,2012-09-30,13211000.0,210084000.0,19736000.0,0.23,130536000.0,0.6213514594162335,1185506000.0,526701000.0,493562000.0,112574000.0,658805000.0,169376000.0,289237000.0,1174819800.0,1566836800.0,9.257909723686986,4.384333860394052,0.4367206914178418,0.9829770590904517,0.01751117585867952,9.257909723686986,0.0250825420874462,5.592143142742903,22.231848459616984,2.2305250986802756,0.0,0.4696533156999811,0.0,0.17721040635812893,2.1785225718194257,0.011143764772173232,143.4106201171875,0.6213514594162335,0.5333333333333334,0.30603295432730737,0.48795770838714764,1.0114750600345321,-0.010311154242736702,0.5516795865633075,0.09516674990289108,-0.06519903244144226,0.2452397358347867,0.2496248777403723,Medical Devices,Healthcare,IART
2012Q2,2012,Q2,2012-07-31,2012-06-30,8514000.0,210170000.0,18021000.0,0.15,131896000.0,0.6275681591092924,1161817000.0,507212000.0,477323000.0,112247000.0,654605000.0,172541000.0,276026000.0,1056618420.0,1536410420.0,8.923818572082057,4.25243436350192,0.4440862889766633,1.0172215957035717,0.012962046725211934,8.923818572082057,0.016785880460241476,5.027446448113432,31.02591085271318,2.0831889229750087,0.0,0.4536544937145374,0.0,0.1808976800993616,2.0522241128938856,0.0073281764684111185,-88.39036473147064,0.6275681591092924,0.30434782608695643,-0.09696945978446884,0.5450741548078758,1.2482621734257577,0.08547444654760925,0.27207530255490814,0.03171695196656552,-0.22590118863199768,0.29429061169109105,0.2852159834382371,Medical Devices,Healthcare,IART
2012Q1,2012,Q1,2012-04-26,2012-03-31,6693000.0,196185000.0,17467000.0,0.115,121510000.0,0.6193643754619365,1158370000.0,508451000.0,459743000.0,104586000.0,649919000.0,172469000.0,267512000.0,931287739.9999999,1449403740.0,9.469772033077554,4.395836918899279,0.4514775071868229,1.0285710914129385,0.011815316583955984,9.469772033077554,0.013163510348096473,4.746987486301195,34.78588600029882,1.8316174813305508,0.0,0.43297636096921766,0.0,0.16936298419330612,2.164897787466774,0.005777946597373896,42.51290696612799,0.6193643754619365,0.3540745614035089,-0.2204982258582577,0.6851663283297836,0.758601993483425,0.006019058973531043,0.4677631578947368,1.2540973028777906,-0.24576095699973644,0.3141313517943183,0.46463432426069834,Medical Devices,Healthcare,IART
2011Q4,2011,Q4,2012-02-27,2011-12-31,4560000.0,203523000.0,7749000.0,0.08492885346047828,120783000.0,0.5934611812915493,1144109000.0,492638000.0,452257000.0,101868000.0,651471000.0,171261000.0,260819000.0,827662180.0,1259118180.0,9.175258884005066,4.4396375701888715,0.4652214081001024,1.080436344739951,0.09169387321183214,9.175258884005066,0.009256289608191004,4.066676395296846,45.37621600877193,1.6800615868041036,0.0,0.4831222520013313,0.0,0.17788777118264082,2.149222523265402,0.003985634235898853,38.22743429864671,0.5934611812915493,-0.5644674181513935,-0.5243280028571258,0.7152672563459846,0.7578978383324513,-0.022269172859293796,-0.5944143022325002,-0.5763490241102182,-0.8021255137285874,0.25836226622565317,0.5165903375713644,Medical Devices,Healthcare,IART
2011Q3,2011,Q3,2011-10-31,2011-09-30,11243000.0,202185000.0,18291000.0,0.195,123534000.0,0.6109948809258847,1174666000.0,501521000.0,476328000.0,104433000.0,673145000.0,181430000.0,256259000.0,1022413910.0000001,1453026910.0,8.77306440891439,4.561087012725863,0.46107063624894223,1.07992287461542,0.017466455483630617,8.77306440891439,0.022417805037077212,5.05682375052551,22.734454994218627,2.0386263187383977,0.0,0.43350603538554816,0.0,0.17212126681116163,2.1905719456493635,0.009571231311709031,88.50535924515236,0.6109948809258847,18.5,3.426731254412511,0.7702975834320908,0.6767790421626078,0.025254998298628113,15.084406294706724,1.286375,1.7233846242177089,0.1909200379170095,0.5342782778477309,Medical Devices,Healthcare,IART
2011Q2,2011,Q2,2011-08-01,2011-06-30,699000.0,193329000.0,8000000.0,0.01,120491000.0,0.6232432795907494,1153856000.0,518817000.0,495784000.0,118008000.0,635039000.0,174460000.0,245018000.0,1413072360.0,1420168360.0,8.776847340641494,4.201274489865094,0.12512393227577792,0.2782773116532419,0.004220193848536773,8.776847340641494,0.0013472958673289425,7.309158791490154,505.390686695279,2.7236431342843432,0.0,0.41750544537429785,0.0,0.16755037023684063,2.147803538743136,0.0006057948305507793,81.36536880290205,0.6232432795907494,-0.9473684210526315,-0.9122663406379822,0.9333054993713392,0.6646549964060624,0.03764209438511884,-0.9391486027683468,-0.6167113836719049,-0.9526417502858727,0.15103335081931715,0.4982668357780912,Medical Devices,Healthcare,IART
2011Q1,2011,Q1,2011-04-28,2011-03-31,11487000.0,181041000.0,20872000.0,0.19,116120000.0,0.6414016714445899,1007028000.0,527586000.0,425185000.0,163316000.0,479442000.0,154601000.0,244317000.0,1401830040.0,1503726040.0,8.923381367972397,2.603449753851429,0.20481059116529035,0.39093152585550034,0.022026357165245956,8.923381367972397,0.021772753636373977,7.7431633718329,30.50905458344215,2.6570645164958893,0.0,0.4199261324312262,0.0,0.17977752356438947,1.2887347228685493,0.01140683277922759,91.42568577577774,0.6414016714445899,-0.4026926144520658,0.32061311692933947,1.3488929095329176,0.7084610660574626,-0.05461295470088254,-0.38921678098580315,-0.13619997516864626,-0.09655478415475541,0.055530796680403234,0.6611912406165218,Medical Devices,Healthcare,IART
2010Q4,2010,Q4,2011-02-24,2010-12-31,18807000.0,194134000.0,24163000.0,0.3180941749543333,122828000.0,0.6326970031009509,1017308000.0,499963000.0,444849000.0,200032000.0,517345000.0,146928000.0,232830000.0,1398282600.0,1672799600.0,8.45617684865706,2.223889177731563,0.3964187836918613,0.8066196898570495,0.025880312337643496,8.45617684865706,0.037616783641989504,7.202667229851546,18.587262721327164,2.796772161139924,0.0,0.48531253403027336,0.0,0.1908310954008029,1.1736522156454967,0.018487026544566642,137.23452743154382,0.6326970031009509,0.15670609074303005,0.7732836189982948,1.66202237845551,0.7264351563223757,0.045816410806576585,0.14099375113753565,-0.11520011717748728,2.1784594092705567,0.12011403923139746,0.7461814105459813,Medical Devices,Healthcare,IART
2010Q3,2010,Q3,2010-10-28,2010-09-30,16483000.0,186641000.0,27309000.0,0.275,117447000.0,0.6292668813390413,959276000.0,470800000.0,386295000.0,102704000.0,488476000.0,147973000.0,214024000.0,1166911120.0,1457593120.0,7.960232652509131,3.761245910577972,0.38937073376171194,0.7933602378929482,0.023938577928490076,7.960232652509131,0.035010620220900596,6.252169244699718,17.698706546138446,2.4785707731520814,0.0,0.4676123346826786,0.0,0.1945644423502725,1.8498013709300514,0.017182750324202835,52.001386809269164,0.6292668813390413,0.10000000000000009,0.597490598725063,1.734461630235483,0.5547195964182402,0.029054332302354314,0.08748433067229663,0.11107042597339192,0.5674554622200327,0.27158433969535695,0.7295274992396343,Medical Devices,Healthcare,IART
2010Q2,2010,Q2,2010-07-29,2010-06-30,15157000.0,178595000.0,24579000.0,0.25,114131000.0,0.6390492454995941,941795000.0,460376000.0,387631000.0,85639000.0,481419000.0,143253000.0,197540000.0,1104635000.0,1382917000.0,7.710199296600234,4.526337299594811,0.39488423701548636,0.8078179574956122,0.021220281817035842,7.710199296600234,0.03292308895337724,6.185139561577872,18.219881902751204,2.3994191704172243,0.0,0.4500010470984901,0.0,0.18963256334977358,2.234928011770338,0.01609373589793957,81.15751965322166,0.6390492454995941,0.0,1.0162243221947667,1.6062830076709198,0.5907767245971696,0.04253978113524672,-0.00427013533044278,0.08550103784834165,0.5302900679121911,0.24979739839090126,0.9425035693073025,Medical Devices,Healthcare,IART
2010Q1,2010,Q1,2010-05-03,2010-03-31,15222000.0,172698000.0,22643000.0,0.25,109474000.0,0.6339042721977093,937997000.0,457920000.0,372844000.0,159180000.0,480077000.0,142113000.0,182383000.0,1292459040.0,1583568040.0,7.764514378730331,2.3422791808016084,0.39742451201869516,0.8140788784067086,0.021488204217031927,7.764514378730331,0.033241614255765196,7.4839259284994615,21.226826960977533,2.822455974842767,0.0,0.44488540809074467,0.0,0.18411359524604023,1.1320894584746828,0.016228196891887713,58.23723876898121,0.6339042721977093,-0.06274235585786037,0.8685175071104954,1.7184811449198774,0.5097509038055489,-0.08452777173822147,-0.03235649354777192,-0.18687829927819874,0.6139953105777288,0.3505123189059909,0.4419238834018984,Medical Devices,Healthcare,IART
2009Q4,2009,Q4,2010-03-01,2009-12-31,15731000.0,183526000.0,27847000.0,0.26673562126966904,119582000.0,0.6515807024617766,940102000.0,444885000.0,365363000.0,156730000.0,495217000.0,140240000.0,167161000.0,1087222560.0,1400845560.0,7.543492268041237,2.331161870733108,0.4100767789027148,0.866547534756173,0.023262818287772366,7.543492268041237,0.03535969969767468,5.924079204036485,17.278344669760344,2.443828315182575,0.0,0.45596120935539075,0.0,0.1952192421673393,1.1173291648057169,0.016733290642930235,30.40586626394832,0.6515807024617766,0.08871682150885325,0.6570194779189664,2.077188298737457,0.4978521241337278,0.09442181851462042,0.09000831485587583,0.16905961376994122,0.49394063982662717,0.40815405025129653,0.4452658959393705,Medical Devices,Healthcare,IART
2009Q3,2009,Q3,2009-11-04,2009-09-30,14432000.0,172286000.0,23820000.0,0.245,109265000.0,0.6342070742834589,973236000.0,430422000.0,395795000.0,215320000.0,542814000.0,140541000.0,151430000.0,992023350.0,1286729350.0,7.40855106888361,1.8381710941853984,0.4124929616249296,0.9326962841118716,0.02277598495780314,7.40855106888361,0.03352988462485654,5.758003262017808,17.18443995981153,2.3047691567810196,0.0,0.44841718786688584,0.0,0.17702386677023868,0.9665892624930337,0.014828880148288802,48.74089077777232,0.6342070742834589,0.28947368421052627,2.9832083297382814,2.0417677643838577,0.5355081908518416,0.03158043806646526,0.28570155902004457,-0.003555741476678519,4.5911879199777115,0.48430774953582467,0.4159822139767726,Medical Devices,Healthcare,IART
2009Q2,2009,Q2,2009-08-06,2009-06-30,11225000.0,165725000.0,23905000.0,0.19,105920000.0,0.6391310906622417,946372000.0,402775000.0,423249000.0,216834000.0,543597000.0,139319000.0,136998000.0,768896040.0,1086334040.0,6.943438836022618,1.9519494175267715,0.48200390544098937,1.1325305691763392,0.017970808351548212,6.943438836022618,0.027869157718329093,4.639589923065319,17.124633407572382,1.9089964372168085,0.0,0.42926664704742357,0.0,0.17511612769608567,1.1076630048793086,0.011861086338141872,30.253631320086562,0.6391310906622417,0.1875,0.5368400168194688,2.0223027053896505,0.4381516277031361,0.03033014921888679,0.173304066060416,0.07428545748696747,0.43569827797740196,0.6888040853273373,0.3169227744344187,Medical Devices,Healthcare,IART
2009Q1,2009,Q1,2009-05-06,2009-03-31,9567000.0,160950000.0,22252000.0,0.16,102802000.0,0.6387200994097546,995417000.0,374269000.0,477567000.0,170671000.0,621148000.0,141582000.0,125773000.0,715470960.0,1061147960.0,6.4656220847873405,2.798173093261304,0.5337531908737745,1.41958591280603,0.015727724264653693,6.4656220847873405,0.02556182852440357,4.445299534016775,18.69632486672938,1.9116490011195155,0.0,0.41070192538599537,0.0,0.1616910299904462,1.683004142472945,0.009611047430373401,20.956356287162063,0.6387200994097546,-0.6272183537935199,0.32005185443118633,2.1497410104140133,0.38161493737045227,-0.03228782287822878,-0.6149325820084524,-0.1087792374239026,0.12340157265673174,1.1328854233067533,0.23790109871886223,Medical Devices,Healthcare,IART
2008Q4,2008,Q4,2009-03-03,2008-12-31,24845000.0,174370000.0,24968000.0,0.4292056801299105,106232000.0,0.609233239662786,1034431000.0,350206000.0,497392000.0,174751000.0,684225000.0,146103000.0,132219000.0,1029502510.0,1435956510.0,6.049925716062606,2.84628986386344,0.5703618704389176,1.6847227060644308,0.03452361985660423,6.049925716062606,0.07094395869859454,5.9041263405402304,10.359252465284765,2.9397055161819043,0.0,0.46636961595586673,0.0,0.1685661005905662,1.6936269320347237,0.024018035035686284,44.794087368924856,0.609233239662786,2.5896506671478163,1.7800099264236506,2.0318461780236294,0.3384500314298114,0.03428065153683637,2.6248119809037997,2.090734349744441,1.3926983317586965,1.4421488716540525,0.23516863900594298,Medical Devices,Healthcare,IART
2008Q3,2008,Q3,2008-11-07,2008-09-30,-15291000.0,167028000.0,-22891000.0,-0.27,102711000.0,0.6149328256340254,960745000.0,321594000.0,436282000.0,280602000.0,639151000.0,155615000.0,107374000.0,1238167630.0,1658828630.0,5.7180398990078585,1.5548071645961183,0.5516552258924065,1.6480406972766906,-0.01513903617884885,5.7180398990078585,-0.04754752887180731,7.412934537921785,-20.243405107579623,3.850095555265335,0.0,0.4133084856858272,0.0,0.17385258315161672,0.7855254060911897,-0.015915773696454315,51.72393809006601,0.6149328256340254,-2.125,-3.3062536671394325,2.6579555346158674,0.3415192108084981,0.037076303274467634,-2.10692051541914,-1.9230986369868537,-2.5584320739751956,1.573380460611139,0.11679508277772606,Medical Devices,Healthcare,IART
2008Q2,2008,Q2,2008-08-11,2008-06-30,13814000.0,157198000.0,24798000.0,0.24,99039000.0,0.6300270995814196,862454000.0,324088000.0,379561000.0,189235000.0,538366000.0,149345000.0,122666000.0,1230405760.0,1603067760.0,5.858000144602704,2.00576531825508,0.5217669580058762,1.388511762237417,0.0215554365569576,5.858000144602704,0.04262422551899484,7.827108232929172,22.26736933545678,3.796517489077041,0.0,0.38942716528842614,0.0,0.1822682716991283,0.9800723967553571,0.0160170861286515,-235.07943446694688,0.6300270995814196,0.17073170731707318,1.6254143282490459,2.7876561466259506,0.4016664170564828,0.05589790609407651,0.19446606139213143,0.20753798208024932,0.9832549596437088,1.4758982409936297,0.20862897627430846,Medical Devices,Healthcare,IART
2008Q1,2008,Q1,2008-06-04,2008-03-31,11565000.0,156008000.0,20536000.0,0.205,93796000.0,0.6012255781754782,972656000.0,288878000.0,489323000.0,317113000.0,683778000.0,144037000.0,109740000.0,1168864830.0,1539231830.0,5.371676150098553,1.5430556300120146,0.5853868171275354,1.97100506095999,0.014945825801992668,5.371676150098553,0.040034201289125514,7.492339046715553,25.26728988326848,4.04622307686982,0.0,0.43191679915577247,0.0,0.16039380829399089,0.9646182906408757,0.01189012353802372,66.78464346931779,0.6012255781754782,1.04840022296544,1.3283061412581831,3.6437496055268883,0.42839053444800834,-0.01494449637152249,1.148829431438127,0.3203034589173203,0.5568320280320181,1.693125258304544,0.04448166710564424,Medical Devices,Healthcare,IART
2007Q4,2007,Q4,2008-05-16,2007-12-31,5382000.0,157645000.0,15554000.0,0.1000780988508312,95219000.0,0.6040090075803228,818012000.0,260429000.0,339931000.0,191671000.0,557583000.0,144535000.0,98175000.0,1127455770.0,1520078770.0,4.84266800550411,1.7735129466638146,0.550067725167846,1.727772252706112,0.007330563426406319,4.84266800550411,0.02066590126291619,7.15186507659615,52.371598383500555,4.329225124698094,0.0,0.43190922613899746,0.0,0.19271722175224815,0.8393445017764816,0.006579365583878965,121.67664256421325,0.6040090075803228,-0.39346606757072,-0.7677859955883369,4.740729556657451,0.1515362524265639,0.13151202585797128,-0.4436059133671043,-0.15172338568935428,-0.3782931641467116,1.898727167084991,-0.03842937716667627,Medical Devices,Healthcare,IART
2007Q3,2007,Q3,2007-11-09,2007-09-30,9673000.0,135015000.0,18336000.0,0.165,84152000.0,0.6232788949375996,810077000.0,250397000.0,380359000.0,188185000.0,559680000.0,126371000.0,92768000.0,1340514560.0,1660978560.0,4.602547606793618,2.0211972261338578,0.5554558393831698,1.796994372935778,0.01616541848287492,4.602547606793618,0.038630654520621255,9.928634299892604,34.64578104000827,5.353556791814598,0.0,0.4024894952164658,0.0,0.16666934130952984,1.1786858676302574,0.01194084019173486,298.35623414199864,0.6232788949375996,0.06451612903225812,5.656501114408479,3.807965674600862,0.23766199350723496,0.026757281079564172,0.03554223316561396,0.08529150636282924,2.4194933285312232,1.5455898820523502,-0.04606859245392206,Medical Devices,Healthcare,IART
2007Q2,2007,Q2,2007-08-13,2007-06-30,9341000.0,134767000.0,16895000.0,0.155,81959000.0,0.6081533313051415,776490000.0,223514000.0,352983000.0,181025000.0,552976000.0,114089000.0,83094000.0,1391469520.0,1720595520.0,3.9692072737604773,1.9499129954426184,0.579484603793996,2.013135642510089,0.016092997832900066,3.9692072737604773,0.041791565628998634,10.325001817952467,37.24091424900974,6.2254244476856035,0.0,0.46286670932342294,0.0,0.17355922162551995,1.1937853887584589,0.012029775013200428,-1885.4600542005421,0.6081533313051415,0.03333333333333337,1.2705448589877377,4.264160599361913,0.0729781129357901,0.10078570948895306,0.0294247299977959,0.023753256983578743,0.3174150566367196,1.5317477514603952,-0.17788259733276013,Medical Devices,Healthcare,IART
2007Q1,2007,Q1,2007-05-10,2007-03-31,9074000.0,123032000.0,16503000.0,0.15,74455000.0,0.60516776123285,623074000.0,305546000.0,229800000.0,273744000.0,317528000.0,95591000.0,73752000.0,1293150180.0,1483821180.0,5.3848295795001935,0.8394704541469402,0.3530880762156662,0.7200225170678065,0.020709235603158526,5.3848295795001935,0.02969765599942398,10.51068161128812,35.62789783998237,4.232260216137669,0.0,0.5081754558483539,0.0,0.19745969178620837,0.4208786311298147,0.014563278198095251,113.1068118604041,0.60516776123285,-0.15987562925673682,1.2249976028675675,3.762229978940484,0.47030647963979705,0.0068425536518411335,-0.10433323462639424,-0.1809112567004169,0.27727053410895497,1.4562402786197504,0.15066437299767088,Medical Devices,Healthcare,IART
