Quarters,Year,Quarter,FillingDate,Date,NetIncome,Revenue,OperatingIncome,EPSDiluted,GrossProfit,GrossProfitRatio,TotalAssets,CommonStockEquity,CurrentAssets,CurrentLiability,TotalLiability,Inventory,RetainedEarnings,MarketCap,EnterpriseValue,bookValuePerShare,currentRatio,debtToAssets,debtToEquity,roic,shareholdersEquityPerShare,roe,priceToSalesRatio,peRatio,pbRatio,payoutRatio,inventoryTurnover,dividendYield,assetTurnover,quickRatio,returnOnAssets,priceToFreeCashFlowsRatio,grossProfitMargin,epsdilutedGrowth,fiveYNetIncomeGrowthPerShare,fiveYRevenueGrowthPerShare,fiveYShareholdersEquityGrowthPerShare,grossProfitGrowth,netIncomeGrowth,operatingIncomeGrowth,threeYNetIncomeGrowthPerShare,threeYRevenueGrowthPerShare,threeYShareholdersEquityGrowthPerShare,Industry,Sector,Symbol
2023Q1,2023,Q1,2023-05-09,2023-03-31,-31658000.0,45297000.0,-27142000.0,-0.33,18155000.0,0.4007991699,356129000.0,19236000.0,251129000.0,312064000.0,336893000.0,83339000.0,-209888000.0,121657110.0,237414110.0,0.20080799223325296,0.8047355670631665,0.6409250580548059,11.865876481597006,-0.10800479969581427,0.20080799223325296,-1.6457683510085257,2.685765282469038,-0.9607138006191168,6.32444946974423,0.0,0.3256818536339529,0.0,0.12719267456455385,0.5125807526661198,-0.08889475442887268,-13.474040314542032,0.40079916992295295,-34.0,-2.517609843646981,-0.5666595937539042,-0.7718074478581125,-0.4953580164554147,-26.530645161290323,-114.49787234042553,-24.887524938356307,-0.5250613617933125,-0.5666641846902465,Communication Equipment,Technology,CASA
2022Q4,2022,Q4,2023-03-15,2022-12-31,1240000.0,84403000.0,-235000.0,0.01,35976000.0,0.4262407734,398294000.0,49401000.0,291779000.0,323912000.0,348893000.0,81795000.0,-178230000.0,258372660.0,362677660.0,0.5219775575325966,0.9007971300847144,0.5790119861208053,4.66826582457845,0.0003174000179922459,0.5219775575325966,0.025100706463431915,3.061178631091312,52.091262096774194,5.230109916803303,0.0,0.5920533039916865,0.0,0.211911301701758,0.6199091111165995,0.003113278131229695,-12.078568556869712,0.426240773432224,1.0303030303030303,-0.9816577370923325,-0.6945160099844807,-0.5794810756994252,1.5025041736227045,1.0397895007059428,0.9921991701244813,1.0429547665886771,-0.3354354060203709,0.13867555245791982,Communication Equipment,Technology,CASA
2022Q3,2022,Q3,2022-11-09,2022-09-30,-31164000.0,66899000.0,-30125000.0,-0.33,14376000.0,0.2148911045,437968000.0,42564000.0,331665000.0,97665000.0,395404000.0,82189000.0,-179471000.0,295822560.0,377000560.0,0.45035551041137634,3.395945323299032,0.6271508420706535,6.453152899163612,-0.0912678460666614,0.45035551041137634,-0.7321680293205526,4.421927980986263,-2.3731112822487486,6.950064843529743,0.0,0.6390514545742131,0.0,0.15274860263763562,2.4833256540213995,-0.07115588353487012,353.01021479713603,0.21489110450081467,-0.8333333333333335,-2.118380944264225,-0.38048689061329805,1.6117765924794132,-0.4602590576309367,-0.866443073606037,-0.6599625303063699,-2.2619720160008967,-0.27268064464752373,-0.39879177042488034,Communication Equipment,Technology,CASA
2022Q2,2022,Q2,2022-08-04,2022-06-30,-16697000.0,70836000.0,-18148000.0,-0.18,26635000.0,0.3760093738,457583000.0,73162000.0,349090000.0,92333000.0,384421000.0,78300000.0,-148337000.0,363540720.0,442861720.0,0.7909063391853325,3.780771771739248,0.6013182307909166,3.7608731308602827,-0.041992156100097905,0.7909063391853325,-0.22821956753505918,5.132146366254447,-5.443204168413487,4.96898280528143,0.0,0.5645083014048531,0.0,0.1548047020977615,2.85487312228564,-0.03648955490042244,-37.746933859412316,0.3760093737647524,0.5384615384615385,-1.8419034805928887,-0.08006329239005376,0.0,-0.0016492372277821508,0.4875705867910631,0.009550837744910768,-12.72818543053101,0.232896413453879,-0.046954055187645595,Communication Equipment,Technology,CASA
2022Q1,2022,Q1,2022-05-04,2022-03-31,-32584000.0,64399000.0,-18323000.0,-0.39,26679000.0,0.4142766192,421518000.0,49581000.0,310649000.0,73924000.0,371937000.0,85284000.0,-131640000.0,382315159.99999994,489372159.99999994,0.586181620420179,4.202275309777609,0.6539151352967133,5.559327161614328,-0.08257486459477008,0.586181620420179,-0.6571872289788427,5.93666299166136,-2.9333043825190277,7.7109207155967,-3.068990915786889e-05,0.44228694714131606,2.615643073112769e-06,0.15277876626858164,2.931199610410692,-0.07730156244810424,22.31715369797443,0.4142766192021615,-23.54335260115607,-2.698441665533684,-0.16210407812835378,0.0,-0.42003434707941134,-22.33857236411264,-4.926918131161594,-1.0926141760055508,0.7877380709270966,-0.25356219766068755,Communication Equipment,Technology,CASA
2021Q4,2021,Q4,2022-02-25,2021-12-31,1527000.0,105099000.0,4666000.0,0.0173,46001000.0,0.4376920808,468707000.0,81919000.0,355014000.0,90857000.0,386788000.0,84828000.0,-99056000.0,487892160.0,609306160.0,0.9520151543324656,3.9073929361524153,0.5891036404406165,3.3706099927977635,0.01248443113036319,0.9520151543324656,0.01864036426225906,4.642215054377301,79.87756385068762,5.955787546234695,0.0006548788474132286,0.6966803413967086,2.0496332632194784e-06,0.224231769527658,2.6467635955402447,0.0032578988579219,27.913047657188628,0.4376920808000076,2.7299999999999995,-0.9643581131902091,-0.014778290977558667,1.956173996648674,0.13236018117369042,2.743150684931507,3.3530005042864346,-0.901181602096321,0.49575315509789436,0.05635324782054337,Communication Equipment,Technology,CASA
2021Q3,2021,Q3,2021-11-02,2021-09-30,-876000.0,99219000.0,-1983000.0,-0.01,40624000.0,0.40943770850341166,470241000.0,86545000.0,353617000.0,84507000.0,383696000.0,91853000.0,-100583000.0,580774800.0,707407800.0,1.0103315433107636,4.184469925568296,0.6020168381744679,3.2710497429083136,-0.0007624082349731026,1.0103315433107636,-0.010121901900745278,5.853463550328062,-165.74623287671233,6.710668438384655,-0.04337899543378995,0.6379214614656027,6.542983614302824e-05,0.21099606372051777,2.808323570828452,-0.0018628745685722852,-44.64750922509225,0.40943770850341166,0.75,-1.0346856272481735,0.013758722241676657,2.372465029408713,-0.1074590794243656,0.7256498590667084,-1.545229584822656,-1.0466309373827427,0.3957745127886323,0.015647464796053955,Communication Equipment,Technology,CASA
2021Q2,2021,Q2,2021-07-30,2021-06-30,-3193000.0,92730000.0,3637000.0,-0.04,45515000.0,0.49083360293324707,469203000.0,81957000.0,352063000.0,88179000.0,387246000.0,95782000.0,-99707000.0,754269319.9999999,869186319.9999999,0.963791805823416,3.99259460869368,0.604367406005503,3.459997315665532,2.8882107775352615,0.963791805823416,-0.03895945434801176,8.134037743987921,-59.05647666771062,9.203232426760374,-0.014406514249921704,0.49294230648764903,6.098617401010027e-05,0.19763300746158913,2.6562333435398453,-0.006805156829773041,24.169101512432707,0.49083360293324707,-1.6666666666666667,-1.1751380321741698,0.31003189202198184,0.0,-0.18781227694503927,-1.5554009392937902,-0.7102915405448462,-1.1459681878746848,0.321120416727237,-0.251916632071896,Communication Equipment,Technology,CASA
2021Q1,2021,Q1,2021-04-30,2021-03-31,5749000.0,104277000.0,12554000.0,0.06,56040000.0,0.5374147702753244,478606000.0,80835000.0,358175000.0,100818000.0,397771000.0,96510000.0,-96514000.0,802826260.0,948647260.0,0.9595569905747727,3.552689003947708,0.6075602896745966,3.5972289231149874,0.024051176695444397,0.9595569905747727,0.07112018308900847,7.698977339202317,34.911561141068006,9.93166648110348,0.0022612628283179685,0.4998134908299658,1.619279369361934e-05,0.2178764996677852,2.353776111408677,0.012011968090663301,-108.3875064128527,0.5374147702753244,-0.7777777777777778,-0.6991202479229607,0.3622408423504934,0.0,-0.09935392626402237,-0.7521341726308528,-0.2738735612238996,-0.686617980947094,0.13436646760612064,0.09041356456820848,Communication Equipment,Technology,CASA
2020Q4,2020,Q4,2021-02-25,2020-12-31,23194000.0,120526000.0,17289000.0,0.27,62222000.0,0.516253754376649,492966000.0,76374000.0,370734000.0,119161000.0,416592000.0,101204000.0,-102263000.0,515503500.0,649304500.0,0.9141113105924596,3.1112024907478117,0.5908237079230616,3.813549113572682,0.0803516398829414,0.9141113105924596,0.3036897373451698,4.277114481522659,5.556431620246616,6.749725037316364,0.0009485211692679142,0.5761037113157582,4.2676722854452005e-05,0.2444915065136338,2.1112528427925246,0.047049897964565504,1000.9776699029126,0.516253754376649,5.75,-0.44243997520326356,0.1636180752368635,1.8384759151346168,0.18306270677263567,5.678376043766196,0.8913685592385954,-0.6113628283332684,-0.5058614122668661,-0.2635677540651264,Communication Equipment,Technology,CASA
2020Q3,2020,Q3,2020-10-29,2020-09-30,3473000.0,105747000.0,9141000.0,0.04,52594000.0,0.49735689901368363,462764000.0,47878000.0,337359000.0,102953000.0,414886000.0,98482000.0,-125457000.0,335707060.0,471240060.0,0.5747521067921538,3.2768253474886597,0.630394758451392,6.093069885960149,0.01591996857372728,0.5747521067921538,0.07253853544425415,3.174624906616736,24.16549524906421,7.011718534608798,0.011229484595450619,0.539722995065088,0.00011617271319822705,0.22851172519902152,2.1578681534292348,0.0075049053081052116,53.093003321208286,0.49735689901368363,2.0,-0.858592360962479,0.11104194538586788,1.7807607041212423,0.2194296313470902,2.146961690885073,5.862612612612613,-0.858592360962479,0.11104194538586788,1.7807607041212423,Communication Equipment,Technology,CASA
2020Q2,2020,Q2,2020-07-31,2020-06-30,-3028000.0,83350000.0,1332000.0,-0.04,43130000.0,0.5174565086982603,432536000.0,39712000.0,304595000.0,84733000.0,392824000.0,85965000.0,-128930000.0,345562880.0,488593880.0,0.47806616266191554,3.5947623712131045,0.6755021547339413,7.357448630136986,0.005676072744157712,0.47806616266191554,-0.07624899274778404,4.145925374925015,-28.530620871862617,8.701724415793715,-0.14729194187582562,0.46786482870935847,0.0012906478844023988,0.19270072317679915,2.3841360508892637,-0.0070005733626796384,22.236993564993565,0.5174565086982603,-5.0,-1.1700225349681217,0.20541414068773955,0.0,0.011183269641056901,-3.6058519793459554,1.375316990701606,-1.1700225349681217,0.20541414068773955,0.0,Communication Equipment,Technology,CASA
2020Q1,2020,Q1,2020-05-01,2020-03-31,1162000.0,83623000.0,-3549000.0,0.01,42653000.0,0.5100630209392153,418858000.0,38921000.0,287681000.0,71151000.0,379937000.0,81014000.0,-125902000.0,293965000.0,451944000.0,0.4634004048100964,4.043246054166491,0.6988788563188479,7.521158243621695,0.0016454325510690542,0.4634004048100964,0.02985534801264099,3.515360606531696,63.24548192771085,7.552863492716015,0.1514629948364888,0.5057150615942924,0.0005987107308693212,0.19964522582832367,2.6670742505375893,0.0027742098754231746,11.447680984462012,0.5100630209392153,1.032258064516129,-0.9390030851262439,0.09570135932571984,0.0,-0.28332353188271864,1.0452844894777864,-1.3547226386806597,-0.9390030851262439,0.09570135932571984,0.0,Communication Equipment,Technology,CASA
2019Q4,2019,Q4,2020-02-27,2019-12-31,-25660000.0,112893000.0,10005000.0,-0.31,59515000.0,0.5271806046433348,444312000.0,38564000.0,308443000.0,94466000.0,405748000.0,93604000.0,-127064000.0,344075340.0,523717340.0,0.4584076266552552,3.2651218427794126,0.6600767028574516,7.605020226117623,-0.11957365229638917,0.4584076266552552,-0.6653874079452339,3.047800483643804,-3.352253897116134,8.922190125505653,-0.00837879968823071,0.5702534079740182,0.0006248631477048021,0.2540849673202614,2.188491097326022,-0.05775221015862727,-44.010660015349195,0.5271806046433348,-2.0999999999999996,-1.612616715425815,0.08246270934120169,0.4234360657146172,0.5176977610037231,-2.019534008001883,2.141211360784761,-1.612616715425815,0.08246270934120169,0.4234360657146172,Communication Equipment,Technology,CASA
2019Q3,2019,Q3,2019-11-05,2019-09-30,-8498000.0,81816000.0,-8767000.0,-0.1,39214000.0,0.47929500342231346,458499000.0,62974000.0,291646000.0,89525000.0,395525000.0,98203000.0,-101404000.0,660354140.0,830607140.0,0.7490840747965932,3.2577045518011727,0.640836730287307,4.665782703973068,-0.014798562309739336,0.7490840747965932,-0.13494458030298218,8.07121027671849,-19.426751588609086,10.486139359100582,-0.033537302894798775,0.433815667545798,0.0004315866029097659,0.17844313728056113,2.08104998603742,-0.018534391569011054,-134.46429240480555,0.47929500342231346,-11.0,-1.3428542423963938,-0.14822408502181117,2.0175785399873223,-0.002315227070347284,-7.582494190549961,-3.3422388458455785,-1.3428542423963938,-0.14822408502181117,2.0175785399873223,Communication Equipment,Technology,CASA
2019Q2,2019,Q2,2019-08-05,2019-06-30,1291000.0,52101000.0,3743000.0,0.01,39305000.0,0.7544001074835416,435651000.0,69613000.0,375261000.0,60027000.0,366038000.0,74066000.0,-92906000.0,535179920.0,699037920.0,0.8298722044728435,6.251536808436204,0.675696830720003,4.228635456021146,0.018111873694080242,0.8298722044728435,0.01854538663755333,10.27197021170419,103.636700232378,7.687930702598652,1.029434546862897,0.17276483136661897,0.002483277025789757,0.11959343603021685,3.034984257084312,0.00296338123865204,-27.873954166666667,0.7544001074835416,1.0555555555555556,-0.9282153675366326,-0.2538410384106776,0.0,0.6044821814916113,1.0841645478844775,1.2654421672221827,-0.9282153675366326,-0.2538410384106776,0.0,Communication Equipment,Technology,CASA
2019Q1,2019,Q1,2019-05-07,2019-03-31,-15339000.0,35486000.0,-14101000.0,-0.18,24497000.0,0.6903285802851828,447766000.0,65434000.0,388890000.0,75973000.0,382332000.0,67773000.0,-94197000.0,707412270.0,737916270.0,0.7853053778668555,5.118792202492991,0.6586364306356445,4.50706054956139,-0.034281695741309806,0.7853053778668555,-0.23441941498303634,19.934967874654795,-11.529634754547233,10.811080936516184,-0.049612099876132736,0.16214421672347396,0.0010757517677775082,0.07925121603694787,4.139654877390652,-0.03425673231107319,-45.10407230298393,0.6903285802851828,-2.0588235294117645,-1.8116363183469035,-0.5313094599830697,0.0,-0.5068942611566255,-2.0283588093322606,-1.837749524714829,-1.8116363183469035,-0.5313094599830697,0.0,Communication Equipment,Technology,CASA
2018Q4,2018,Q4,2019-02-28,2018-12-31,14916000.0,67825000.0,16832000.0,0.17,49679000.0,0.7324585329893107,474649000.0,74856000.0,417511000.0,89111000.0,399793000.0,50997000.0,-81008000.0,1090577800.0,1105449800.0,0.9012280279316157,4.685291378168801,0.6224789265330802,3.947031634070749,0.05115284898061929,0.9012280279316157,0.19926258416159026,16.0792893475857,18.278657146688122,14.56900983221118,0.05718691338160365,0.35582485244230055,0.0007821541938594386,0.14289506561690848,4.066490107843027,0.03142532692579148,403.7681599407627,0.7324585329893107,-0.19047619047619038,-0.6393193214432406,-0.3413206546383916,1.7984710632999146,-0.12738226976515432,-0.21066836005715192,-0.25597842903240065,-0.6393193214432406,-0.3413206546383916,1.7984710632999146,Communication Equipment,Technology,CASA
2018Q3,2018,Q3,2018-11-08,2018-09-30,18897000.0,71506000.0,22623000.0,0.21,56931000.0,0.7961709506894527,487844000.0,85716000.0,433259000.0,85090000.0,402128000.0,41233000.0,-66523000.0,1298536690.0,1286183690.0,0.994765977694477,5.091773416382654,0.6067451890358393,3.4532292687479584,0.056302497120744206,0.994765977694477,0.22046059078818422,18.159828406007886,17.179138090702228,15.149291730832049,0.05217759432714188,0.35347900953120076,0.0007593162423466063,0.14657554464131978,4.56105300270302,0.03873574339337985,129.71098691439417,0.7961709506894527,-0.0869565217391305,-0.2561670600040349,-0.273694487932526,2.3513202927004886,0.15242606424971156,-0.11766353831068777,0.3676097207109177,-0.2561670600040349,-0.273694487932526,2.3513202927004886,Communication Equipment,Technology,CASA
2018Q2,2018,Q2,2018-08-14,2018-06-30,21417000.0,68722000.0,16542000.0,0.23,49401000.0,0.7188527691277903,506207000.0,107264000.0,452214000.0,81624000.0,398943000.0,33705000.0,-39724000.0,1359586809.9999998,1313197809.9999998,1.2883481268842258,5.540208762128786,0.5857998802861281,2.764543556085919,0.06635143816567984,1.2883481268842258,0.19966624403341288,19.783865574343,15.87041614138301,12.675145528788782,0.15151515151515152,0.5732383919299807,0.002386754546405169,0.13575869160244722,5.069305596393217,0.04230877881973185,46.46095103031131,0.7188527691277903,0.21052631578947373,0.19983699684295433,-0.008393273288989334,0.0,-0.20263094181260594,0.20482673267326731,-0.27981192041447167,0.19983699684295433,-0.008393273288989334,0.0,Communication Equipment,Technology,CASA
2018Q1,2018,Q1,2018-05-11,2018-03-31,17776000.0,89074000.0,22969000.0,0.19,61955000.0,0.6955452769607293,473869000.0,71833000.0,431046000.0,81460000.0,402036000.0,29354000.0,-61141000.0,2394994860.0,2384975860.0,0.8799936297149298,5.291505033145102,0.6269158775948627,4.13564796124344,0.05655724493652311,0.8799936297149298,0.24746286525691535,26.88769854278465,33.68298351710171,33.341150446173764,0.12606885688568856,0.9238604619472645,0.0009357013818392914,0.18797178123067768,4.86080284802357,0.03751247707699807,49.27567401859929,0.6955452769607293,1.375,-0.039894653221172874,0.20088250248199002,0.0,-0.318824008004134,-0.38412500433080415,-0.577721397974004,-0.039894653221172874,0.20088250248199002,0.0,Communication Equipment,Technology,CASA
2017Q4,2017,Q4,2018-03-07,2017-12-31,28863000.0,117962000.0,54393000.0,0.08,90953000.0,0.7710364354622675,469697000.0,50156000.0,425291000.0,100581000.0,419541000.0,36148000.0,-78917000.0,717628320.0000001,754423320.0000001,1.241270076966862,4.228343325280123,0.6336318946043938,5.9337865858521415,0.08878217565522742,1.241270076966862,0.5754645506021214,6.08355504314949,6.215815403804179,14.307925671903662,1.6785157468038665,0.7471782671240456,0.06750987753660558,0.2511448870229105,3.8123900140185523,0.06145025409998361,16.443148271200425,0.7710364354622675,-0.36479200908347426,0.4346543908951185,1.354841544707071,2.8543612542811405,0.31829316017567,0.186654606750812,0.35430620222592935,0.4346543908951185,1.354841544707071,2.8543612542811405,Communication Equipment,Technology,CASA
2017Q3,2017,Q3,2017-09-30,2017-09-30,24323000.0,94259000.0,40163000.0,0.125943,68993000.0,0.7319513256028602,392235000.0,-60730000.0,336231000.0,139052000.0,452965000.0,49443000.0,-107780000.0,1187963640.0,1302591640.0,-0.7361437425812123,2.4180234732330352,0.7601233954134639,-4.909385806026675,0.11238798391944668,-0.7361437425812123,-0.40051045611724023,12.603185266128433,12.210291082514493,-19.561397003128604,0.04251120338774,0.5110126812693404,0.0008703970097940035,0.2403125677208816,2.0212798089923196,0.06201129424962076,44.03126908821349,0.7319513256028602,-0.3425504925272626,0.0,0.0,0.0,0.5071213246537638,0.4174242424242424,1.128517674492554,0.0,0.0,0.0,Communication Equipment,Technology,CASA
2017Q2,2017,Q2,2017-06-30,2017-06-30,17160000.0,66625000.0,18869000.0,0.191563,45778000.0,0.6870994371482176,,,,,,,,1152561600.0,,,0.0,0.0,0.0,0.0,,0.0,17.299236022514073,16.7913986013986,0.0,5.851631701631701,0.0,0.08712245835710647,0.0,0.0,0.0,198.27311199036643,0.6870994371482176,1.0206214927640185,0.0,0.0,0.0,-0.1253725640045854,-0.054753773273107854,-0.17230337325086634,0.0,0.0,0.0,Communication Equipment,Technology,CASA
2017Q1,2017,Q1,2017-03-31,2017-03-31,18154000.0,72729000.0,22797000.0,0.094804,52340000.0,0.719657908124682,,,,,,,,1152561600.0,,,0.0,0.0,0.0,0.0,,0.0,15.847345625541394,15.872006169439244,0.0,5.328798061033381,0.0,0.08393390860844227,0.0,0.0,0.0,99.71981311645614,0.719657908124682,-0.8095902899299892,0.0,0.0,0.0,-0.3129881210211984,-0.5444530877518757,-0.5501775848460931,0.0,0.0,0.0,Communication Equipment,Technology,CASA
2016Q4,2016,Q4,2016-12-31,2016-12-31,39851000.0,99226000.0,50680000.0,0.49789477629655543,76185000.0,0.7677927156188902,583035000.0,25776000.0,527372000.0,240720000.0,557259000.0,65975000.0,-69997000.0,1152561600.0,1122758600.0,0.32204300403553265,2.190810900631439,0.5141217937173583,11.629073556797021,0.12249729923741504,0.32204300403553265,1.5460505896958412,11.615520125773486,7.230443401671225,44.71452513966481,2.3715339640159594,0.3492383478590375,0.08199822031204232,0.17018875367688047,1.8867563974742438,0.06835095663210614,-79.21930029555296,0.7677927156188902,0.0,0.0,0.0,0.0,0.0,0.0,0.0,0.0,0.0,0.0,Communication Equipment,Technology,CASA
