Quarters,Year,Quarter,FillingDate,Date,NetIncome,Revenue,OperatingIncome,EPSDiluted,GrossProfit,GrossProfitRatio,TotalAssets,CommonStockEquity,CurrentAssets,CurrentLiability,TotalLiability,Inventory,RetainedEarnings,MarketCap,EnterpriseValue,bookValuePerShare,currentRatio,debtToAssets,debtToEquity,roic,shareholdersEquityPerShare,roe,priceToSalesRatio,peRatio,pbRatio,payoutRatio,inventoryTurnover,dividendYield,assetTurnover,quickRatio,returnOnAssets,priceToFreeCashFlowsRatio,grossProfitMargin,epsdilutedGrowth,fiveYNetIncomeGrowthPerShare,fiveYRevenueGrowthPerShare,fiveYShareholdersEquityGrowthPerShare,grossProfitGrowth,netIncomeGrowth,operatingIncomeGrowth,threeYNetIncomeGrowthPerShare,threeYRevenueGrowthPerShare,threeYShareholdersEquityGrowthPerShare,Industry,Sector,Symbol
2023Q1,2023,Q1,2023-05-11,2023-03-31,24145000.0,62073000.0,-3509000.0,2.76,13303000.0,0.2143121808,648697000.0,-77880000.0,36141000.0,127011000.0,726577000.0,12174000.0,-372913000.0,46545450.0,669447450.0,-11.361050328227572,0.2845501570730094,0.9802326818221758,-8.164791987673343,-0.006270678151861894,-11.361050328227572,-0.3100282485875706,0.7498501764052004,0.4819367363843446,-0.5976560092449923,0.04961689790846966,4.006078528010514,0.025738283763504274,0.09568874220167504,0.1487745155931376,0.037220767168647306,-21.35112385321101,0.21431218081935785,2.0574712643678157,1.9721828659336842,-0.8439922124034136,-1.2982971183958523,0.50520479746549,2.4567998069265116,0.40088782653235444,1.1513541011908592,-0.8270172534135566,0.28480696000894673,Medical Care Facilities,Healthcare,SNDA
2022Q4,2022,Q4,2023-03-30,2022-12-31,-16574000.0,59525000.0,-5857000.0,-2.61,8838000.0,0.1484754305,661268000.0,-58164000.0,43566000.0,94317000.0,719432000.0,16440000.0,-397058000.0,79487500.0,733605500.0,-9.146721182575877,0.46191036610579217,1.0147640593526377,-11.53687848153497,-0.009460824442394863,-9.146721182575877,0.28495289182312084,1.3353632927341452,-1.1989788222517195,-1.3666099305412283,0.0,3.0831508515815087,0.0,0.09001645323832395,0.24416595099504862,-0.025063968012969024,-6.778739553129797,0.14847543049139017,-0.1153846153846154,0.1930647054108846,-0.8424489132053675,-1.223882527086494,-0.1135406218655968,-0.11436831842936865,-0.05836646187206361,-1.5159233718812297,-0.8257855902670267,-2.286743102811483,Medical Care Facilities,Healthcare,SNDA
2022Q3,2022,Q3,2022-11-14,2022-09-30,-14873000.0,60787000.0,-5534000.0,-2.34,9970000.0,0.1640153322,675314000.0,-42438000.0,50101000.0,97811000.0,717752000.0,13770000.0,-380484000.0,103351359.99999999,742240360.0,-6.668447517284727,0.5122225516557443,0.9861116458417862,-15.691950610302088,-0.009608337310873873,-6.668447517284727,0.35046420660728594,1.7002214289239472,-1.7372312243663013,-2.4353494509637588,-0.0001344718617629261,3.6904139433551197,1.9351462815777173e-05,0.0900129421276621,0.32516792589790516,-0.022023828915141697,-86.48649372384936,0.16401533222564035,-0.7462686567164177,0.4345678735651196,-0.8398137140332611,-1.1544566408946857,-0.10066750856936676,-0.740753745318352,-11.850980392156863,0.7720993664437227,-0.8262100057157078,-5.199688531282858,Medical Care Facilities,Healthcare,SNDA
2022Q2,2022,Q2,2022-08-12,2022-06-30,-8544000.0,59637000.0,510000.0,-1.34,11086000.0,0.1858913091,689755000.0,-69316000.0,61462000.0,96534000.0,759071000.0,13719000.0,-366745000.0,133518000.0,770364000.0,-10.902170493865995,0.6366875919365198,0.9706287014954585,-9.658606959432166,0.0009797870355492543,-10.902170493865995,0.12326158462692596,2.2388450123245636,-3.906776685393259,-1.9262219401004097,-0.26533239700374533,3.538960565638895,0.01697898410701179,0.08646113475074484,0.3876561625955622,-0.012387006980739537,-14.772958619163532,0.18589130908664084,0.49049429657794674,0.6629374828791289,-0.8420694411831732,-1.2351428806901157,0.16290779397881044,0.4877083583163449,1.0623471882640587,0.7835769834078987,-0.8326270564768794,-1.955050574171021,Medical Care Facilities,Healthcare,SNDA
2022Q1,2022,Q1,2022-05-23,2022-03-31,-16678000.0,58484000.0,-8180000.0,-2.63,9533000.0,0.1630018467,703381000.0,-21543000.0,68729000.0,97534000.0,724924000.0,3982000.0,-359335000.0,210077330.00000003,832464330.0,-3.3974136571518687,0.7046670904505096,0.9539936392936403,-31.14798310356032,-0.012789509597656323,-3.3974136571518687,0.7741725850624332,3.5920479105396352,-3.149018617340209,-9.751535533583995,-0.04305072550665547,12.293068809643396,0.0034177890589146384,0.08314697155595616,0.5852523222671069,-0.023711189241676985,-40.547641381972596,0.16300184665891526,-5.696428571428571,0.7648773756748027,-0.8447400743874252,-1.0683812455996482,-0.8345080202763697,-15.194042553191489,-0.9748913568324481,0.5934780819851988,-0.8378896484119471,-1.2008887622295572,Medical Care Facilities,Healthcare,SNDA
2021Q4,2021,Q4,2022-04-15,2021-12-31,1175000.0,57604000.0,-4142000.0,0.56,57604000.0,1.0,728552000.0,-46810000.0,103550000.0,120482000.0,734112000.0,0.0,-356131000.0,58746380.0,663444380.0,-22.701260911736178,0.8594644843213094,0.9380099155585325,-14.599209570604572,-0.00550023003468823,-22.701260911736178,-0.025101474044007692,1.0198316089160475,12.499229787234043,-1.2549963682973724,0.6110638297872341,0.0,0.012222029680807567,0.07906642216341456,0.686193788283727,0.0016127881057220348,-2.2759328994266235,1.0,-0.9679633867276889,1.1048227139918474,-0.533613919566367,-1.375385516985227,5.1747239789902455,-0.9678170364283758,0.4583496796129201,1.0432155700757406,-0.5160568472674549,-2.283524721441908,Medical Care Facilities,Healthcare,SNDA
2021Q3,2021,Q3,2021-11-12,2021-09-30,36510000.0,57924000.0,-7647000.0,17.48,9329000.0,0.16105586630757546,674180000.0,-153564000.0,35386000.0,221916000.0,827744000.0,0.0,-343832000.0,72623642.062,824218642.062,-74.4733268671193,0.1594567313758359,1.130653534664333,-4.963819645229351,-0.01248237501776895,-74.4733268671193,-0.23775103539892162,1.253774636799945,0.4972859631744728,-0.4729210105363237,0.0,0.0,0.0,0.08591770743718295,0.0674940067412895,0.054154676792547984,-4.806965982393434,0.16105586630757546,-0.25585355470412935,5.830235470651433,-0.5133253831151737,-2.166430386078679,-0.05231613165379927,-0.256082154937039,0.10425207918472532,4.180376083760709,-0.5161932344782558,-3.483411339402823,Medical Care Facilities,Healthcare,SNDA
2021Q2,2021,Q2,2021-08-13,2021-06-30,49078000.0,57542000.0,-8537000.0,23.49,9844000.0,0.17107504083973446,678875000.0,-190660000.0,33302000.0,298256000.0,869535000.0,0.0,-380342000.0,102019500.0,887285500.0,-92.50849102377487,0.11165575881122257,1.178157981955441,-4.195017308297493,-0.01397686121797724,-92.50849102377487,-0.25741109829015,1.772957144346738,0.5196804066995395,-0.5350860169936011,0.0,0.0,0.0,0.08476081752900018,0.06211442519178156,0.07229313201988584,96.70094786729858,0.17107504083973446,0.24946808510638285,11.328530964162544,-0.5151022989955029,-2.3952089492317237,0.022222222222222223,0.26346411286170324,-0.2185269768769626,6.227082212925207,-0.5156060629145147,-3.6769823785244826,Medical Care Facilities,Healthcare,SNDA
2021Q1,2021,Q1,2021-05-14,2021-03-31,38844000.0,61648000.0,-7006000.0,18.8,9630000.0,0.15620944718401245,686898000.0,-240255000.0,35246000.0,320759000.0,927153000.0,0.0,-429420000.0,79233000.0,926738000.0,-116.74198250728863,0.10988312097244349,1.2582232005334126,-3.5973070279494705,-0.011200086407863744,-116.74198250728863,-0.16167821689454953,1.2852485076563716,0.5099436206363916,-0.32978710120496973,0.0,0.0,0.0,0.08974840514894497,0.06450949154973049,0.05654988076832368,68.54065743944636,0.15620944718401245,2.8818818818818817,7.045756472069348,-0.47407715515260385,-2.7241282518259986,-0.6052469768395163,2.8976062530532487,-22.66891891891892,6.20962888774451,-0.4839109757610068,-4.065191683133405,Medical Care Facilities,Healthcare,SNDA
2020Q4,2020,Q4,2021-03-31,2020-12-31,-20470000.0,80205000.0,-296000.0,-9.99,24395000.0,0.30415809488186524,702833000.0,-279265000.0,43428000.0,373122000.0,982098000.0,0.0,-468264000.0,25297000.0,917259000.0,-136.22682926829268,0.11639088555485873,1.2945422312270483,-3.25800583675004,-0.0004686069686570213,-136.22682926829268,0.07329955418688343,0.31540427654136277,-0.30895212506106495,-0.09058421212826527,0.0,0.0,0.0,0.11411672474115472,0.06373518581053918,-0.029124984171204255,-4.327232295586726,0.30415809488186524,0.9048566671404786,-2.2164776577167458,-0.30264246425638097,-2.923397868202917,0.1435334927108236,0.9047747529818947,0.9659339394636898,-2.0914639293645654,-0.3414960167738053,-4.334397778699617,Medical Care Facilities,Healthcare,SNDA
2020Q3,2020,Q3,2020-11-09,2020-09-30,-214964000.0,96053000.0,-8689000.0,-104.999475,21333000.0,0.22209613442578577,740461000.0,-259023000.0,41085000.0,346700000.0,999484000.0,0.0,-447794000.0,19359988.2,930495988.2,-126.43434100853429,0.11850302855494664,1.249801137399539,-3.572767669280334,-0.012862075831489655,-126.43434100853429,0.8299031360149485,0.2015552684455457,-0.02251538420386669,-0.07474235183748161,0.0,0.0,0.0,0.12972053896153882,0.06771271993077589,-0.29031103596273133,-2.4961305054151626,0.22209613442578577,-15.666665343908836,-71.00611504252349,-0.13993617781683915,-2.7344052721949037,-0.2460238919912349,-15.855955461460049,-4.8004005340453935,-24.38659931190841,-0.2137105536106805,-3.9285112547250156,Medical Care Facilities,Healthcare,SNDA
2020Q2,2020,Q2,2020-08-07,2020-06-30,-12753000.0,101477000.0,-1498000.0,-6.299969,28294000.0,0.2788218019846862,964253000.0,-44480000.0,51528000.0,317636000.0,1008733000.0,0.0,-232830000.0,21720419.400000002,935346419.4,-21.809523622734467,0.16222342555629715,0.9739000034223383,-21.11254496402878,-0.0016398378067092128,-21.809523622734467,0.2867131294964029,0.214042782108261,-0.4257903904963538,-0.48831878147482016,0.0,0.0,0.0,0.10523897773717064,0.1081993224949313,-0.013225782030234803,14.224243222003931,0.2788218019846862,0.7358490384082,-1.316369133226084,-0.06270776202633285,-1.3102982954280913,-0.06527915427816319,0.7297005150378331,0.5970952124798279,-0.568424090296162,-0.162239407411986,-1.4703975427658496,Medical Care Facilities,Healthcare,SNDA
2020Q1,2020,Q1,2020-06-19,2020-03-31,-47181000.0,106129000.0,-3718000.0,-23.849881,30270000.0,0.28521893167748685,978816000.0,-32206000.0,47419000.0,107996000.0,1011022000.0,0.0,-220077000.0,17638467.0,955515467.0,-15.885292072151168,0.4390810770769288,0.9762876781744475,-29.671676085201515,-0.003883963219433624,-15.885292072151168,1.4649754704092406,0.16619837179281818,-0.09346170598334075,-0.5476764267527789,0.0,0.0,0.0,0.1084258941414934,0.23886995814659803,-0.048202113573950565,-1.7038704598145287,0.28521893167748685,-5.676470178775387,-6.338469159944383,0.01061181226417648,-1.22084105733835,-0.057919143506271205,-5.616987963597221,0.575425373986525,-1.0803373260672084,-0.11880394068248874,-1.31973029140012,Medical Care Facilities,Healthcare,SNDA
2019Q4,2019,Q4,2020-03-31,2019-12-31,10219000.0,108688000.0,-8757000.0,5.099975,32131000.0,0.29562601207124983,1267696000.0,14379000.0,63213000.0,129025000.0,1253317000.0,0.0,-172896000.0,93757239.45438,1257622239.45438,7.108428374390081,0.4899283084673513,0.9370069795913216,82.60936087349607,-0.005918215893188708,7.108428374390081,0.7106891995270881,0.862627331944465,2.2936989787254136,6.520428364585855,0.0,0.0,0.0,0.08573664348550442,0.249486533617516,0.00806108089005566,-1736.2451750811113,0.29562601207124983,1.500000049019853,3.4507992426863794,0.015225622383742188,-0.9047095775691539,0.04606719624951165,1.4929332883121895,-0.08044417026526836,1.9293076269616949,-0.10296765154220908,-0.8824558216987253,Medical Care Facilities,Healthcare,SNDA
2019Q3,2019,Q3,2019-11-08,2019-09-30,-20731000.0,111110000.0,-8105000.0,-10.199949,30716000.0,0.27644676446764466,1294200000.0,3210000.0,72531000.0,229319000.0,1290990000.0,0.0,-183115000.0,132819770.93517,1361485770.93517,1.5878433525754225,0.3162886633902991,0.9553152526657395,385.16168224299065,-0.0053885002485076355,1.5878433525754225,-6.458255451713396,1.1953898923154531,-1.6017048253240316,41.376875680738316,0.0,0.0,0.0,0.08585226394683974,0.0725626747020526,-0.0160183897388348,-16.681709486959306,0.27644676446764466,-0.6585366527863801,-2.36791596930605,0.055552775422913196,-0.979069600191993,-0.20622286541244572,-0.6539811712142971,-40.926108374384235,-1.7974865378511284,-0.04780788201914007,-0.9751305761043592,Medical Care Facilities,Healthcare,SNDA
2019Q2,2019,Q2,2019-08-09,2019-06-30,-12534000.0,113126000.0,203000.0,-6.149969,38696000.0,0.3420610646535721,1328036000.0,23043000.0,62957000.0,117642000.0,1304993000.0,0.0,-162384000.0,151698545.53722,1383010545.53722,11.415280812043932,0.5351575117730062,0.9435060495348018,54.37703424033329,0.0001312517852171561,11.415280812043932,-0.5439395911990627,1.3409697641322065,-3.025740895508617,6.58328106310897,0.0,0.0,0.0,0.0851829317879937,0.27677190119175127,-0.009437997162727517,-59.18788354944206,0.3420610646535721,0.04651170362395605,-0.1929891346659418,0.13165326999940172,-0.8541435935893816,-0.0019344355317118464,0.03465804066543438,-0.8969543147208122,-1.6931898020899336,-0.026685541059355795,-0.827835242249669,Medical Care Facilities,Healthcare,SNDA
2019Q1,2019,Q1,2019-05-10,2019-03-31,-12984000.0,114176000.0,1970000.0,-6.449968,38771000.0,0.33957223934977576,1343509000.0,33939000.0,62941000.0,110675000.0,1309570000.0,0.0,-149850000.0,122515748.49319,1362564748.49319,16.911914929664494,0.5687011520216851,0.9395054294388798,37.19125489849436,0.0012525468962342361,16.911914929664494,-0.3825687262441439,1.073042920519111,-2.358975440796172,3.6098809185064376,0.0,0.0,0.0,0.08498342772545625,0.2964174384459002,-0.009664244898992118,-27.237827588526013,0.33957223934977576,0.5113636174241477,-1.6125047286938266,0.1622078845004027,-0.7949160217064218,-0.06123486682808717,0.5061427865048876,1.6310057655349135,-1.0724035368127678,-0.0011115711771936619,-0.7502328665620186,Medical Care Facilities,Healthcare,SNDA
2018Q4,2018,Q4,2019-03-01,2018-12-31,-26291000.0,115098000.0,-3122000.0,-13.199934,41300000.0,0.35882465377330625,1149144000.0,35265000.0,73458000.0,85030000.0,1113879000.0,0.0,-149502000.0,203375352.0,1194576352.0,17.68665654233262,0.8639068564036223,0.8898014522113852,28.995037572664113,-0.002607309444721371,17.68665654233262,-0.7455267262157947,1.766975551269353,-1.9338875660872543,5.767059464057848,0.0,0.0,0.0,0.10015977109918339,0.4944372574385511,-0.02287876889232333,33.963819639278555,0.35882465377330625,-1.37837848551308,-9.258418171011662,0.2094109012868409,-0.7913573601208306,0.04676213407679635,-1.370908107133195,-2.8408018867924527,-3.2474230226567196,0.028910377578320913,-0.7502806336176124,Medical Care Facilities,Healthcare,SNDA
2018Q3,2018,Q3,2018-11-07,2018-09-30,-11089000.0,115650000.0,1696000.0,-5.549972,39455000.0,0.3411586683960225,1139713000.0,59731000.0,51945000.0,83986000.0,1079982000.0,0.0,-123211000.0,278753663.574573,1263389663.574573,29.9883171528997,0.6184959397994904,0.8720449797449007,16.63928278448377,0.0015550613961929339,29.9883171528997,-0.18564899298521706,2.410321345218962,-6.284463512818402,4.666817290428304,0.0,0.0,0.0,0.10147291467237804,0.2544947967518396,-0.009729642462619975,60.45405846336434,0.3411586683960225,-0.23333314073979936,-0.03977823702316609,0.22796316893996513,-0.6489628065367743,-0.052905734655176555,-0.2239514348785872,-0.534449629426297,-4.7143961065375,0.06510144205188219,-0.5886252503919698,Medical Care Facilities,Healthcare,SNDA
2018Q2,2018,Q2,2018-08-01,2018-06-30,-9060000.0,114627000.0,3643000.0,-4.499978,41659000.0,0.36343095431268374,1153639000.0,68725000.0,55940000.0,82888000.0,1084914000.0,0.0,-112122000.0,318298323.116229,1307125323.116229,34.55700409756314,0.6748865939581121,0.866559643007908,14.54633684976355,0.0033024630367008492,34.55700409756314,-0.1318297562750091,2.7768180543521943,-8.783066311154222,4.631477964586817,0.0,0.0,0.0,0.09936123865437975,0.2992351124408841,-0.007853409948866153,58.08363560515128,0.36343095431268374,-0.2500001388895833,-3.080142502364414,0.22516139166310603,-0.6187687067654988,-0.02990010013273409,-0.2660704304080492,-0.3236167842554772,-0.6875767837671549,0.08576106069958489,-0.5083349984133688,Medical Care Facilities,Healthcare,SNDA
2018Q1,2018,Q1,2018-05-02,2018-03-31,-7156000.0,114643000.0,5386000.0,-3.599982,42943000.0,0.37458021859162793,1160550000.0,75226000.0,52404000.0,75133000.0,1085324000.0,0.0,-103062000.0,318491808.75,1312298808.75,38.08635627901372,0.6974831299162818,0.8648873379001336,13.343059580464201,0.004855433401140345,38.08635627901372,-0.09512668492276606,2.7781182344321067,-11.126740104457799,4.233799600537049,0.0,0.0,0.0,0.09878333548748439,0.31320458387126826,-0.006166041962862436,-271.28774169505965,0.37458021859162793,-0.09090892561903331,-2.2093159212704774,0.23789505227858387,-0.5834333522363722,-0.08655236960775972,-0.12533417203962888,-0.3469932104752667,-0.1424881498538833,0.1205748745711049,-0.470514539322318,Medical Care Facilities,Healthcare,SNDA
2017Q4,2017,Q4,2018-03-02,2017-12-31,-6359000.0,116971000.0,8248000.0,-3.299984,47012000.0,0.40191158492275864,1182671000.0,80433000.0,64049000.0,87003000.0,1102238000.0,0.0,-95906000.0,398375157.862458,1390574157.862458,40.855002405087916,0.7361700171258463,0.8538680664360587,12.555107978068703,0.01078688015813051,40.855002405087916,-0.07905958996929122,3.405760041911739,-15.661863416514311,4.952881999458655,0.0,0.0,0.0,0.09890409082492088,0.3442754847533993,-0.005376812317204023,113.20692181371355,0.40191158492275864,0.21428559523750002,-2.5958374372218693,0.3033700040481302,-0.5572975164074938,0.1014479171547725,0.21802754549926218,0.8276091291823621,-0.5669467150207569,0.12260052372675692,-0.45232754238336265,Medical Care Facilities,Healthcare,SNDA
2017Q3,2017,Q3,2017-11-02,2017-09-30,-8132000.0,117318000.0,4513000.0,-4.199979,42682000.0,0.3638145894065702,1171631000.0,84943000.0,48128000.0,75709000.0,1086688000.0,0.0,-89547000.0,370377357.0,1365681357.0,43.1735889027363,0.6356972090504431,0.8573433103084503,11.82545942573255,0.004017208715161067,43.1735889027363,-0.09573478685706886,3.1570377691402856,-11.386416533448108,4.3603046395818374,0.0,0.0,0.0,0.10013220886098098,0.23598251198668585,-0.006940751823739727,-399.97554751619873,0.3638145894065702,-0.037036973022089054,-7.0526748741502825,0.39535792830428834,-0.5360017906836824,-0.017200488153077436,-0.03790682833439694,-0.037945001065870815,-0.3574576810989705,0.14519485672829271,-0.4309007400414281,Medical Care Facilities,Healthcare,SNDA
2017Q2,2017,Q2,2017-08-02,2017-06-30,-7835000.0,116718000.0,4691000.0,-4.04998,43429000.0,0.3720848540927706,1187800000.0,91115000.0,55560000.0,81062000.0,1096685000.0,0.0,-81415000.0,448362421.558746,1442321421.5587459,46.36402540391378,0.6854012977720757,0.8504605152382556,11.08683531800472,0.0041346088450159,46.36402540391378,-0.0859902321242386,3.841416247354701,-14.306395072072304,4.920840932434243,0.0,0.0,0.0,0.09826401751136556,0.32966124694678145,-0.006596228321266206,58.8247732299588,0.3720848540927706,0.639999985777707,-9.626607765025627,0.40576343750741484,-0.5037735731473026,0.005021753216699065,0.6412874278912187,1.488137356919875,0.2339987563986053,0.19931278826820725,-0.4075931864058416,Medical Care Facilities,Healthcare,SNDA
2017Q1,2017,Q1,2017-05-04,2017-03-31,-21842000.0,115990000.0,-9610000.0,-11.249944,43212000.0,0.37254935770325026,1191429000.0,97009000.0,50810000.0,74681000.0,1094420000.0,0.0,-73580000.0,411791306.984742,1412895306.984742,49.6834128620983,0.6803604665175882,0.8508404613283712,10.449710851570472,-0.008296796444155293,49.6834128620983,-0.22515436712057643,3.550231114619726,-4.713296710291433,4.24487735142865,0.0,0.0,0.0,0.09735368200706883,0.2945996973795209,-0.01833260731440984,75.9762559012439,0.37254935770325026,-1.083333379629861,-143.17531661570027,0.49496458003940363,-0.46937939890382185,-0.04425718266870148,-1.0782112274024738,-13.678100263852242,-3.5169640147536274,0.21348717662600755,-0.3975092703967621,Medical Care Facilities,Healthcare,SNDA
2016Q4,2016,Q4,2017-03-01,2016-12-31,-10510000.0,115805000.0,758000.0,-5.399973,45213000.0,0.39042355684124175,1145781000.0,116918000.0,82028000.0,81390000.0,1028863000.0,0.0,-51556000.0,465452327.25,1370597327.25,60.474525213580826,1.0078388008354835,0.8196775823652164,8.03273234232539,0.0006944358955017417,60.474525213580826,-0.08989206110265315,4.019276605068866,-11.07165383563273,3.981015132400486,0.0,0.0,0.0,0.10107079799717399,0.5860793709300897,-0.009172782582360853,721.631515116279,0.39042355684124175,-0.5000000000000001,-29.308073159654132,0.5167845311849718,-0.3558067410777544,0.08128856363897259,-0.4850925533418115,-0.7943570265870863,-3.2292683756507787,0.25493909246536606,-0.28660543863668997,Medical Care Facilities,Healthcare,SNDA
2016Q3,2016,Q3,2016-11-02,2016-09-30,-7077000.0,111436000.0,3686000.0,-3.599982,41814000.0,0.37522883089845294,1108499000.0,123264000.0,73882000.0,71820000.0,985235000.0,0.0,-41046000.0,486513468.0,1363016468.0,63.84721090598873,1.028710665552771,0.817625455683767,7.352811850986501,0.0035115576529794862,63.84721090598873,-0.057413356697819315,4.365855450662264,-17.186430267062317,3.946922605140187,0.0,0.0,0.0,0.10052873299840595,0.5694653299916458,-0.006384308871726542,-77.2488834550651,0.37522883089845294,-0.5999998222213532,-13.95022444761639,0.525094417474948,-0.3178148392496074,-0.04690919037199125,-0.5917678812415654,-0.3637148282409805,0.31537792359481687,0.22072709020136008,-0.2526174238914985,Medical Care Facilities,Healthcare,SNDA
2016Q2,2016,Q2,2016-08-03,2016-06-30,-4446000.0,111034000.0,5793000.0,-2.249989,43872000.0,0.39512221481708304,1071893000.0,127862000.0,85033000.0,69495000.0,944031000.0,0.0,-33969000.0,511124782.309092,1335933782.309092,66.3043991186517,1.2235844305345709,0.8109904626674491,6.7986970327384215,0.005769791324558933,66.3043991186517,-0.03477186341524456,4.603317743295675,-28.74070975647166,3.9974721364368766,0.0,0.0,0.0,0.10358683189460142,0.791538959637384,-0.00414780206606443,-79.71378389099999,0.39512221481708304,0.2857141496591729,-5.764956260478682,0.6110769914396964,-0.28828570792439107,0.028651817116060962,0.2570187165775401,0.3948952564411269,-1.0648861270116183,0.2238885621512158,-0.26853289273063474,Medical Care Facilities,Healthcare,SNDA
2016Q1,2016,Q1,2016-05-04,2016-03-31,-5984000.0,109173000.0,4153000.0,-3.149984,42650000.0,0.3906643584036346,1053101000.0,129784000.0,68454000.0,66923000.0,923317000.0,0.0,-29523000.0,532470904.599096,1350608904.599096,67.7107299782652,1.0228770377896985,0.8070887787591123,6.548927448683967,0.004168873418871106,67.7107299782652,-0.046107378413363743,4.8773131140400645,-22.24560931647293,4.102746907161868,0.0,0.0,0.0,0.10366811920224175,0.6264811798634251,-0.0056822659934802075,269.8788163198662,0.3906643584036346,0.0,-5.310800058340522,0.7063997721369559,-0.271343705287393,-0.01455637707948244,-0.005714285714285714,-0.27911820864433257,-1.7654678137616662,0.21474861930766134,-0.25941900038843674,Medical Care Facilities,Healthcare,SNDA
2015Q4,2015,Q4,2016-02-26,2015-12-31,-5950000.0,107529000.0,5761000.0,-3.149984,43280000.0,0.4024960708274047,1019033000.0,135746000.0,97268000.0,70542000.0,883287000.0,0.0,-23539000.0,599706944.600346,1352294944.600346,70.82613094272227,1.378866490884863,0.7935709638451356,5.957265775787132,0.0060583197163261585,70.82613094272227,-0.043831862448985605,5.577164714638339,-25.197770781527144,4.417860891667865,0.0,0.0,0.0,0.10552062592673643,0.9262708740891951,-0.005838868809940404,-255.7385691259471,0.4024960708274047,-3.099999133329289,-4.463322445294507,0.6611692066768935,-0.2331238124362982,0.06153883888057688,-3.072448624172762,0.014975334742776604,-2.4560792630909294,0.23075222578332716,-0.23253207133121143,Medical Care Facilities,Healthcare,SNDA
2015Q3,2015,Q3,2015-11-04,2015-09-30,2871000.0,104420000.0,5676000.0,1.499993,40771000.0,0.3904520206856924,959403000.0,139634000.0,73267000.0,66905000.0,819769000.0,0.0,-17589000.0,576079407.0,1293507407.0,72.89780712470426,1.0950900530603094,0.7839406380843087,5.386331409255625,0.00580812995968952,72.89780712470426,0.020560894910981568,5.516945096724766,50.16365438871473,4.125638504948651,0.0,0.0,0.0,0.10883851728627074,0.6441820491742022,0.002992485952201525,142.91228156784916,0.3904520206856924,1.5555556378604785,4.527363298837335,0.804050928707234,-0.201706928303932,-0.002690736527971429,1.5557491289198606,0.5423913043478261,3.9201739061644787,0.2756672059247184,-0.21654759707027002,Medical Care Facilities,Healthcare,SNDA
2015Q2,2015,Q2,2015-08-05,2015-06-30,-5166000.0,101588000.0,3680000.0,-2.699987,40881000.0,0.4024195771154073,921974000.0,134504000.0,75536000.0,71380000.0,787470000.0,0.0,-20460000.0,703275930.0,1387703930.0,70.28567009253395,1.0582235920425889,0.7850882996700558,5.381483078570154,0.004190084204239748,70.28567009253395,-0.03840777969428418,6.922824841516714,-34.03387195121952,5.228661824183668,0.0,0.0,0.0,0.11018531975955938,0.6608153544410199,-0.005603194884020591,-280.973204155014,0.4024195771154073,0.1428569160986214,-4.280292148736093,0.861893752211714,-0.22779081360575681,0.06159599054766418,0.14456035767511177,-0.010220548682087143,-6.1953245178939715,0.25648454423439093,-0.24774420199456082,Medical Care Facilities,Healthcare,SNDA
2015Q1,2015,Q1,2015-05-06,2015-03-31,-6039000.0,98640000.0,3718000.0,-3.149984,38509000.0,0.3903994322789943,909049000.0,136981000.0,83282000.0,72443000.0,772068000.0,0.0,-15294000.0,740979483.626052,1395622483.626052,71.93088216297282,1.1496210814019299,0.7763233885082103,5.151926179543148,0.004537672398391959,71.93088216297282,-0.04408640614391777,7.511957457685036,-30.674759216180327,5.409359572685643,0.0,0.0,0.0,0.10850900226500441,0.796709136838618,-0.006643206251808208,101.75494144823566,0.3903994322789943,-0.6153846942804835,-8.73916068755978,0.9129863168984347,-0.2022719494800794,-0.05921872327950553,-0.5480645988208152,-0.3186732636980026,-41.304402942167066,0.30352414325988525,-0.23177564237315096,Medical Care Facilities,Healthcare,SNDA
2014Q4,2014,Q4,2015-02-27,2014-12-31,-3901000.0,100160000.0,5457000.0,-1.94999,40933000.0,0.40867611821086264,897701000.0,141174000.0,112574000.0,100816000.0,756527000.0,0.0,-9255000.0,707123646.045144,1340508646.045144,74.5975114083349,1.1166283129661958,0.7492405600528461,4.764290875090314,0.006621292157936274,74.5975114083349,-0.02763256690325414,7.059940555562539,-45.31681915182927,5.008880148222364,0.0,0.0,0.0,0.11157389821332493,0.44751825107125853,-0.00434554489746586,120.27957918781152,0.40867611821086264,0.35000008333375004,-5.7414228085601255,0.8999336524969672,-0.17531750592304196,0.06391329209336175,0.32262545580830004,1.0369540873460246,-11.734011922992355,0.34019941982809176,-0.20536434454167746,Medical Care Facilities,Healthcare,SNDA
2014Q3,2014,Q3,2014-11-06,2014-09-30,-5759000.0,98483000.0,2679000.0,-2.999985,38474000.0,0.39066640943106934,879753000.0,143488000.0,64846000.0,90186000.0,736265000.0,0.0,-5354000.0,602319218.7469081,1240835218.7469082,75.86302063699601,0.719025125851019,0.7574080452126903,4.643816904549509,0.003259849643566137,75.86302063699601,-0.04013576048171276,6.1159714747409,-26.146866589117383,4.1976974990724525,0.0,0.0,0.0,0.11194392062317492,0.42968975228971235,-0.006546155568665296,42.0085938587605,0.39066640943106934,0.4117647635527625,-8.097037025836293,0.8918254415975956,-0.1559413915237334,0.06217216056540224,0.4134840615133924,-0.14925373134328357,-11.756823770107934,0.3757558288967894,-0.1894301067518489,Medical Care Facilities,Healthcare,SNDA
2014Q2,2014,Q2,2014-08-07,2014-06-30,-9819000.0,93425000.0,3149000.0,-5.099975,36222000.0,0.3877120685041477,840865000.0,147648000.0,64242000.0,52799000.0,693217000.0,0.0,405000.0,674627430.5192521,1279337430.519252,78.26382874062703,1.2167275895376806,0.7523728541442444,4.284812527091461,0.003906767454471035,78.26382874062703,-0.0665027633289987,7.221058929828762,-17.176581895285974,4.569160642333468,0.0,0.0,0.0,0.11110582554869093,0.732608572132048,-0.011677260915842614,607.7724599272541,0.3877120685041477,-1.1250002083343749,-22.38450621236162,0.849116880055561,-0.11621360611412061,0.04413248392954945,-1.1129761136216914,0.20420650095602294,-11.756955981597619,0.38565810907406123,-0.15991267234645662,Medical Care Facilities,Healthcare,SNDA
2014Q1,2014,Q1,2014-05-08,2014-03-31,-4647000.0,91857000.0,2615000.0,-2.399988,34691000.0,0.3776631067855471,744682000.0,154735000.0,46114000.0,53397000.0,589947000.0,0.0,10224000.0,731518059.9084541,1247664059.908454,82.4633648634173,0.8636065696574714,0.7086877351674943,3.4106504669273274,0.0037639433179169277,82.4633648634173,-0.030031990176753804,7.963661559907836,-39.35431783454131,4.727553946479168,0.0,0.0,0.0,0.12335063825901525,0.41230780755473156,-0.006240247515046691,117.17412460491015,0.3776631067855471,-1.0,-6.355189330309949,0.8093112505928916,-0.059078148644469246,0.02873495047743313,-0.9402922755741128,-0.003429878048780488,-4.4195985137466804,0.4666076612156111,-0.11258599766685136,Medical Care Facilities,Healthcare,SNDA
2013Q4,2013,Q4,2014-03-03,2013-12-31,-2395000.0,88935000.0,2624000.0,-1.199994,33722000.0,0.37917580255242594,745549000.0,157950000.0,52813000.0,58705000.0,587599000.0,0.0,14871000.0,670499519.9296501,1178223519.92965,84.77009566489112,0.8996337620304914,0.6992632275008082,3.3006331117442227,0.0037814232245737553,84.77009566489112,-0.015163026274137386,7.539208634729297,-69.98951147491127,4.245011205632479,0.0,0.0,0.0,0.11928793412639545,0.39012009198535047,-0.003212397843736629,62.85147355920979,0.37917580255242594,0.7714285823129791,-9.569727405657083,0.7495692546365107,-0.03851460411909314,0.0035712159990476757,0.7596105590685537,-0.09517241379310344,-2.4339633307789956,0.4132452699448802,-0.08214430299073273,Medical Care Facilities,Healthcare,SNDA
2013Q3,2013,Q3,2013-11-05,2013-09-30,-9963000.0,87983000.0,2900000.0,-5.249974,33602000.0,0.38191468806473977,662406000.0,158959000.0,58952000.0,54408000.0,503447000.0,0.0,17266000.0,590320399.5,1012910399.5,85.42774871529744,1.083517129833848,0.6662907642744782,2.7765335715498964,0.01518832009264083,85.42774871529744,-0.06267653923338723,6.709482507984497,-14.81281741192412,3.713664526701854,0.0,0.0,0.0,0.1328233741844126,0.44333553889133953,-0.01504062463202326,65.07059077380953,0.38191468806473977,-3.999999047614512,-8.838780465855738,0.7437670772690678,-0.031011606271964073,-0.022259725899845782,-3.8130434782608695,-0.021262234222072223,-20.74538029897451,0.5647841028976773,-0.06449339671695523,Medical Care Facilities,Healthcare,SNDA
2013Q2,2013,Q2,2013-08-07,2013-06-30,-2070000.0,87219000.0,2963000.0,-1.049995,34367000.0,0.3940311170731148,653488000.0,168052000.0,55652000.0,49586000.0,485436000.0,0.0,27229000.0,681045604.823652,1089674604.823652,90.64576993239271,1.122332916549026,0.6563900178733197,2.5524421012543734,0.0035783922635441757,90.64576993239271,-0.012317615976007426,7.808454635155781,-82.2518846405377,4.0525885132200274,0.0,0.0,0.0,0.13346687314839753,0.5475739119912879,-0.0031676174619885904,114.86685863107641,0.3940311170731148,0.0,-2.5740952782312534,0.6854280121684945,0.03808722140338153,-0.013576349024110219,0.002890173410404624,0.07238508867173363,-2.356752826886017,0.6500452504197186,-0.004100036929033019,Medical Care Facilities,Healthcare,SNDA
2013Q1,2013,Q1,2013-05-08,2013-03-31,-2076000.0,86225000.0,2763000.0,-1.049995,34840000.0,0.4040591475790084,630807000.0,168133000.0,53334000.0,43018000.0,462674000.0,0.0,29299000.0,718566586.5,1108142586.5,91.4292022260626,1.2398065925891488,0.6456792648147531,2.4224810120559317,0.0033125727278639737,91.4292022260626,-0.012347367857588932,8.333622342708031,-86.53258507947977,4.273798638577793,0.0,0.0,0.0,0.13668998600205767,0.7044493002929006,-0.003291022452192192,210.53811500146497,0.4040591475790084,-0.16666629629465018,-2.3305037688763246,0.6971268034600672,0.05715541823021995,0.15501922821906908,-0.26508226691042047,-0.10957138253303254,-3.755072916552205,0.7316850876565939,0.013968368789628047,Medical Care Facilities,Healthcare,SNDA
2012Q4,2012,Q4,2013-03-08,2012-12-31,-1641000.0,83278000.0,3103000.0,-0.899996,30164000.0,0.3622085064482817,636942000.0,168594000.0,56442000.0,62154000.0,468348000.0,0.0,31375000.0,512164417.21125,898935417.2112501,92.285460143688,0.9080992373781253,0.636648234847129,2.4052338754641327,0.0037873732559814384,92.285460143688,-0.009733442471262323,6.150056644146714,-78.02626709494973,3.037856728064166,0.0,0.0,0.0,0.1307465985913945,0.4604691572545613,-0.002576372730955095,85.53179980147796,0.3622085064482817,-1.0,-2.204159719629088,0.6524195622111688,0.07353562752522928,-0.03385541782774415,-0.7513340448239061,0.021059559065482066,-3.066154831553739,0.6364244279941432,0.020224428422861034,Medical Care Facilities,Healthcare,SNDA
2012Q3,2012,Q3,2012-11-09,2012-09-30,-937000.0,78012000.0,3039000.0,-0.449998,31221000.0,0.40020766035994465,561385000.0,169861000.0,76823000.0,45175000.0,391524000.0,0.0,33016000.0,408008637.0,692785637.0,93.04688689715164,1.7005644714997232,0.5933094044194269,1.9608680038384325,0.003525465110993219,93.04688689715164,-0.005516275071970611,5.230075334563913,-108.8603620597652,2.4020148062239124,0.0,0.0,0.0,0.1389634564514549,1.169961261759823,-0.0016690862776882174,28.31230566928041,0.40020766035994465,-0.4999983333277777,-1.655855266166818,0.5629756590779056,0.09681948760648688,-0.027897997945013544,-0.36988304093567254,-0.12420749279538905,-2.196363639949122,0.5526544993212974,0.03524780872168878,Medical Care Facilities,Healthcare,SNDA
2012Q2,2012,Q2,2012-08-09,2012-06-30,-684000.0,77026000.0,3470000.0,-0.299999,32117000.0,0.41696310336769404,560014000.0,170342000.0,67912000.0,41247000.0,389672000.0,0.0,33953000.0,289879578.0,588801578.0,93.43320487378384,1.6464712585157708,0.5995546539907931,1.971087576757347,0.004897350079007189,93.43320487378384,-0.004015451268624297,3.7633990860229014,-105.95013815789474,1.7017504667081518,0.0,0.0,0.0,0.13754298999667866,1.0267413387640314,-0.0012213980364776595,38.22251819620253,0.41696310336769404,-4.820145308097903,-1.8504690496713059,0.5730177210341998,0.11358285895670107,0.08014394296092016,-5.783216783216783,-0.14172644076181054,-2.5414663564023297,0.5775552714512435,0.05508504418129765,Medical Care Facilities,Healthcare,SNDA
2012Q1,2012,Q1,2012-05-04,2012-03-31,143000.0,72220000.0,4043000.0,0.0785307824192094,29734000.0,0.411714206590972,506487000.0,170175000.0,52902000.0,38513000.0,336312000.0,0.0,34637000.0,251902045.90485,513725045.90485,93.63264969256798,1.3736141043284087,0.5519134745807889,1.642644336712208,0.0032959222846233776,93.63264969256798,0.00084031144410166,3.4879818042765165,440.38819214134617,1.480252950814456,0.0,0.0,0.0,0.1425900368617556,0.7128502064238049,0.00028233696027736154,41.22783075365794,0.411714206590972,-0.5910629798336672,-0.8509109777839178,0.49854098542457664,0.1227332952237622,0.038633505658795586,-0.5867052023121387,-0.07567443987197074,-0.8298635932523646,0.46864750538890276,0.06836540373989305,Medical Care Facilities,Healthcare,SNDA
2011Q4,2011,Q4,2012-03-12,2011-12-31,346000.0,71152000.0,4374000.0,0.1920363736872427,28628000.0,0.4023498988081853,462326000.0,169141000.0,60999000.0,40213000.0,293185000.0,0.0,34494000.0,1081315461.3,1292249461.3,93.87637075674542,1.5168975207022604,0.5044427525166225,1.3788318621741624,0.0048712174407740515,93.87637075674542,0.002045630568578878,15.197260249887565,781.2972986271676,6.3929825488793375,0.0,0.0,0.0,0.153900061861111,0.8195111033745306,0.0007483896644359175,-760.4187491561181,0.4023498988081853,-0.35987662063125986,-0.5917167845580207,0.22514578284746947,0.13033902943150316,0.09711044684601824,-0.3215686274509804,0.12268993839835729,2.5791330481548407,0.44753774018486214,0.06477123557494208,Medical Care Facilities,Healthcare,SNDA
2011Q3,2011,Q3,2011-11-09,2011-09-30,510000.0,68191000.0,3896000.0,0.299999,26094000.0,0.3826604683902568,437836000.0,168629000.0,63966000.0,36284000.0,269207000.0,0.0,34148000.0,798351880.2,976758880.2,93.59220132516198,1.7629258075184655,0.4776240418786943,1.2401247709468715,0.005842743810080833,93.59220132516198,0.003024390822456398,11.707584288249183,391.34896088235297,4.734368822681746,0.0,0.0,0.0,0.15574553028988022,1.0834252011906074,0.0011648197041814743,-259.45787461813455,0.3826604683902568,-0.33333259258930037,6.116995180461344,0.7703434222719132,0.13682730468808907,-0.020899778619939215,-0.41446613088404133,-0.12645739910313902,-0.5855977492338894,0.39575864014240014,0.061596005880697656,Medical Care Facilities,Healthcare,SNDA
2011Q2,2011,Q2,2011-08-09,2011-06-30,871000.0,64335000.0,4460000.0,0.449998,26651000.0,0.41425351674827077,401337000.0,167704000.0,79447000.0,35273000.0,233633000.0,0.0,33638000.0,1047952665.3,1160991665.3,93.16153947855224,2.2523459870155644,0.4313507102509861,1.0322771072842627,0.007293897160237123,93.16153947855224,0.0051936745694795595,16.288997673117276,300.79008762916186,6.248823315484425,0.0,0.0,0.0,0.1603016915958409,1.847815609673121,0.0021702459529024235,188.4468018881496,0.41425351674827077,-0.3999994666638222,1.3368934217349169,0.822413787896822,0.1316686782451643,0.14490076467050433,-0.3289676425269646,-0.13916232387569968,-0.3178683444435888,0.28037088071063265,0.06689814352155454,Medical Care Facilities,Healthcare,SNDA
2011Q1,2011,Q1,2011-05-09,2011-03-31,1298000.0,59824000.0,5181000.0,0.749996,23278000.0,0.38910805028082374,380746000.0,166548000.0,62860000.0,28793000.0,214198000.0,0.0,32767000.0,1128864408.75,1272758408.75,92.92547181654601,2.183169520369534,0.45656421866546204,1.043753152244398,0.0086228635520622,92.92547181654601,0.0077935490068929076,18.869758102935275,217.42380754044686,6.778012397326897,0.0,0.0,0.0,0.1571231214510461,1.3542527697704303,0.0034090968782337834,442.691925,0.38910805028082374,-0.16330257561761002,2.2536756633605606,0.7973949309191788,0.11093325652905571,-0.005128643473801179,-0.18364779874213835,-0.13288702928870294,-0.1464541850422756,0.20814739602981994,0.07445612157444913,Medical Care Facilities,Healthcare,SNDA
2010Q4,2010,Q4,2011-03-14,2010-12-31,1590000.0,59908000.0,5975000.0,0.8963766089678251,23398000.0,0.3905655338185217,382781000.0,163823000.0,63831000.0,32397000.0,218958000.0,0.0,31469000.0,1054706236.8000001,1199347236.8000002,92.35666994398491,1.970275025465321,0.4595029533858786,1.073652661714167,0.009802758925246778,92.35666994398491,0.009705596894208994,17.605432276156776,165.83431396226416,6.438084010181721,0.0,0.0,0.0,0.1565072456574386,1.231533783992345,0.004153811187075638,-524.7294710447761,0.3905655338185217,1.9879319896660492,1.84578063863405,0.8499485099703361,0.09487573083716941,0.18904360199207237,2.3056133056133055,0.589095744680851,0.2016413435929982,0.22426965654370962,0.0743639948273879,Medical Care Facilities,Healthcare,SNDA
2010Q3,2010,Q3,2010-11-05,2010-09-30,481000.0,53600000.0,3760000.0,0.299999,19678000.0,0.36712686567164177,384792000.0,161979000.0,62458000.0,34341000.0,222813000.0,0.0,29879000.0,1041668748.0,1186458748.0,91.31709858113167,1.8187589179115342,0.46218476475602405,1.0979509689527656,0.005604102241511993,91.31709858113167,0.002969520740342884,19.43411843283582,541.4078731808731,6.43088763358213,0.0,0.0,0.0,0.13929603526060833,1.1843568911796396,0.00125002598806628,2504.0114134615383,0.36712686567164177,-0.5999991999957333,1.7949996043333132,1.0766684256782584,0.07144057306581253,0.03188253801782905,-0.6700960219478738,-0.2023759015697921,-0.6535036090564627,0.1051998367767931,0.07642906297528106,Medical Care Facilities,Healthcare,SNDA
2010Q2,2010,Q2,2010-08-05,2010-06-30,1458000.0,50513000.0,4714000.0,0.749996,19070000.0,0.37752657731673034,381798000.0,161256000.0,56873000.0,32597000.0,220542000.0,0.0,29398000.0,1054235208.7499999,1198294208.75,91.01895099270465,1.7447311102248673,0.46946029052011795,1.1115183311008583,0.007745722822818664,91.01895099270465,0.009041524036314927,20.87057210520064,180.76735403806583,6.53764950606489,0.0,0.0,0.0,0.13230294553664504,1.1971653833174831,0.0038187732780161237,1041.7343959980235,0.37752657731673034,0.6666651851786007,1.6484016142061568,1.0050041451031237,0.0653459039156457,0.10358796296296297,1.0110344827586206,0.15937038858829317,0.8655048170534926,0.06153879722645643,0.0848085945742339,Medical Care Facilities,Healthcare,SNDA
2010Q1,2010,Q1,2010-05-06,2010-03-31,725000.0,47908000.0,4066000.0,0.449998,17280000.0,0.36069132503965934,377885000.0,159541000.0,50395000.0,29458000.0,218344000.0,0.0,27940000.0,1156884266.7,1304752266.7,90.16967889757888,1.7107407155950844,0.48036307342180823,1.137776496323829,0.006810972879449278,90.16967889757888,0.004544286421672172,24.14803929823829,398.9256092068965,7.2513289167047965,0.0,0.0,0.0,0.1267793111660955,1.2837938760268857,0.0019185731108670627,203.49767224274407,0.36069132503965934,0.03507947857368418,1.9281376404171588,0.9180275658595802,0.0402344898546508,-0.033827229521945765,-0.046052631578947366,-0.06485740570377185,-0.22356644754647917,0.02111778683940564,0.08120939704628304,Medical Care Facilities,Healthcare,SNDA
2009Q4,2009,Q4,2010-03-11,2009-12-31,760000.0,48697000.0,4348000.0,0.43474729169598353,17885000.0,0.3672710844610551,380503000.0,158130000.0,50600000.0,31804000.0,222373000.0,0.0,27215000.0,1379546259.3,1533743259.3,90.45603846827089,1.5909948434159225,0.48138648052709176,1.1583444001770695,0.006636098444036659,90.45603846827089,0.004806172136849428,28.329183713575784,453.79811161184205,8.724127359134888,0.0,0.0,0.0,0.12798059410832505,1.076248270657779,0.0019973561312262977,946.840260329444,0.3672710844610551,-0.03389061352276339,1.4237652292860337,0.9976111874365501,0.0376740602612952,0.06502709462275948,0.013333333333333334,0.030575965868689263,-0.07569582392025805,-0.1357910497458106,0.08915576842426264,Medical Care Facilities,Healthcare,SNDA
2009Q3,2009,Q3,2009-11-05,2009-09-30,750000.0,48114000.0,4219000.0,0.449998,16793000.0,0.34902523174128114,382418000.0,157121000.0,48711000.0,32943000.0,225297000.0,0.0,26455000.0,1342573056.0,1498619056.0,89.87885423495345,1.4786449321555415,0.48235961696363666,1.1740187498806651,0.007375366893182246,89.87885423495345,0.0047733912080498465,27.904,447.52435199999996,8.54483522890002,0.0,0.0,0.0,0.1258152074431643,1.0275931153811129,0.001961204755006302,530.6612869565217,0.34902523174128114,0.4999983333277777,1.5427826644325071,0.9926031722924631,0.019369563027391637,-0.20731649752183148,0.7482517482517482,0.12237297153498271,9.787073908482114,0.28741279654369684,0.09172275212748804,Medical Care Facilities,Healthcare,SNDA
2009Q2,2009,Q2,2009-08-05,2009-06-30,429000.0,47205000.0,3759000.0,0.299999,21185000.0,0.44878720474526,383628000.0,156088000.0,48814000.0,33445000.0,227540000.0,0.0,25705000.0,1383823540.8,1534735540.8,88.55514101830923,1.4595305725818508,0.48691962004858874,1.1967351750294706,0.005714556916208839,88.55514101830923,0.002748449592537543,29.315189933269778,806.4239748251748,8.86566258008303,0.0,0.0,0.0,0.12304889111326597,1.2305576319330245,0.0011182708248615846,350.15777854251013,0.44878720474526,-0.33333259258930037,1.2609585136966215,0.9910691768942065,-0.0158832477064924,0.22669368847712798,-0.4768292682926829,-0.12295846943537098,1.16946604574846,0.3656478238475282,0.07571300290798402,Medical Care Facilities,Healthcare,SNDA
2009Q1,2009,Q1,2009-05-06,2009-03-31,820000.0,47975000.0,4286000.0,0.449998,17270000.0,0.35997915581031786,382049000.0,155400000.0,45166000.0,30825000.0,226649000.0,0.0,25276000.0,1051384548.9000001,1214277548.9,87.64103495377132,1.4652392538523926,0.4902538679593455,1.2052831402831403,0.007176594676258184,87.64103495377132,0.005276705276705276,21.915258966128192,320.5440697865854,6.765666337837839,0.0,0.0,0.0,0.1255728977173085,1.0166423357664234,0.002146321545142115,288.2875099808062,0.35997915581031786,4.700375609887851,1.3570977863526745,0.8892356651182388,-0.09762781730846491,-0.4772211291054942,4.831775700934579,0.6222558667676003,1.800544513129292,0.45694842446392747,0.04775728832440296,Medical Care Facilities,Healthcare,SNDA
2008Q4,2008,Q4,2009-03-12,2008-12-31,-214000.0,48008000.0,2642000.0,-0.12160873582604723,33035000.0,0.6881144809198467,388120000.0,155149000.0,49173000.0,35374000.0,232971000.0,0.0,24456000.0,854178766.8,1017865766.8,88.16576520876356,1.3900887657601628,0.4884236833968876,1.2218383618328188,0.00468615986990533,88.16576520876356,-0.001379319235057912,17.79242557073821,-997.8723911214953,5.505538332828442,0.0,0.0,0.0,0.12369370297846027,0.9386837790467575,-0.0005513758631351129,-1509.1497646643109,0.6881144809198467,-1.162145845879241,-1.3632871141111487,0.9049368124014955,-0.06394296416056784,0.947014793422526,-1.178036605657238,-0.4503848554191804,0.8852554682692243,0.4943283750721425,0.04519312656367831,Medical Care Facilities,Healthcare,SNDA
2008Q3,2008,Q3,2008-11-05,2008-09-30,1202000.0,47717000.0,4807000.0,0.749996,16967000.0,0.3555755810298217,389730000.0,155142000.0,47850000.0,35310000.0,234588000.0,0.0,24670000.0,674421121.5,837621121.5,88.16178735291878,1.355140186915888,0.49071664998845355,1.2327222802335924,0.008527969674341744,88.16178735291878,0.007747740779414988,14.133770385816376,140.27061595257902,4.34712148547782,0.0,0.0,0.0,0.12243604546737485,1.001670914755027,0.0030841864880814924,220.25510173089484,0.3555755810298217,0.0,2.2211053259917812,0.9183457986554212,-0.05442044861449544,-0.06999561499671125,-0.03531300160513644,-0.012733620866707743,3.002552513553761,0.8635159373349456,0.0344187171036044,Medical Care Facilities,Healthcare,SNDA
2008Q2,2008,Q2,2008-08-07,2008-06-30,1246000.0,49032000.0,4869000.0,0.749996,18244000.0,0.3720835372817752,390170000.0,153387000.0,46374000.0,35817000.0,236783000.0,0.0,23468000.0,715378608.0,881906608.0,87.31999398841404,1.2947483038780467,0.49362072942563495,1.2556214020744914,0.00868493830737692,87.31999398841404,0.008123243821184324,14.59003524229075,143.53503370786518,4.663880302763598,0.0,0.0,0.0,0.12566829843401595,0.956501102828266,0.0031934797652305403,426.3281334922527,0.3720835372817752,-0.16666740741069963,-0.6955322018697113,1.5750919153762326,-0.06215549553401321,0.029977982272906906,-0.16375838926174496,0.036619118586331705,1.5588738719934196,0.9629124132348393,0.022050868647694333,Medical Care Facilities,Healthcare,SNDA
2008Q1,2008,Q1,2008-05-07,2008-03-31,1490000.0,48517000.0,4697000.0,0.899996,17713000.0,0.36508852567141414,386587000.0,151876000.0,41458000.0,27572000.0,234711000.0,0.0,22222000.0,766526737.5,934404737.5,86.48605555001922,1.503626867836936,0.49789827386849533,1.2673562643208933,0.008425983599851887,86.48605555001922,0.009810634991703758,15.799137158109529,128.6118687080537,5.047056397982565,0.0,0.0,0.0,0.12550085750426165,1.1432975482373422,0.0038542423826978143,276.4250766318067,0.36508852567141414,0.20649333310207207,-0.070361338597119,1.5105351192085334,-0.047540148346901775,-0.011220274645528636,0.1435149654643131,-0.00021285653469561516,2.921893748640462,0.9570840120736225,-0.0022613036383910354,Medical Care Facilities,Healthcare,SNDA
2007Q4,2007,Q4,2008-03-12,2007-12-31,1303000.0,48187000.0,4698000.0,0.7459601933199065,17914000.0,0.3717600182621869,390053000.0,150157000.0,44134000.0,30995000.0,239896000.0,0.0,20732000.0,873545674.2,1044954674.2,85.96404048222348,1.4239070817873851,0.49933726955054825,1.2970957064938697,0.006862845700845892,85.96404048222348,0.008677584128612052,18.12824359682072,167.6027770913277,5.817548793596036,0.0,0.0,0.0,0.12353962153861142,0.9524439425713824,0.0033405716659018134,2510.188718965517,0.3717600182621869,-0.0053811042726808036,-0.18585780690244935,1.561274962681843,-0.044185775942451426,0.04102742910274291,-0.04681784930504755,0.07752293577981652,1.727116645459219,0.9782746582721755,-0.013856272791067986,Medical Care Facilities,Healthcare,SNDA
2007Q3,2007,Q3,2007-11-07,2007-09-30,1367000.0,47758000.0,4360000.0,0.749996,17208000.0,0.36031659617236905,390046000.0,148182000.0,45109000.0,27528000.0,241864000.0,0.0,19429000.0,961581471.0,1134490471.0,84.83336405719906,1.638658820110433,0.5048199443142604,1.3287916211145754,0.008029500166874846,84.83336405719906,0.009225142055040424,20.134458540977427,175.8561578273592,6.489192148843989,0.0,0.0,0.0,0.12244196838321633,1.0949215344376635,0.0035047148285074067,477.2116481389578,0.36031659617236905,0.6666651851786007,0.1590400491649931,1.4728327889353405,0.0,0.024407667579473748,0.7753246753246753,0.14315679077084426,1.9901047954025113,0.9794449535106762,-0.03785434310198039,Medical Care Facilities,Healthcare,SNDA
2007Q2,2007,Q2,2007-08-08,2007-06-30,770000.0,46881000.0,3814000.0,0.449998,16798000.0,0.3583114694652418,391568000.0,146451000.0,45199000.0,29232000.0,245117000.0,0.0,18062000.0,811645875.0,986631875.0,83.90323550895889,1.5462164750957854,0.5089256527601846,1.360721333415272,0.006985552690188724,83.90323550895889,0.005257731254822432,17.312895949318488,263.521387987013,5.542098551734027,0.0,0.0,0.0,0.11972633105871777,1.0277093596059113,0.001966452825562865,292.27435181850916,0.3583114694652418,0.0,-0.25451820684634024,1.1796208710126896,0.0,0.015168912793859915,-0.16304347826086957,-0.019789257260344386,1.4729846070654373,0.9968126447859981,-0.0675800559233254,Medical Care Facilities,Healthcare,SNDA
2007Q1,2007,Q1,2007-05-09,2007-03-31,920000.0,46226000.0,3891000.0,0.449998,16547000.0,0.3579587245273223,388315000.0,145384000.0,39712000.0,22874000.0,242931000.0,0.0,17292000.0,702104006.25,880030006.25,83.39705439474552,1.7361196117863076,0.5110464442527329,1.3649851427942552,0.006954761278215461,83.39705439474552,0.0063280691135200575,15.188508766711374,190.78913213315218,4.82930725698839,0.0,0.0,0.0,0.11904252990484529,1.212992917723179,0.002369210563588839,-530.2900349320241,0.3579587245273223,-0.04327171537990193,-0.6169310508305716,1.103005222469549,0.0,0.09822791531160815,0.12745098039215685,0.049919050188882895,1.4075104479491662,0.8515484552339566,-0.141324813839469,Medical Care Facilities,Healthcare,SNDA
