Quarters,Year,Quarter,FillingDate,Date,NetIncome,Revenue,OperatingIncome,EPSDiluted,GrossProfit,GrossProfitRatio,TotalAssets,CommonStockEquity,CurrentAssets,CurrentLiability,TotalLiability,Inventory,RetainedEarnings,MarketCap,EnterpriseValue,bookValuePerShare,currentRatio,debtToAssets,debtToEquity,roic,shareholdersEquityPerShare,roe,priceToSalesRatio,peRatio,pbRatio,payoutRatio,inventoryTurnover,dividendYield,assetTurnover,quickRatio,returnOnAssets,priceToFreeCashFlowsRatio,grossProfitMargin,epsdilutedGrowth,fiveYNetIncomeGrowthPerShare,fiveYRevenueGrowthPerShare,fiveYShareholdersEquityGrowthPerShare,grossProfitGrowth,netIncomeGrowth,operatingIncomeGrowth,threeYNetIncomeGrowthPerShare,threeYRevenueGrowthPerShare,threeYShareholdersEquityGrowthPerShare,Industry,Sector,Symbol
2023Q1,2023,Q1,2023-05-15,2023-03-31,724430.0,845417.0,704343.0,0.39,845417.0,1.0,3459337.0,2770445.0,2096597.0,688892.0,688892.0,0.0,0.0,29917142.064999998,27820545.064999998,1.486617228038356,3.043433513526068,0.0,0.0,0.2612840274852845,1.486617228038356,0.26148506828325413,35.38743846527808,10.324372977720415,10.798677492244027,0.0,0.0,0.0,0.24438700248053313,3.043433513526068,0.20941295976656799,41.297491910881654,1.0,-0.31578947368421045,0.14008416506929286,0.13081413235101352,-0.06511113098321349,-0.2634309626347278,-0.3211684714366569,-0.3386208509043993,0.9848865532518845,1.2348737985217455,0.13112028654799568,Oil & Gas E&P,Energy,MTR
2022Q4,2022,Q4,2023-03-23,2022-12-31,1067172.0,1147777.0,1064961.0,0.57,1147777.0,1.0,3749307.0,2690465.0,2356010.0,1058842.0,1058842.0,0.0,0.0,41017615.900000006,38661605.900000006,1.4437000627820498,2.2250817402407534,0.0,0.0,0.4007476474267507,1.4437000627820498,0.3966496497817292,35.73657243523786,9.608951485796105,15.245548966442604,,0.0,,0.30613043957189956,4.450163480481507,0.28463179995663196,0.0,1.0,-0.017241379310344845,0.32911373486773277,0.4971505567795096,-0.13152871012017048,-0.04491836126740991,-0.008032987114873017,0.005364975011281269,3.5949476639296614,2.9596540494293957,0.040991332246349606,Oil & Gas E&P,Energy,MTR
2022Q3,2022,Q3,2022-11-14,2022-09-30,1075814.0,1201758.0,1059278.0,0.58,1201758.0,1.0,3699385.0,2627140.0,2286082.0,1072245.0,1072245.0,0.0,0.0,23518505.799999997,21232423.799999997,1.4097199491304417,2.1320519097780823,0.0,0.0,0.40733746718835667,1.4097199491304417,0.4095000647091514,19.570084659307444,5.465281591427514,8.952132661373204,0.0,0.0,0.0,0.3248534553716361,2.1320519097780823,0.29080887769183256,21.861126365710057,1.0,0.15999999999999992,0.8112657987025998,0.9185643311451123,-0.1397000866803395,0.15893533921596992,0.14965766123904511,0.13322913356933402,5.396953191894206,4.915327820437094,-0.0037961421245882193,Oil & Gas E&P,Energy,MTR
2022Q2,2022,Q2,2022-08-15,2022-06-30,935769.0,1036950.0,934743.0,0.5,1036950.0,1.0,3509111.0,2574467.0,2069912.0,934644.0,934644.0,0.0,0.0,20331766.9,18261854.9,1.38145568499509,2.214652851780999,0.0,0.0,0.36387832904327494,1.38145568499509,0.3634806738637551,19.607277978687495,5.431833844677479,7.897466504717287,0.0,0.0,0.0,0.29550219414546874,4.429305703561998,0.2666683954996009,21.727335378709917,1.0,0.5625,0.39730414994266056,0.4457725496319866,-0.19862246587759522,0.41487036324488946,0.5505648697104566,0.5490881068584639,0.7097073595857687,0.762078979610217,-0.033065853397458406,Oil & Gas E&P,Energy,MTR
2022Q1,2022,Q1,2022-05-16,2022-03-31,603502.0,732894.0,603415.0,0.32,732894.0,1.0,3166341.0,2562512.0,1700472.0,603829.0,603829.0,0.0,0.0,16064145.799999999,16064145.799999999,1.3750406473526902,2.8161482803906406,0.0,0.0,0.23548923759685808,1.3750406473526902,0.23551187272488872,21.918784708293423,6.654553671735966,6.268905589515288,,0.0,,0.2314640147728877,0.0,0.1905991805683595,0.0,1.0,0.0,-0.3076294734330221,-0.20210900135976811,-0.24104863633738455,0.0,0.0,0.0,-0.12191708072952653,0.008288976418034036,-0.0708581133558672,Oil & Gas E&P,Energy,MTR
2021Q4,2021,Q4,2022-03-31,2021-12-31,0.0,0.0,0.0,0.0,0.0,0.0,2.738896,0.0,1.266979,0.0,2.738896,0.0,0.0,11461078.5,11461077.233021,0.0,0.0,0.0,0.0,0.0,0.0,0.0,0.0,0.0,0.0,0.0,0.0,,0.0,0.0,0.0,0.0,0.0,0.0,-1.0,-1.0,-1.0,0.0,0.0,1.0,-1.0,-1.0,-1.0,Oil & Gas E&P,Energy,MTR
2021Q3,2021,Q3,2021-11-15,2021-09-30,0.0,0.0,-35.0,0.0,0.0,1.0,2.504235,0.0,1.019741,0.0,2.504235,0.0,0.0,10585191.2,10585190.180258999,0.0,0.0,0.0,0.0,0.0,0.0,0.0,0.0,0.0,0.0,0.0,0.0,0.0,0.0,0.0,0.0,0.0,0.0,-1.0,-1.0,-1.0,-1.0,-1.0,-1.0,-1.0000657498013417,-1.0,-1.0,-1.0,Oil & Gas E&P,Energy,MTR
2021Q2,2021,Q2,2021-08-16,2021-06-30,532352.0,594172.0,532321.0,0.2857,594172.0,1.0,3095571.0,2557841.0,1611077.0,537730.0,537730.0,0.0,0.0,11721981.1,11721979.488923,1.3725341947531378,2.996070518661782,0.0,0.0,0.20811340501618358,1.3725341947531378,0.20812552461235861,19.728262355008315,5.504807486399976,4.5827637839881366,0.0,0.0,0.0,0.19194261737172238,2.996070518661782e-06,0.17197214988769438,0.0,1.0,0.0,2.667978089365074,2.247054451658032,-0.2985621000348821,15.27199780911954,0.0,19716.59259259259,0.09988719148109733,0.12053166471479033,-0.0995055421873377,Oil & Gas E&P,Energy,MTR
2021Q1,2021,Q1,2021-05-17,2021-03-31,0.0,36515.0,-27.0,0.0,36515.0,1.0,3078186.0,2587186.0,1078725.0,0.0,0.0,0.0,0.0,8852052.5,8852052.5,1.3882806840560424,0.0,0.0,0.0,,1.3882806840560424,0.0,242.42236067369575,0.0,3.421498299697045,0.0,0.0,,0.01186250603439818,0.0,0.0,0.0,1.0,0.0,-1.0,-0.8215690586136968,-0.2995567246519085,0.0,0.0,-0.08,-1.0,-0.9511582118140547,-0.12695202630766395,Oil & Gas E&P,Energy,MTR
2020Q4,2020,Q4,2021-03-31,2020-12-31,0.0,0.0,-25.0,0.0,0.0,1.0,2590223.0,2590223.0,1076485.0,0.0,2590223.0,0.0,0.0,7612765.15,6536280.15,1.3899103343546595,0.0,0.0,0.0,,1.3899103343546595,0.0,0.0,0.0,2.9390385113559723,0.0,0.0,0.07154956041169876,0.0,0.0,0.0,-13.456058594785683,0.0,0.0,-1.0,-1.0,-0.3051939656328629,-1.0,0.0,0.7191011235955056,-1.0,-1.0,-0.1638864248795649,Oil & Gas E&P,Energy,MTR
2020Q3,2020,Q3,2020-11-16,2020-09-30,0.0,49984.0,-89.0,0.0,49984.0,1.0,2514473.0,2514473.0,974496.0,0.0,0.0,0.0,0.0,7305272.8,7305272.8,1.349262981664422,0.0,0.0,0.0,,1.349262981664422,0.0,146.15222471190782,0.0,2.9052898161960776,0.0,0.0,,0.019878519276206187,0.0,0.0,0.0,1.0,-1.0,-1.0,-0.8753948132692159,-0.3384121827133364,-0.8183186184887267,-1.0,-1.000446198041742,-1.0,-0.9202023040179826,-0.17659473650257437,Oil & Gas E&P,Energy,MTR
2020Q2,2020,Q2,2020-08-14,2020-06-30,200777.0,275119.0,199463.0,0.1077,275119.0,1.0,2624017.0,2547145.0,1075149.0,76872.0,76872.0,0.0,0.0,9597488.5,8522338.5,1.3667947348934046,13.986223852638151,0.0,0.0,0.07830845907869399,1.3667947348934046,0.07882433077033306,34.88486255038729,11.95043319204889,3.767939595115316,0.3829123853827879,0.0,0.00801042897837283,0.10484650061337256,13.986236861275888,0.07651512928460448,47.80101852774182,1.0,-0.44994892747701737,-0.5814556089913968,-0.3964544421483071,-0.3305195025362325,-0.2727183808990071,-0.44988533398360975,-0.44692703350940677,-0.7001968057148319,-0.6164140044532499,-0.20712723093665106,Oil & Gas E&P,Energy,MTR
2020Q1,2020,Q1,2020-05-15,2020-03-31,364973.0,378284.0,360645.0,0.1958,378284.0,1.0,2917106.0,2449293.0,1342183.0,467813.0,467813.0,0.0,0.0,9024620.934,7682440.934,1.3142874773957791,2.869058790585127,0.0,0.0,0.1472445313810965,1.3142874773957791,0.1490115719107514,23.856734448192363,6.181704491839123,3.684582013666801,1.2817660484474194,0.0,0.0518370802963634,0.12967783824105122,2.8690523777663297,0.12511475414331877,24.72702121818232,1.0,0.5711194536897898,-0.4161917208262218,-0.5212140389069599,-0.3564521290767389,0.3050215960368168,0.5714728588712976,0.5872132172045471,-0.5812829979142909,-0.5881677315824368,-0.27458124591834165,Oil & Gas E&P,Energy,MTR
2019Q4,2019,Q4,2020-03-30,2019-12-31,232249.0,289868.0,227219.0,0.12462451504891098,289868.0,1.0,2840370.0,2584522.0,1233060.0,255848.0,255848.0,0.0,0.0,12951950.5,11718890.5,1.386851185078263,4.819502204433882,0.0,0.0,0.08791528955837868,1.386851185078263,0.08986149082886506,44.68223639725668,13.941879728222727,5.011352389339305,1.1016193826453502,0.0,0.01975378148642553,0.10205290155859977,4.819502204433882,0.08176716413706665,55.76727879440262,1.0,0.3816465083027824,-0.7920991053733102,-0.7477704501215169,-0.35609628003955324,0.4267966135065958,0.38098777471220624,0.4132819983330638,-0.5321833083897166,-0.4482656230966014,-0.24854107140936085,Oil & Gas E&P,Energy,MTR
2019Q3,2019,Q3,2019-11-14,2019-09-30,168176.0,203160.0,160774.0,0.0902,203160.0,1.0,2804197.0,2637151.0,1167857.0,167046.0,167046.0,0.0,0.0,16120053.5,14952193.5,1.4150918388701377,6.991229960609653,0.0,0.0,0.060965033856612685,1.4150918388701377,0.06377185075864067,79.34659135656625,23.96307068190467,6.11267746898073,0.9933046332413656,0.0,0.010362868832910505,0.07244854765909813,6.9912479197346835,0.0599729619566671,95.85000297300512,1.0,-0.6928838951310862,-0.9051994421639709,-0.887791250633784,-0.3599460317591302,-0.6547722016513702,-0.6927321327104272,-0.7013384356742799,-0.5958298686379783,-0.5503140895387598,-0.2776375471104281,Oil & Gas E&P,Energy,MTR
2019Q2,2019,Q2,2019-08-14,2019-06-30,547327.0,588481.0,538315.0,0.2937,588481.0,1.0,3266508.0,2662505.0,1603686.0,604003.0,604003.0,0.0,0.0,21356927.759,19753237.759,1.42869676269995,2.655096083959848,0.0,0.0,0.20218365787106504,1.42869676269995,0.20556844024706056,36.29161818138564,9.755104242527777,8.021366254335673,1.1035450471107768,0.0,0.028281221288744073,0.18015599533201818,2.655102706443511,0.16755722012620206,39.02091602535994,1.0,-0.20363340563991322,-0.7758018895941244,-0.7634399395415773,-0.3905026643854149,-0.19038918979898717,-0.20365054307102481,-0.2075713614878342,2.771157887484067,2.215954051631801,-0.26986004374524214,Oil & Gas E&P,Energy,MTR
2019Q1,2019,Q1,2019-04-01,2019-03-31,687295.0,726869.0,679323.0,0.3688,726869.0,1.0,3427234.0,2757934.0,1725661.0,669300.0,669300.0,0.0,0.0,23611685.3,21886025.3,1.4799038415102035,2.578307186612879,0.0,0.0,0.24631590168582715,1.4799038415102035,0.24920647122084866,32.48410002352556,8.588628354636656,8.561367059545297,0.9738176474439652,0.0,0.028346134191446302,0.2120861896211347,2.5783056925145673,0.20053926869306268,34.35426349483486,1.0,0.13063389276208223,-0.4278125262764419,-0.41597433359259,-0.3947609358211785,0.20166279265845136,0.13063884109086962,0.12969143655366808,3.3994763861684016,2.5518532092159596,-0.2533291676153692,Oil & Gas E&P,Energy,MTR
2018Q4,2018,Q4,2019-04-01,2018-12-31,607882.0,604886.0,601335.0,0.32618870030425146,604886.0,1.0,3358530.0,2792012.0,1604884.0,566518.0,566518.0,0.0,0.0,20219951.5,18615071.5,1.4981900525330143,2.832891452698767,0.0,0.0,0.21537693964066057,1.4981900525330143,0.21772184360239139,33.42770621241027,8.315738704222202,7.242071846396075,0.931957189059719,0.0,0.028017871358395695,0.18010439090911798,2.8328843920228484,0.18099644785069657,33.26306425610319,1.0,0.47998502860368164,-0.35280339503478303,-0.38209915449104487,-0.40971738015432696,0.3455186895514686,0.47965445309096044,0.48542696437702404,0.5241287837949647,0.4074513581556818,-0.2510657246015268,Oil & Gas E&P,Energy,MTR
2018Q3,2018,Q3,2018-11-14,2018-09-30,410827.0,449556.0,404823.0,0.2204,449556.0,1.0,3201260.0,2798308.0,1399953.0,402952.0,402952.0,0.0,0.0,26697044.904,25297094.904,1.5015684780450635,3.4742425896881017,0.0,0.0,0.14466706309669985,1.5015684780450635,0.14681264535569352,59.38536000854176,16.245916714334744,9.540424036239042,0.9807534558342075,0.0,0.015092307086752915,0.14043095531134617,3.4742351446326114,0.1283329064180979,65.07506375137112,1.0,-0.15132845591066607,-0.5351762887601066,-0.509773858880439,-0.42729621674390905,-0.15219543656967632,-0.15119440668090892,-0.15337865957842828,-0.0027551084808792137,0.12069881013813162,-0.2637318110730125,Oil & Gas E&P,Energy,MTR
2018Q2,2018,Q2,2018-08-14,2018-06-30,484006.0,530259.0,478163.0,0.2597,530259.0,1.0,3391090.0,2840485.0,1539731.0,550605.0,550605.0,0.0,0.0,26742516.5,25202516.5,1.5242006020637586,2.7964348307770543,0.0,0.0,0.1683385055721118,1.5242006020637586,0.1703955486475021,50.432932774361205,13.8131120791891,9.414771245051462,1.1363495493857514,0.0,0.020566501286444005,0.1563683063557735,2.796923384277295,0.14272873913697365,55.713576041666656,1.0,-0.23841642228739013,-0.2591355566134343,-0.23195838958059334,-0.44273358424351056,-0.2907353755527555,-0.2382872376923537,-0.24204698023811902,0.008970133603500482,0.1632619483237466,-0.2534192946069542,Oil & Gas E&P,Energy,MTR
2018Q1,2018,Q1,2018-04-02,2018-03-31,635418.0,747618.0,630861.0,0.341,747618.0,1.0,3662759.0,2963395.0,1755089.0,699364.0,699364.0,0.0,0.0,28011621.290000003,26251621.290000003,1.5901539501714432,2.509550105524448,0.0,0.0,0.2128845462720967,1.5901539501714432,0.21442230954698918,37.4678262026864,11.020942627530223,9.452543886319576,1.101637032630489,0.0,0.02498962815300863,0.20411334734280906,2.5165721998844663,0.1734807012964817,43.768158265625004,1.0,-0.20853361480595817,-0.35564544670028625,-0.28049659552967793,-0.43574468441615744,-0.024813439406449693,-0.20861605141234493,-0.21095722846132775,0.016410225238699398,-0.05375590122644264,-0.22137263979661181,Oil & Gas E&P,Energy,MTR
2017Q4,2017,Q4,2018-04-02,2017-12-31,802920.0,766641.0,799527.0,0.4308458405550577,766641.0,1.0,3779874.0,3097932.0,1801613.0,681942.0,681942.0,0.0,0.0,34383235.5,32583235.5,1.6623463315428824,2.641885966841755,0.0,0.0,0.2580841025561568,1.6623463315428824,0.2591793493207727,44.849199951476635,10.705685342250785,11.098770244149968,0.8469087829422604,0.0,0.019777080024944126,0.20282184009308246,2.6395206630475907,0.21241977907200082,42.979044375000015,1.0,0.3518852857077431,-0.03308084153229206,-0.010778147959855237,-0.43518001434141873,0.22391536182277963,0.35181503038098716,0.3461024956352059,-0.28125509124404496,-0.33290492793826787,-0.22818612533207036,Oil & Gas E&P,Energy,MTR
2017Q3,2017,Q3,2017-11-14,2017-09-30,593957.0,626384.0,593957.0,0.3187,626384.0,1.0,3696853.0,3053749.0,1641797.0,643104.0,643104.0,0.0,0.0,28792465.5,27150668.5,1.6386377905011296,2.552926120814052,0.0,0.0,0.19450092329133795,1.6386377905011296,0.19450092329133795,45.96615734118368,12.118918330788256,9.428563218522543,1.0943553152837666,0.0,0.02257535048535528,0.16943708608375826,2.552926120814052,0.1606655715009496,47.98744249999999,1.0,-0.11324429604897054,-0.137704356360036,-0.23356446898144922,-0.4644129824055551,-0.1266610803523003,-0.11309459814602446,-0.11309459814602446,-0.6651873339203314,-0.6540373830330386,-0.2588349451883536,Oil & Gas E&P,Energy,MTR
2017Q2,2017,Q2,2017-08-14,2017-06-30,669696.0,717229.0,669696.0,0.3594,717229.0,1.0,3916652.0,3212552.0,1751940.0,704100.0,704100.0,0.0,0.0,21804003.0,20052063.0,1.7238512763000446,2.4881976991904557,0.0,0.0,0.20846230660235227,1.7238512763000446,0.20846230660235227,30.400336573116814,8.13951516807626,6.787128426248041,1.045250382262997,0.0,0.03210419664682673,0.18312298360947055,2.4881976991904557,0.17098685305715186,32.543288059701496,1.0,-0.23155869146889033,-0.2398896318147303,-0.22019474772602246,-0.4481634145051055,-0.21916325817412216,-0.23168809356091807,-0.23168809356091807,-0.7256766471480974,-0.711685278534848,-0.2645865887488261,Oil & Gas E&P,Energy,MTR
2017Q1,2017,Q1,2017-05-15,2017-03-31,871646.0,918539.0,871646.0,0.4677,918539.0,1.0,4165787.0,3376385.0,1871646.0,789402.0,789402.0,0.0,0.0,24692567.5,22820921.5,1.8117638536373344,2.370966883793048,0.0,0.0,0.2581595404552502,1.8117638536373344,0.2581595404552502,26.88243776257731,7.082166240652742,7.313315128458395,0.9063312399758617,0.0,0.031993432841684044,0.22049591109675074,2.370966883793048,0.20923921458298275,28.382261494252873,1.0,0.7556567147343255,-0.2743201481254537,-0.2764019363402539,-0.43210835670965847,0.7483459465221098,0.7557472711414777,0.7557472711414777,-0.2743364600044456,-0.26197106824448974,-0.2590395209938272,Oil & Gas E&P,Energy,MTR
2016Q4,2016,Q4,2017-03-31,2016-12-31,496453.0,525376.0,496453.0,0.2663960420478753,525376.0,1.0,4043451.0,3439339.0,1604112.0,604112.0,604112.0,0.0,0.0,20313131.0,18709019.0,1.8455448891655353,2.655322191911434,0.0,0.0,0.1443454687077953,1.8455448891655353,0.1443454687077953,38.66398731575101,10.229130954994734,5.90611480868853,1.2287165149571058,0.0,0.030029836365452475,0.12993257492176855,2.655322191911434,0.12277952669637891,41.455369387755105,1.0,0.19299615784986707,-0.6900839318432233,-0.6791434313922476,-0.43494090136690083,0.162897149510162,0.19310409466909556,0.19310409466909556,-0.47143903566021556,-0.46331990720546873,-0.27286056239822853,Oil & Gas E&P,Energy,MTR
2016Q3,2016,Q3,2016-11-14,2016-09-30,416102.0,451782.0,416102.0,0.2233,451782.0,1.0,3958463.0,3650731.0,1415391.0,307732.0,307732.0,0.0,0.0,15542340.6,14126949.6,1.95897756480771,4.599427423862322,0.0,0.0,0.11397772117419772,1.95897756480771,0.11397772117419772,34.40230155251869,9.338059297960596,4.257322875884309,0.7209770681227199,0.0,0.019302112064125014,0.11413066131981024,4.599427423862322,0.10511706184951078,37.00557285714286,1.0,1.866495507060334,-0.7972447640088527,-0.7829097309616789,-0.3914934145268608,1.468915994491442,1.8669996899438455,1.8669996899438455,-0.5292079734429768,-0.5073464785537786,-0.25283869561524597,Oil & Gas E&P,Energy,MTR
2016Q2,2016,Q2,2016-06-30,2016-06-30,145135.0,182988.0,145135.0,0.0779,182988.0,1.0,3792414.0,3646568.0,1145135.0,145846.0,145846.0,0.0,0.0,20182679.7,19037544.7,1.9567437043555718,7.851672311890624,0.0,0.0,0.03980043701365229,1.9567437043555718,0.03980043701365229,110.29509967866746,34.76535587556413,5.534705427130387,1.0335205153822304,0.0,0.007432115171505199,0.04825106119743256,7.851672311890624,0.03826981969795492,144.16199785714286,1.0,-0.07040572792362772,-0.9005971635587086,-0.878299594172363,-0.3785247801486127,-0.10582716411346478,-0.07096951773757858,-0.07096951773757858,-0.7778429172553456,-0.7349551856594111,-0.2845905262050987,Oil & Gas E&P,Energy,MTR
2016Q1,2016,Q1,2016-05-13,2016-03-31,156222.0,204645.0,156222.0,0.0838,204645.0,1.0,3843125.0,3693641.0,1149484.0,149484.0,149484.0,0.0,0.0,15303801.08,14154317.08,1.9820030156847805,7.6896791629873436,0.0,0.0,0.04229485215265912,1.9820030156847805,0.04229485215265912,74.78218905910235,24.490470420299317,4.143283302302525,0.9601720628336597,0.0,0.009801486520628509,0.05324963408684339,7.6896791629873436,0.04064973166368515,95.64875675,1.0,-0.6084413961523322,-0.8633633594235831,-0.8578068154340871,-0.3235706706604416,-0.5238311298496419,-0.6083081143017609,-0.6083081143017609,-0.8415808852982009,-0.8030507903664317,-0.2966997082372009,Oil & Gas E&P,Energy,MTR
2015Q4,2015,Q4,2016-03-30,2015-12-31,398839.0,429774.0,398839.0,0.21401649504451087,429774.0,1.0,4143131.0,3727980.0,1408413.0,415151.0,415151.0,0.0,0.0,13977111.359,12568698.359,2.000429278972306,3.392531873944661,0.0,0.0,0.10698528425581683,2.000429278972306,0.10698528425581683,32.52200309697655,8.761123761091568,3.7492452639230898,1.027983722755297,0.0,0.029333671991959687,0.10373169470142267,3.392531873944661,0.09626511930228612,34.94277839750001,1.0,-0.03203756198773914,-0.713237318930454,-0.697001273263856,-0.32922819264712844,0.07138423339540657,-0.03185487981901243,0.02183615327068324,-0.5196967689880658,-0.44544860992472196,-0.32030864133380665,Oil & Gas E&P,Energy,MTR
2015Q3,2015,Q3,2015-11-13,2015-09-30,411962.0,401139.0,390316.0,0.2211,401139.0,1.0,4148616.0,3800664.0,1357526.0,347952.0,347952.0,0.0,0.0,18374997.4,17017471.4,2.0394314200011805,3.901474916080379,0.0,0.0,0.10269679192898926,2.0394314200011805,0.10839211253612527,45.807057902622276,11.150905544686161,4.834680834717302,0.849592923619169,0.0,0.01904762174279274,0.09669224628165152,3.901474916080379,0.09930106811524614,43.749993809523815,1.0,-0.1410256410256411,-0.7089391478336929,-0.7241586315307398,-0.32730574789381717,-0.11999657773156253,-0.1412144597803224,-0.09653884168204008,-0.4019212873234816,-0.5091713988906957,-0.33341401122404846,Oil & Gas E&P,Energy,MTR
2015Q2,2015,Q2,2015-08-14,2015-06-30,479703.0,455838.0,432023.0,0.2574,455838.0,1.0,4221180.0,3804659.0,1362085.0,416521.0,416521.0,0.0,0.0,26090446.359,24728361.359,2.041575131869134,3.2701472434763192,0.0,0.0,0.11355104360206789,2.041575131869134,0.12608304712721954,57.236225060218764,13.597187405019355,6.857499281538766,0.0,0.0,0.0,0.10798828763521101,3.2701472434763192,0.11364192003183944,0.0,1.0,-0.23278688524590163,-0.7583043622842287,-0.7769187402000224,-0.35063473676503143,-0.42305560126061587,-0.23267040864803995,-0.3089390059168947,-0.45553322111886824,-0.5043913916112351,-0.3464541487476562,Oil & Gas E&P,Energy,MTR
2015Q1,2015,Q1,2015-05-15,2015-03-31,625159.0,790090.0,625159.0,0.3355,790090.0,1.0,4548699.0,3805922.0,1625159.0,742777.0,742777.0,0.0,0.0,39191297.7,37566138.7,2.042252856046663,2.187950084614898,0.0,0.0,0.16425954078932778,2.042252856046663,0.16425954078932778,49.603586553430624,15.672531987862289,10.29745162932924,0.0,0.0,0.0,0.17369581939803008,2.187950084614898,0.13743688030357692,0.0,1.0,-0.4403127657517496,-0.6386863317726625,-0.5537848290569328,-0.3825777921690895,-0.31250070699942484,-0.4403803013837442,-0.4403803013837442,-0.4795303477351591,-0.3775902883634459,-0.35986230870743013,Oil & Gas E&P,Energy,MTR
2014Q4,2014,Q4,2015-03-31,2014-12-31,1117114.0,1149223.0,1117114.0,0.599441937336002,1149223.0,1.0,5130947.0,4013833.0,2117114.0,1117114.0,1117114.0,0.0,0.0,47819719.4,45702605.4,2.15381763156059,1.895163788118312,0.0,0.0,0.2783160136458094,2.15381763156059,0.2783160136458094,41.6104789061827,10.701620291214683,11.913729196007905,0.0,0.0,0.0,0.22397873141156982,1.895163788118312,0.21772082229654682,0.0,1.0,-0.37026795111250965,-0.06486668385506826,-0.07996579962197059,-0.37146367052928275,-0.36526444392158425,-0.3702845211775887,-0.3702845211775887,-0.3026296979514887,-0.2981488527357417,-0.3405555959898723,Oil & Gas E&P,Energy,MTR
2014Q3,2014,Q3,2014-11-14,2014-09-30,1773998.0,1810554.0,1773998.0,0.9519,1810554.0,1.0,5894199.0,4120201.0,2773998.0,1773998.0,1773998.0,0.0,0.0,64946111.5,62176111.5,2.2108945637184143,1.5636984934594065,0.0,0.0,0.4305610333088119,2.2108945637184143,0.4305610333088119,35.87085030327734,9.152506302149156,15.762850283275016,1.0033833183577432,0.0,0.027407337543218422,0.30717558060051925,1.5614448268825556,0.30097355043492763,36.48657949438203,1.0,-0.27335877862595426,1.0565684482164988,0.9611295249236368,-0.3768264559958848,-0.2721859096500326,-0.27332837688657313,-0.27332837688657313,-0.13557881688186263,-0.12999266246019484,-0.31324180226562476,Oil & Gas E&P,Energy,MTR
2014Q2,2014,Q2,2014-08-14,2014-06-30,2441265.0,2487660.0,2441265.0,1.31,2487660.0,1.0,6809627.0,4368362.0,3441265.0,2441265.0,2441265.0,0.0,0.0,63436417.241000004,59995152.241000004,2.3440574375264944,1.4096236991887403,0.0,0.0,0.558851349773668,2.3440574375264944,0.558851349773668,25.500437053697052,6.4962649733847,14.521785795453766,0.0,0.0,0.0,0.3653151633709159,1.4096236991887403,0.3585020148680684,0.0,1.0,1.0325833979829326,2.480937483958912,2.337107319834624,-0.3546342521350854,0.9987883501635888,1.0324042122229058,1.0324042122229058,0.6720202949312669,0.6544758758015793,-0.2555112822959984,Oil & Gas E&P,Energy,MTR
2014Q1,2014,Q1,2014-05-15,2014-03-31,1201171.0,1244584.0,1201171.0,0.6445,1244584.0,1.0,5757939.0,4556768.0,2201171.0,1201171.0,1201171.0,0.0,0.0,48192437.4,45991266.4,2.445155855096883,1.8325209316575242,0.0,0.0,0.2636015263449884,2.445155855096883,0.2636015263449884,38.721723403161214,10.030303220773728,10.576012954796031,0.0,0.0,0.0,0.21615095262384684,1.8325209316575242,0.20861127566651888,0.0,1.0,0.2787635240307732,0.1061168486143277,0.0966377039921263,-0.33873382775787575,0.2713627128201304,0.2788564115776989,0.2788564115776989,0.05058167350190973,-0.13522752855050427,-0.16550321966970785,Oil & Gas E&P,Energy,MTR
2013Q4,2013,Q4,2013-12-31,2013-12-31,939254.0,978937.0,939254.0,0.5040024898180394,978937.0,1.0,5669212.0,4729958.0,1939254.0,939254.0,939254.0,0.0,0.0,39601287.5,37662033.5,2.5380893866140086,2.064674731222864,0.0,0.0,0.19857554760528529,2.5380893866140086,0.19857554760528529,40.45335654899141,10.540622531285466,8.372439565002479,0.0,0.0,0.0,0.17267602622727815,2.064674731222864,0.1656762879920525,0.0,1.0,0.06262384528365889,-0.6795998503156913,-0.6696408775361925,-0.3276571743241224,0.06749883865226959,0.06270408244082033,0.06270408244082033,-0.3246824025601923,-0.309831063407976,-0.14894326783856837,Oil & Gas E&P,Energy,MTR
2013Q3,2013,Q3,2013-11-12,2013-09-30,883834.0,917038.0,883834.0,0.4743,917038.0,1.0,5769969.0,4886135.0,1883834.0,883834.0,883834.0,0.0,0.0,43142108.5,41258274.5,2.6218937641863285,2.1314341833421206,0.0,0.0,0.18088611960168927,2.6218937641863285,0.18088611960168927,47.045060837173594,12.203114074588667,8.829495808036413,0.0,0.0,0.0,0.15893291627736647,2.1314341833421206,0.15317829263900726,0.0,1.0,0.3532097004279601,-0.8040348032153197,-0.7982740275484227,-0.3254352348051444,0.3282628721733941,0.35287823798903717,0.35287823798903717,-0.3755504701560923,-0.3694030825765796,-0.13518402849743003,Oil & Gas E&P,Energy,MTR
2013Q2,2013,Q2,2013-08-09,2013-06-30,653299.0,690404.0,653299.0,0.3505,690404.0,1.0,5750475.0,5097176.0,1653299.0,653299.0,653299.0,0.0,0.0,40756713.300000004,39103414.300000004,2.735138093679404,2.530692684360454,0.0,0.0,0.12816881347632492,2.735138093679404,0.12816881347632492,59.03313610581631,15.5965007217216,7.995939967542812,0.0,0.0,0.0,0.12006034284124355,2.530692684360454,0.11360783239645421,0.0,1.0,-0.3376795162509449,-0.8109024335530743,-0.8020677266188123,-0.31155479649562823,-0.33555903086880157,-0.33751296734409525,-0.33751296734409525,-0.6708390015820712,-0.6621251539122588,-0.13003266915774464,Oil & Gas E&P,Energy,MTR
2013Q1,2013,Q1,2013-05-10,2013-03-31,986131.0,1039075.0,986131.0,0.5292,1039075.0,1.0,6238000.0,5251869.0,1986131.0,986131.0,986131.0,0.0,0.0,45266601.1,43280470.1,2.818146158758096,2.0140640543700585,0.0,0.0,0.18776763091387086,2.818146158758096,0.18776763091387086,43.56432509684094,11.475808259754535,8.61914131902376,0.0,0.0,0.0,0.16657181789034947,2.0140640543700585,0.1580844822058352,0.0,1.0,0.18764896976119658,-0.6566424932382181,-0.6415798736272189,-0.30449368936763893,0.3407523155017974,0.187551632365515,0.187551632365515,-0.4300608181875452,-0.41316681802368393,-0.14800656628834857,Oil & Gas E&P,Energy,MTR
2012Q4,2012,Q4,2013-03-29,2012-12-31,830390.0,774994.0,830390.0,0.4455862072666198,774994.0,1.0,6315203.0,5484813.0,1830390.0,830000.0,830390.0,0.0,0.0,35985922.9,34155532.9,2.943143609914198,2.205289156626506,0.0,0.0,,2.943143609914198,0.15139805131004466,46.43380839077464,10.83404270884765,6.561011815717326,0.0,0.0,0.0,0.1227187787946009,2.205289156626506,0.13149062666710792,0.0,1.0,0.20559038762613585,-0.7821274679858118,-0.7980712134085922,-0.2869655325457057,-0.051727154706712235,0.20554464299972852,0.20554464299972852,-0.30488262219111945,-0.37956255218719903,-0.1411191669276542,Oil & Gas E&P,Energy,MTR
2012Q3,2012,Q3,2012-11-09,2012-09-30,688809.0,817269.0,688809.0,0.3696,817269.0,1.0,6390495.0,5701686.0,1688809.0,688809.0,688809.0,0.0,0.0,47221507.01,45532698.01,3.059517383115385,2.451781263020663,0.0,0.0,,3.059517383115385,0.12080795049043389,57.77963805062959,17.138824772179223,8.282025178166599,0.0,0.0,0.0,0.12788821523215338,2.451781263020663,0.10778648602338317,0.0,1.0,-0.21827411167512695,-0.7838715294937144,-0.7450095894133625,-0.2725336870410982,-0.11142653361659748,-0.21819622246612286,-0.21819622246612286,-0.20147437807282853,-0.11476246181841818,-0.1376294818095895,Oil & Gas E&P,Energy,MTR
2012Q2,2012,Q2,2012-08-09,2012-06-30,881051.0,919754.0,881051.0,0.4728,919754.0,1.0,6702615.0,5821564.0,1881051.0,881051.0,881051.0,0.0,0.0,63845661.605000004,61964610.605000004,3.123843763918029,2.1350080755824576,0.0,0.0,,3.123843763918029,0.15134266324307352,69.41601950630277,18.116335378144967,10.96709777733269,0.0,0.0,0.0,0.13722315842398825,2.1350080755824576,0.13144884496573353,0.0,1.0,-0.2664080682699767,-0.667654341292067,-0.6574212714858038,-0.26411250845822054,-0.275444795002383,-0.2664901127591696,-0.2664901127591696,0.2562681442528702,0.2338172442565202,-0.1399435292671569,Oil & Gas E&P,Energy,MTR
2012Q1,2012,Q1,2012-03-31,2012-03-31,1201144.0,1269405.0,1201144.0,0.6445,1269405.0,1.0,7146618.0,5945474.0,2201144.0,1201144.0,1201144.0,0.0,0.0,72732190.52,70532190.52,3.1903337107410965,1.8325396455379206,0.0,0.0,,3.1903337107410965,0.2020266172217724,57.296284889377304,15.138108028679326,12.23320302468735,0.0,0.0,0.0,0.17762317784440138,1.8315872201834251,0.1680716669059407,0.0,1.0,-0.2502106848451366,-0.5331093096793378,-0.5090669873020797,-0.25762911010623984,-0.22475154465844682,-0.2501730762628012,-0.2501730762628012,0.10609198524773575,0.11850817995099168,-0.1372084700943582,Oil & Gas E&P,Energy,MTR
2011Q4,2011,Q4,2012-03-15,2011-12-31,1601895.0,1637417.0,1601895.0,0.8595747991779308,1637417.0,1.0,7438593.0,6086689.0,2351895.0,1351895.0,1351904.0,0.0,0.0,74599507.7,72249507.7,3.266109498333861,1.7397024177173523,0.0,0.0,,3.266109498333861,0.26318003104807886,45.55926053045742,11.642384129421716,12.25617206661947,0.8427518657589914,0.0,0.018096634168538885,0.22012455850185647,1.738300681635778,0.21534919305304107,46.62469231250002,1.0,-0.11118312565615673,-0.07526945654953603,-0.06110872195368097,-0.24880870177465206,-0.21318844695468073,-0.21943994799823413,-0.21943994799823413,-0.45355846471929245,-0.44742547965055945,-0.1348038013719611,Oil & Gas E&P,Energy,MTR
2011Q3,2011,Q3,2011-11-09,2011-09-30,2052238.0,2081079.0,2052238.0,0.9671,2081079.0,1.0,7801731.0,5999493.0,2552238.0,1802238.0,1802238.0,0.0,0.0,81997960.0,79447960.0,3.219320236747353,1.4161492544269958,0.0,0.0,,3.219320236747353,0.3420685714609551,39.401656544513685,9.988846322892373,13.667481568859236,0.8819639827349459,0.0,0.022073719882787328,0.26674580295065287,1.4149074650517857,0.26304905924082744,39.804834951456314,1.0,0.2343331206126356,0.02121461680280449,0.02630667897596135,-0.2690295010509807,0.38406976883387406,0.4055760378447868,0.4055760378447868,-0.5449742558908136,-0.5422134251540764,-0.17172845473299866,Oil & Gas E&P,Energy,MTR
2011Q2,2011,Q2,2011-08-09,2011-06-30,1460069.0,1503594.0,1460069.0,0.7835,1503594.0,1.0,7077669.0,5867600.0,1710069.0,1210069.0,1210069.0,0.0,0.0,83861550.0,82151481.0,3.148546622379386,1.4131995778753113,0.0,0.0,,3.148546622379386,0.24883581021201173,55.774065339446686,14.359175833470884,14.292308609993865,0.8287279573773569,0.0,0.014428543235845274,0.21244197771893544,1.4131995778753113,0.20629235416349648,49.04184210526315,1.0,0.27709861450692735,-0.40717463444501784,-0.3935573071675149,-0.2941179584278354,0.04474000906056404,0.2770219506200698,0.2770219506200698,-0.5773826460095663,-0.5689338725408405,-0.20749821546631875,Oil & Gas E&P,Energy,MTR
2011Q1,2011,Q1,2011-05-10,2011-03-31,1143339.0,1439204.0,1143339.0,0.6135,1439204.0,1.0,6603837.0,5460498.0,1143339.0,1143339.0,1143339.0,0.0,0.0,92434064.0,91294064.0,2.9300962121496683,1.0,0.0,0.0,,2.9300962121496683,0.20938364962316625,64.22582483094821,20.211429855887012,16.927771789312988,0.9970796063109891,0.0,0.012333115635811489,0.21793451292029165,0.9970796063109891,0.17313252886163,81.08251228070175,1.0,-0.17796567596541066,-0.6793999406098343,-0.5989077568437985,-0.3511411032447115,0.014665799963621032,-0.1779465974707244,-0.1779465974707244,-0.6019047890964699,-0.5035587618254582,-0.27686489929672914,Oil & Gas E&P,Energy,MTR
2010Q4,2010,Q4,2010-12-31,2010-12-31,1390833.0,1418402.0,1390833.0,0.7463192011118326,1418402.0,1.0,6948580.0,5557747.0,1390833.0,1390833.0,1390833.0,0.0,0.0,91800443.39999999,90410443.39999999,2.982279900621918,1.0,0.0,0.0,,2.982279900621918,0.2502512259014309,64.72103352928154,16.50098239688014,16.517564293588748,0.9994010783465734,0.0,0.015141539065812396,0.20412832549959847,0.9994010783465735,0.2001607522688089,66.04348446043166,1.0,-0.017354573914637746,-0.589032923567788,-0.582119057600847,-0.34777934457641746,-0.024642458799728793,-0.01734373995411836,-0.01734373995411836,-0.6350819406316437,-0.630427855236523,-0.27748399582798866,Oil & Gas E&P,Energy,MTR
2010Q3,2010,Q3,2010-11-09,2010-09-30,1415381.0,1454238.0,1415381.0,0.7595,1454238.0,1.0,7065294.0,5649913.0,1415381.0,1415381.0,1415381.0,0.0,0.0,86191037.5,84771037.5,3.0317360578238777,1.0,0.0,0.0,,3.0317360578238777,0.25051376897307975,59.26886623785103,15.223999315378686,15.255285789356401,1.0032634322489846,0.0,0.016475030829046465,0.20582837741783994,1.0032634322489846,0.20032867705151405,60.69791373239437,1.0,-0.2868544600938967,-0.4070793679785047,-0.39435896474821497,-0.3465205209595493,-0.2883146093809644,-0.28686830516843514,-0.28686830516843514,-0.555894114749289,-0.5462733265171069,-0.2791392969292648,Oil & Gas E&P,Energy,MTR
2010Q2,2010,Q2,2010-08-09,2010-06-30,1984740.0,2043372.0,1984740.0,1.065,2043372.0,1.0,7843783.0,5859043.0,1984740.0,1984740.0,1984740.0,0.0,0.0,85538781.0,83558781.0,3.1439549471718564,1.0,0.0,0.0,,3.1439549471718564,0.3387481539220654,41.86158027025916,10.774557498715197,14.59944584806768,0.9976117778651108,0.0,0.02314739556552717,0.2605084816854316,0.9976117778651108,0.2530335171179519,43.201404545454544,1.0,0.14713485566566128,-0.10938219374664021,-0.09106954921164755,-0.33186422084467987,0.1540249671306776,0.1470900840866493,0.1470900840866493,-0.2513262879629183,-0.23890977191563162,-0.25937489373896394,Oil & Gas E&P,Energy,MTR
2010Q1,2010,Q1,2010-05-10,2010-03-31,1730239.0,1770648.0,1730239.0,0.9284,1770648.0,1.0,7894452.0,6164213.0,1730239.0,1730239.0,1730239.0,0.0,0.0,77422846.55,75692846.55,3.3077087771451876,1.0,0.0,0.0,,3.3077087771451876,0.2806909819631476,43.72571315699111,11.186727173240229,12.560053740842505,0.9998618687938488,0.0,0.02234482555330433,0.2242901723894198,0.9998618687938488,0.2191715143749053,44.75309049132948,1.0,0.44831003077170345,-0.31417340375099284,-0.3036774398550291,-0.3067781016475147,0.4175288145390034,0.44837870959749004,0.44837870959749004,-0.3274474325062338,-0.3152149573480904,-0.2303166593101433,Oil & Gas E&P,Energy,MTR
2009Q4,2009,Q4,2010-03-16,2009-12-31,1194604.0,1249109.0,1194604.0,0.6410229717910055,1249109.0,1.0,7580604.0,6386000.0,1194604.0,1194604.0,1194604.0,0.0,0.0,68766471.0,67576471.0,3.4267193964337648,1.0,0.0,0.0,,3.4267193964337648,0.1870660820544942,55.05241816366706,14.391059924460322,10.768316786720952,0.996146003194364,0.0,0.01730494502182612,0.16477697555498216,0.996146003194364,0.1575869152378887,57.78695042016807,1.0,0.38479795158998825,-0.48178802919606706,-0.4607681548569801,-0.29178745150723623,0.352991702952709,0.38488594379093,0.38488594379093,-0.3103875059675584,-0.28376366836965805,-0.2118691080705665,Oil & Gas E&P,Energy,MTR
2009Q3,2009,Q3,2009-10-09,2009-09-30,862601.0,923220.0,862601.0,0.4629,923220.0,1.0,7474244.0,6611643.0,862601.0,862601.0,862601.0,0.0,0.0,63268880.50000001,62408880.50000001,3.547799140368858,1.0,0.0,0.0,,3.547799140368858,0.13046696562412702,68.53066495526528,18.3366586927212,9.569312877298428,0.9969847009219789,0.0,0.013592780419119314,0.1235201847839059,0.996984700921979,0.11540979930545484,73.56846569767444,1.0,0.23013553016210456,-0.6051477215456988,-0.5794250748700082,-0.273653511380592,0.23846675985372673,0.22996075993406756,0.22996075993406756,-0.5707609206784419,-0.5447040443134609,-0.19444593358425608,Oil & Gas E&P,Energy,MTR
2009Q2,2009,Q2,2009-07-28,2009-06-30,701324.0,745454.0,701324.0,0.3763,745454.0,1.0,7470140.0,6768816.0,701324.0,701324.0,701324.0,0.0,0.0,50093299.199999996,49393299.199999996,3.632137970261699,1.0,0.0,0.0,,3.632137970261699,0.10361103034858682,67.19837736466636,17.856689347576868,7.400599927668295,0.998112142176797,0.0,0.013973924879757172,0.09979116857247655,0.9982262121359029,0.09388364876695751,71.56185599999999,1.0,-0.3542131457010468,-0.6769640356695409,-0.6596465676057592,-0.2705542472807497,-0.3431596718327196,-0.3541749736402271,-0.3541749736402271,-0.7152445146958929,-0.6993369678631683,-0.18570017432914082,Oil & Gas E&P,Energy,MTR
2009Q1,2009,Q1,2009-04-06,2009-03-31,1085935.0,1134909.0,1085935.0,0.5827,1134909.0,1.0,7976909.0,6890974.0,1085935.0,1085935.0,1085935.0,0.0,0.0,49012417.0,47922417.0,3.697687796135416,1.0,0.0,0.0,,3.697687796135416,0.15758802746897607,43.1862087621122,11.283460105807437,7.1125528843963135,1.0037433179702284,0.0,0.02223926234855955,0.14227428193050717,1.003867634803188,0.1361348111154333,44.96552018348624,1.0,-0.6295709426188546,-0.4957582652303121,-0.47560465090489706,-0.2676957717693158,-0.6170054443582403,-0.6295637425579984,-0.6295637425579984,-0.6954964140173128,-0.6837118319653354,-0.18116080489190237,Oil & Gas E&P,Energy,MTR
2008Q4,2008,Q4,2008-12-31,2008-12-31,2931503.0,2963251.0,2931503.0,1.573040743940459,2963251.0,1.0,9966534.0,7035039.0,2931495.0,2931495.0,2931495.0,0.0,0.0,74521236.92,71601236.92,3.774992890067021,1.0,0.0,0.0,,3.774992890067021,0.41670031964286197,25.148472714596235,6.355207287865644,10.59286763300104,0.9994872937192968,0.0,0.03931765119714011,0.297320111485096,1.0008664521003787,0.294134651023114,25.433869255972702,1.0,-0.35001002275093634,0.3547012220256679,0.3627958357075612,-0.26316862755941434,-0.34815712152265343,-0.35002210565572206,-0.35002210565572206,-0.13379160728695771,-0.1269850716191656,-0.17441406607561222,Oil & Gas E&P,Energy,MTR
2008Q3,2008,Q3,2008-09-30,2008-09-30,4510158.0,4545959.0,4510158.0,2.4201,4545959.0,1.0,11753547.0,7243389.0,4510158.0,4510158.0,4510158.0,0.0,0.0,116940272.5,112440272.5,3.8867932324170016,1.0,0.0,0.0,,3.8867932324170016,0.6226585373227919,25.724005099914013,6.482049658792441,16.144414237589615,0.9999649679678627,0.0,0.03856669651595006,0.38677337147671254,1.0001512142146682,0.38372739735502825,25.929106984478935,1.0,0.30541021630077136,0.9689914358421597,0.974335577535281,-0.24240637637212994,0.30328329437209334,0.30546641291527066,0.30546641291527066,0.889361049693901,0.8932384623233401,-0.1622161137335512,Oil & Gas E&P,Energy,MTR
2008Q2,2008,Q2,2009-07-28,2008-06-30,3454825.0,3488082.0,3454825.0,1.8539,3488082.0,1.0,10858720.0,7403895.0,3454826.0,3454825.0,3454825.0,0.0,0.0,153746175.0,150306175.0,3.972920545828213,1.0000002894502615,0.0,0.0,,3.972920545828213,0.4666226357883249,44.07756899063726,11.125467643078883,20.765580143964765,1.0014979051037318,0.0,0.02250462491180675,0.321224048506638,0.9990259998697474,0.3181613486672462,44.43531069364162,1.0,0.20297190318603608,0.25892267928349644,0.26435212538830427,-0.23905900562389004,0.20318436228243675,0.20292344353668354,0.20292344353668354,0.5502930673485009,0.5515647393850646,-0.1556970729504496,Oil & Gas E&P,Energy,MTR
2008Q1,2008,Q1,2008-03-31,2008-03-31,2872024.0,2899042.0,2872024.0,1.5411,2899042.0,1.0,10423169.0,7551145.0,2872024.0,2872024.0,2872024.0,0.0,0.0,127115473.89999999,124255473.89999999,4.0519347066683125,1.0,0.0,0.0,,4.0519347066683125,0.3803428486673213,43.84740679852172,11.064973160043229,16.833933648473177,0.9992952705130598,0.0,0.022577896395664543,0.2781344138236653,1.0008739481285671,0.27554230388090223,44.29110588850174,1.0,-0.24646823978966026,0.38951332605683425,0.39567717044153594,-0.23708708042742097,-0.24463927032012084,-0.24645631464069095,-0.23340183368108447,0.1384036796451002,0.14007320902166703,-0.15080496542950775,Oil & Gas E&P,Energy,MTR
2007Q4,2007,Q4,2007-12-31,2007-12-31,3811357.0,3837957.0,3746453.0,2.0451692700647675,3837957.0,1.0,11503570.0,7692213.0,3811357.0,3811357.0,3811357.0,0.0,0.0,129519505.0,125739505.0,4.127631614249916,1.0,0.0,0.0,,4.127631614249916,0.4954825093896906,33.746992214868484,8.49562931260441,16.837742922615377,0.999643958831461,0.0,0.029416418785726525,0.333631820382716,0.9990940234672323,0.33131949473076616,33.99462073490813,1.0,0.19586555377427642,1.8144941363428588,1.81835919428391,-0.23668916843100496,0.19745424241450416,0.19589430301204724,0.1689047164563194,0.6533435535184592,0.6568198889685121,-0.1469273767179504,Oil & Gas E&P,Energy,MTR
2007Q3,2007,Q3,2007-11-09,2007-09-30,3187035.0,3205097.0,3205097.0,1.7102,3205097.0,1.0,11024767.0,7837732.0,3190000.0,3190000.0,3187035.0,0.0,0.0,113697625.89999999,110537625.89999999,4.2057169227136875,1.0,0.0,0.0,,4.2057169227136875,0.4066271977658843,35.47400465570932,8.918761944879801,14.506444708749926,1.0,0.0,0.02803079637566997,0.29071789000166626,0.9905956112852664,0.2890795787339542,56.32362332431244,1.0,0.2022495606326888,1.1447332471052816,1.1488450893838869,-0.22721708675726418,0.1937953572636431,0.20219742829897155,0.1937953572636431,0.4588529705664657,0.4600890695710246,-0.13895697076506242,Oil & Gas E&P,Energy,MTR
2007Q2,2007,Q2,2007-08-14,2007-06-30,2651008.0,2684796.0,2684796.0,1.4225,2684796.0,1.0,10560000.0,7910943.0,2650000.0,2650000.0,2651008.0,0.0,0.0,111815400.0,109185400.0,4.2450018512655685,1.0,0.0,0.0,,4.2450018512655685,0.33510644685469226,41.647633563220445,10.54461170996089,14.134269454349498,1.0,0.0,0.02370879145448659,0.25424204545454543,0.9924528301886792,0.25104242424242423,40.95628171110678,1.0,0.03042375950742487,1.4521394875589677,1.454533735718511,-0.23758471341999346,0.03832503319218517,0.03046009068487879,0.03832503319218517,0.22107745596580436,0.22580271066803329,-0.14747220616514253,Oil & Gas E&P,Energy,MTR
2007Q1,2007,Q1,2007-04-02,2007-03-31,2572645.0,2585699.0,2585699.0,1.3805,2585699.0,1.0,10580000.0,8008765.0,2570000.0,2570000.0,2572645.0,0.0,0.0,104547399.0,101997399.0,4.297493010801732,1.0,0.0,0.0,,4.297493010801732,0.3212286788287582,40.43293476928289,10.159524438855732,13.05412245208843,1.0,0.0,0.024607451018461013,0.24439499054820416,0.9922178988326849,0.24316115311909262,30.776934240816736,1.0,0.48514185903804413,1.881127300012319,1.8579881002777634,-0.24553451948069321,0.4826340747366671,0.4851181937362429,0.4826340747366671,0.1945788447251113,0.1947464772592856,-0.1489080538678689,Oil & Gas E&P,Energy,MTR
