Quarters,Year,Quarter,FillingDate,Date,NetIncome,Revenue,OperatingIncome,EPSDiluted,GrossProfit,GrossProfitRatio,TotalAssets,CommonStockEquity,CurrentAssets,CurrentLiability,TotalLiability,Inventory,RetainedEarnings,MarketCap,EnterpriseValue,bookValuePerShare,currentRatio,debtToAssets,debtToEquity,roic,shareholdersEquityPerShare,roe,priceToSalesRatio,peRatio,pbRatio,payoutRatio,inventoryTurnover,dividendYield,assetTurnover,quickRatio,returnOnAssets,priceToFreeCashFlowsRatio,grossProfitMargin,epsdilutedGrowth,fiveYNetIncomeGrowthPerShare,fiveYRevenueGrowthPerShare,fiveYShareholdersEquityGrowthPerShare,grossProfitGrowth,netIncomeGrowth,operatingIncomeGrowth,threeYNetIncomeGrowthPerShare,threeYRevenueGrowthPerShare,threeYShareholdersEquityGrowthPerShare,Industry,Sector,Symbol
2023Q1,2023,Q1,2023-05-11,2023-04-01,19000000.0,599400000.0,24000000.0,0.23,236300000.0,0.3942275609,2416700000.0,344500000.0,1202600000.0,1035900000.0,2072200000.0,725900000.0,917900000.0,1354232327.8,2609032327.8,4.337309691566794,1.1609228690027995,0.5673025199652418,3.9796806966618288,0.008010189257409102,4.337309691566794,0.055152394775036286,2.2593131928595263,17.818846418421053,3.9310082084179974,0.4421052631578947,0.5002066400330624,0.006202776161492251,0.2480241651839285,0.3546674389419828,0.007861960524682418,-12.885179141769743,0.39422756089422756,1.0502183406113539,-0.5748462449939344,0.0906545640967667,-0.5401753679907474,0.05396966993755575,1.0526607538802661,1.9230769230769231,25.60903905915456,-0.024532217135576143,-0.4304123382544325,Footwear & Accessories,Consumer Cyclical,WWW
2022Q4,2022,Q4,2023-02-23,2022-12-31,-360800000.0,665000000.0,-26000000.0,-4.58,224200000.0,0.3371428571,2492700000.0,339000000.0,1265300000.0,1110300000.0,2153700000.0,745200000.0,907200000.0,861162392.8199999,2080362392.82,4.3026379587554455,1.1396019093938574,0.5418622377341838,3.9843657817109146,-0.010700934967499767,4.3026379587554455,-1.064306784660767,1.2949810418345864,-0.5967034318320399,2.5403020437168142,-0.02245011086474501,0.5915190552871712,0.009405891464297909,0.2667789946644201,0.33612537152121047,-0.14474264853371846,2.8869004117331545,0.33714285714285713,-10.541666666666668,-11.685506541173918,0.3354093249392394,-0.599830560226492,-0.1929445644348452,-10.251282051282052,-1.4421768707482994,-1.197153896610981,0.36047302447860796,-0.3704575803777687,Footwear & Accessories,Consumer Cyclical,WWW
2022Q3,2022,Q3,2022-11-10,2022-10-01,39000000.0,691400000.0,58800000.0,0.48,277800000.0,0.4017934625,3170600000.0,674200000.0,1551800000.0,1331300000.0,2496400000.0,880900000.0,1277100000.0,1212040604.25,2731840604.25,8.560718150544584,1.1656275820626456,0.5223616981013057,2.456541085731237,0.020835631721186253,8.560718150544584,0.05784633639869475,1.7530237261353776,7.769491052884616,1.79774637236725,0.20256410256410257,0.46951980928595755,0.006517933452310742,0.2180659812022961,0.4329602644032149,0.012300510944300763,-4.853987201641971,0.4017934625397744,-0.6862745098039216,-0.004274265047397678,0.540167088109606,-0.15697394565840506,-0.09540866167372192,-0.6869983948635634,-0.14782608695652175,-0.1757199652869931,0.6199712490867115,-0.04361972793688333,Footwear & Accessories,Consumer Cyclical,WWW
2022Q2,2022,Q2,2022-08-11,2022-07-02,124600000.0,713600000.0,69000000.0,1.53,307100000.0,0.430353139,2949000000.0,661800000.0,1293300000.0,1094700000.0,2287200000.0,639500000.0,1246100000.0,1569937515.5,2831937515.5,8.40561606415093,1.1814195670046588,0.478569006442862,2.132517376851012,0.024212204946781345,8.40561606415093,0.1882744031429435,2.200024545263453,3.1499548866372398,2.372223504835298,0.06741573033707865,0.6356528537920251,0.005350531417376018,0.24198033231603933,0.5200511555677354,0.04225161071549678,-9.572789728658536,0.4303531390134529,14.299999999999999,1.6547126946800141,0.488472624910039,-0.22487831262633562,0.1752774588595484,13.833333333333334,2.520408163265306,69.18343269331218,1.1252959429015676,-0.049608338537190905,Footwear & Accessories,Consumer Cyclical,WWW
2022Q1,2022,Q1,2022-05-12,2022-04-02,8400000.0,614800000.0,19600000.0,0.1,261300000.0,0.4250162655,2746000000.0,596700000.0,1077900000.0,967400000.0,2130700000.0,483300000.0,1129600000.0,1806040000.0,2905540000.0,7.321472392638037,1.1142236923713045,0.45487982520029135,2.093346740405564,0.006858971154326851,7.321472392638037,0.014077425842131725,2.9376057254391674,53.75119047619047,3.026713591419474,1.0,0.7314297537761225,0.004651059777192088,0.22388929351784415,0.5377299979326029,0.003058994901675164,-18.0604,0.4250162654521796,1.0173310225303291,-0.83691189184122,0.2586101537805952,-0.35400811607131966,0.16547725245316683,1.0171990171990173,-0.5729847494553377,-0.7938650306748466,0.23915680563556224,-0.21358007717321179,Footwear & Accessories,Consumer Cyclical,WWW
2021Q4,2021,Q4,2022-02-24,2022-01-01,-488400000.0,665000000.0,45900000.0,-5.77,224200000.0,0.3371428571,2492700000.0,320600000.0,1265300000.0,1110300000.0,2172100000.0,745200000.0,907200000.0,2363229013.6099997,3127229013.6099997,3.9084176551686003,1.1396019093938574,0.37136438400128374,2.8873986275733,0.03345193998349306,3.9084176551686003,-1.5233936369307548,3.553727840015037,-1.2096790610206798,7.371269537149095,-0.016584766584766583,0.5915190552871712,0.0034275137760037384,0.2667789946644201,0.33612537152121047,-0.1959321217956433,7.922323210224605,0.33714285714285713,-58.69999999999999,-8.407051014062263,0.3459367120180425,-0.6046295242753438,-0.141982395713739,-59.142857142857146,0.3867069486404834,-965.3167724038308,0.08308046927194207,-0.5863320048569246,Footwear & Accessories,Consumer Cyclical,WWW
2021Q3,2021,Q3,2021-11-10,2021-10-02,8400000.0,614800000.0,33100000.0,0.1,261300000.0,0.4250162655,2746000000.0,596700000.0,1077900000.0,967400000.0,2130700000.0,483300000.0,1129600000.0,2489010000.0,3588510000.0,7.321472392638037,1.1142236923713045,0.45487982520029135,2.093346740405564,0.011583262510623407,7.321472392638037,0.014077425842131725,4.0484873129473,74.07767857142856,4.1712921065862245,1.0,0.7314297537761225,0.0033748357780804417,0.22388929351784415,0.5377299979326029,0.003058994901675164,-65.50026315789474,0.4250162654521796,-0.9358974358974358,-0.7979278568337449,0.2055915062890439,-0.29936289508425873,-0.14913708889612504,-0.8120805369127517,-0.48119122257053293,-0.8422436459246275,0.29713459189677693,-0.27701062613844274,Footwear & Accessories,Consumer Cyclical,WWW
2021Q2,2021,Q2,2021-08-05,2021-07-03,44700000.0,713600000.0,63800000.0,1.56,307100000.0,0.430353139,2949000000.0,643900000.0,1293300000.0,1094700000.0,2287200000.0,639500000.0,1246100000.0,2635983350.9999995,3897983350.9999995,8.178265614546364,1.1814195670046588,0.478569006442862,2.1917999689392764,0.02256648919396118,8.178265614546364,0.06942071750271782,3.6939228573430487,14.742636191275167,4.0937775291194285,0.18791946308724833,0.6356528537920251,0.0031866665610059083,0.24198033231603933,0.5200511555677354,0.01515768056968464,126.12360531100477,0.4303531390134529,2.2500000000000004,1.237846038656562,0.43188115217936773,-0.2261039040351246,0.105471562275018,0.16103896103896104,0.0981067125645439,0.22728106250516064,0.3851938314439265,-0.15764930436875788,Footwear & Accessories,Consumer Cyclical,WWW
2021Q1,2021,Q1,2021-05-13,2021-04-03,38500000.0,691400000.0,58100000.0,0.48,277800000.0,0.4017934625,3170600000.0,656900000.0,1551800000.0,1331300000.0,2496400000.0,880900000.0,1277100000.0,2990330197.75,4510130197.75,8.341049767268967,1.1656275820626456,0.5223616981013057,2.521236108996803,0.020730391614117574,8.341049767268967,0.05860861622773634,4.325036444532832,19.417728556818183,4.552184804003653,0.2051948051948052,0.46951980928595755,0.0026418487182265555,0.2180659812022961,0.4329602644032149,0.012142812086040497,124.08009119294606,0.4017934625397744,3.6666666666666665,1.640953687709985,0.41964042111070765,-0.21727195954548975,0.0586890243902439,3.566666666666667,1.8736842105263158,-0.13115282796693248,0.26879103652008024,-0.11571448373569526,Footwear & Accessories,Consumer Cyclical,WWW
2020Q4,2020,Q4,2021-02-26,2021-01-02,-15000000.0,635600000.0,-66500000.0,-0.18,262400000.0,0.4128382631,2586400000.0,629600000.0,903700000.0,759600000.0,1942000000.0,365500000.0,1128200000.0,2563377531.25,3339277531.25,7.675420323437775,1.1897051079515535,0.43431023816888337,1.784148665819568,-0.027936653393372163,7.675420323437775,-0.023824650571791613,4.033004297120831,-42.72295885416666,4.071438264374206,-0.5533333333333333,1.0210670314637482,0.0032379155621109802,0.24574698422517785,0.8780937335439705,-0.005799566965666564,15.141036805965742,0.4128382630585274,-1.391304347826087,-6.400256550558583,0.03149189989803402,-0.22868883199475487,0.18038686459739092,-1.390625,-2.5610328638497655,-1.4266995520698251,0.22596759226090704,-0.2861429010995091,Footwear & Accessories,Consumer Cyclical,WWW
2020Q3,2020,Q3,2020-11-05,2020-09-26,38400000.0,510700000.0,42600000.0,0.46,222300000.0,0.4352849031,2267300000.0,609100000.0,1047200000.0,497800000.0,1642200000.0,320900000.0,1123100000.0,2155814010.4500003,2667914010.4500003,7.348820873788194,2.10365608678184,0.3867595818815331,1.4396650796256771,0.021793111717274664,7.348820873788194,0.0630438351666393,4.221292364303897,14.035247463867188,3.5393433105401417,0.22135416666666666,0.8987223434091617,0.003942826217288442,0.22524588717858246,1.3828846926476497,0.016936444228818417,89.45286350414939,0.43528490307421186,-0.1320754716981132,-0.03193003448187349,0.020891700646483904,-0.27824080703865955,-0.1778846153846154,-0.13513513513513514,-0.3322884012539185,-0.06843328933352637,0.0809657480555954,-0.27631685141991197,Footwear & Accessories,Consumer Cyclical,WWW
2020Q2,2020,Q2,2020-08-06,2020-06-27,44400000.0,631900000.0,63800000.0,0.53,270400000.0,0.4279158095,2303600000.0,633200000.0,1086400000.0,522900000.0,1654500000.0,331700000.0,1159600000.0,1769291999.92,2293891999.92,7.701647891142972,2.0776439089692103,0.37784337558603925,1.3746051800379027,0.03168505543475343,7.701647891142972,0.07012002526847758,2.7999556890647255,9.96222972927928,2.7942072013897663,0.1891891891891892,1.0898402170636117,0.004747661776789707,0.2743097760027783,1.3727290112832282,0.019274179545059906,15.713072823445827,0.4279158094635227,55.639175257731964,1.1228433425453124,0.3095261015973701,-0.23005336230737203,-0.01601164483260553,56.5,0.5011764705882353,-0.09409549126290503,0.26221789352392477,-0.28979455361983886,Footwear & Accessories,Consumer Cyclical,WWW
2020Q1,2020,Q1,2020-04-29,2020-03-28,-800000.0,636700000.0,42500000.0,-0.0097,274800000.0,0.4316004398,2681400000.0,626700000.0,1002600000.0,852100000.0,2039500000.0,412000000.0,1151200000.0,1263305000.0,2256405000.0,7.614823815309842,1.1766224621523296,0.43883792048929665,1.877612892931227,0.02483582787310353,7.614823815309842,-0.001276527844263603,1.9841448091722946,-394.78281250000003,2.0158050103717886,-10.375,0.8783980582524272,0.006570068194141558,0.23745058551502946,0.6410045769275906,-0.0002983516073692847,-15.751932668329177,0.4316004397675514,0.9953365384615385,-1.0239160090054331,0.26431930106787804,-0.27215494812952457,0.34310850439882695,0.9953271028037384,-0.020737327188940093,-1.0153812194815026,0.29077336632676987,-0.3281249838238405,Footwear & Accessories,Consumer Cyclical,WWW
2019Q4,2019,Q4,2020-02-26,2019-12-28,-171200000.0,509600000.0,43400000.0,-2.08,204600000.0,0.4014913658,2137400000.0,561400000.0,904200000.0,406000000.0,1564400000.0,243100000.0,1093300000.0,2771454041.3,3477654041.3,6.834548117245736,2.227093596059113,0.41489660334986433,1.579622372639829,0.020690622139145024,6.834548117245736,-0.3049519059494122,5.438489092032968,-4.04709994348715,4.936683365336658,-0.04789719626168224,1.2546277252159606,0.00295873569534411,0.23842051090109478,1.105665024630542,-0.08009731449424534,13.795191843205576,0.40149136577708006,-14.000000000000002,-20.178263458681872,-0.18686409590120115,-0.3017356863064228,0.1254125412541254,-4.515400410677618,1.5680473372781065,-2.2929228291409003,0.029988467195190896,-0.3086259507335241,Footwear & Accessories,Consumer Cyclical,WWW
2019Q3,2019,Q3,2019-11-07,2019-09-28,48700000.0,439300000.0,16900000.0,0.16,181800000.0,0.4138402003,2753700000.0,725600000.0,1251700000.0,1119700000.0,2017800000.0,405300000.0,1268100000.0,2296488414.77,3229888414.77,8.95116555685249,1.1178887201929089,0.5105857573446635,1.9377067254685778,0.00964786109791696,8.95116555685249,0.06711686879823595,5.227608501638971,11.788954901283367,3.164950957511025,0.18480492813141683,0.6353318529484333,0.003919026955292251,0.15953081308784545,0.7109047066178441,0.017685296147002216,1350.8755381,0.41384020031868884,7.8965517241379315,0.0725346219501474,-0.11434042291104847,-0.04492805426859574,0.23505434782608695,26.63157894736842,1.2533333333333334,0.17786643783335368,-0.1339011769231102,-0.14340744797715402,Footwear & Accessories,Consumer Cyclical,WWW
2019Q2,2019,Q2,2019-08-07,2019-06-29,-1900000.0,349100000.0,7500000.0,-0.0232,147200000.0,0.421655686,2589400000.0,724000000.0,1118600000.0,676400000.0,1853500000.0,386500000.0,1258300000.0,2254423849.2,3032923849.2,8.844370594764378,1.6537551744529864,0.46385262995288484,1.6589779005524863,0.004519935293557903,8.844370594764378,-0.0026243093922651934,6.457816812374677,-296.634717,3.11384509558011,-4.2105263157894735,0.5223803363518759,0.0035485784994861826,0.1348188769599135,1.0147841513897102,-0.0007337607167683634,17.920698324324324,0.42165568604984244,-1.085925925925926,-1.0870395272512894,-0.3020312385718303,-0.08305758013621095,-0.2712871287128713,-1.0469135802469136,-0.8568702290076335,-1.0914875213341937,-0.32626740432935325,-0.1630714631742422,Footwear & Accessories,Consumer Cyclical,WWW
2019Q1,2019,Q1,2019-05-09,2019-03-30,40500000.0,493100000.0,52400000.0,0.27,202000000.0,0.4096532144,2501100000.0,754100000.0,1042000000.0,560000000.0,1735600000.0,325700000.0,1272400000.0,2894129999.9999995,3598329999.9999995,9.309876543209876,1.8607142857142858,0.4182959497820959,1.3873491579366133,0.018987739158546655,9.309876543209876,0.053706404986076116,5.869255729061042,17.865,3.8378597003049992,0.2074074074074074,0.8937672704943199,0.002902426635983871,0.1971532525688697,1.20375,0.016192875134940627,-20.64286733238231,0.4096532143581424,44.54838709677419,0.38635525606469007,-0.0775929501790297,-0.06412168093302593,-0.1213571117877338,82.0,7.55,1.7011494252873565,-0.015586605586032289,-0.12635679838102382,Footwear & Accessories,Consumer Cyclical,WWW
2018Q4,2018,Q4,2019-02-26,2018-12-29,-500000.0,607400000.0,-8000000.0,-0.0062,229900000.0,0.3784985183,2480000000.0,766700000.0,967100000.0,787400000.0,1701600000.0,348200000.0,1263300000.0,2629998188.58,3429098188.58,9.4481992831396,1.2282194564389128,0.39504032258064514,1.277814008086605,-0.0001773514249521925,9.4481992831396,-0.000652145558888744,4.329927870563056,-1314.99909429,3.4302832771357763,-16.4,1.0841470419299253,0.0031178728698772907,0.2449193548387097,0.6499872999745999,-0.00020161290322580645,21.02316697505995,0.3784985182746131,-1.0140909090909092,-1.0560245448774643,-0.05766286103101928,0.030712389597388333,0.04405086285195277,-1.0085034013605443,-1.124416796267496,0.7506486897802787,-0.0035790406088242774,-0.050540385082038654,Footwear & Accessories,Consumer Cyclical,WWW
2018Q3,2018,Q3,2018-11-07,2018-09-29,58800000.0,523400000.0,64300000.0,0.44,220200000.0,0.4207107375,2351300000.0,911400000.0,875500000.0,592100000.0,1434000000.0,374000000.0,1201200000.0,3514499999.9999995,4381100000.0,10.126666666666667,1.4786353656476947,0.4028409815846553,1.0392802282203204,0.027417853984577998,10.126666666666667,0.06451612903225806,6.714749713412303,14.942602040816325,3.8561553653719547,0.13435374149659865,0.8106951871657754,0.0022478304168445013,0.22260026368391952,0.7703090694139504,0.025007442691277165,-33.124410933082,0.4207107374856706,-0.04347826086956525,0.21765127303921566,-0.06050324551377391,0.18313384815241615,-0.044270833333333336,0.4626865671641791,-0.055800293685756244,0.3651528384279476,-0.036446214219759965,-0.005416666666666625,Footwear & Accessories,Consumer Cyclical,WWW
2018Q2,2018,Q2,2018-08-08,2018-06-30,40200000.0,568600000.0,68100000.0,0.46,230400000.0,0.4052057686,2442900000.0,843700000.0,929300000.0,744900000.0,1587700000.0,406500000.0,1232800000.0,3021513000.0000005,3892813000.0000005,9.708860759493671,1.2475500067123104,0.40435547914364073,1.1707953063885268,0.02737254850202983,9.708860759493671,0.04764726798625104,5.313951811466762,18.790503731343286,3.581264667535854,0.22139303482587064,0.8319803198031981,0.0029455441694277,0.23275615047689222,0.6446502886293463,0.016455851651725407,24.01838632750398,0.405205768554344,-0.19298245614035078,0.7012674393355682,0.08254985795436957,0.0902429368937137,-0.0530209617755857,-0.139186295503212,0.1073170731707317,0.8184380048849933,0.11483380571502022,-0.029388930361932582,Footwear & Accessories,Consumer Cyclical,WWW
2018Q1,2018,Q1,2018-05-09,2018-03-31,46700000.0,574300000.0,61500000.0,0.57,243300000.0,0.423646178,2468500000.0,782900000.0,948600000.0,833900000.0,1674600000.0,417700000.0,1273200000.0,2398700000.0,3392000000.0,9.432530120481928,1.137546468401487,0.4531091756127203,1.4286626644526759,0.023490273098296998,9.432530120481928,0.059650019159535064,4.176736897092112,12.841006423982869,3.0638651168731634,0.1841541755888651,0.7924347617907589,0.003585275357485305,0.2326514077374924,0.5786065475476676,0.018918371480656268,-37.074188562596596,0.42364617795577225,0.3571428571428571,-0.013013657386020642,-0.011717821289941142,-0.00423030540747327,0.071334214002642,0.18829516539440203,0.25766871165644173,0.38432271342727536,0.13079134864919342,-0.09841375961859446,Footwear & Accessories,Consumer Cyclical,WWW
2017Q4,2017,Q4,2018-02-27,2017-12-30,39300000.0,579600000.0,48900000.0,0.42,227100000.0,0.3918219462,2183100000.0,986000000.0,867700000.0,473100000.0,1191500000.0,317600000.0,1169700000.0,2923508377.0,3350908377.0,10.752040338689271,1.8340731346438386,0.2613256378544272,0.5786004056795132,0.03018762708949064,10.752040338689271,0.0398580121703854,5.044010312284334,18.59738153307888,2.9650186379310344,0.19338422391857507,1.1098866498740554,0.00259961628972613,0.26549402226192115,1.0659480025364616,0.018001923869726537,19.55523997993311,0.3918219461697723,-0.14285714285714288,34.211511682306146,-0.14045850224555953,0.29324167664246137,-0.0035103115401491883,-0.15665236051502146,-0.19439868204283361,2.9434346070640838,-0.17160271229064986,0.09850218904100527,Footwear & Accessories,Consumer Cyclical,WWW
2017Q3,2017,Q3,2017-11-09,2017-09-30,46600000.0,534100000.0,60700000.0,0.49,227900000.0,0.42669912,2204000000.0,951500000.0,880400000.0,276700000.0,1246700000.0,290500000.0,1039400000.0,2703245000.0,3118445000.0,10.154749199573105,3.181785327069028,0.3050362976406534,0.7065685759327378,0.031729974731515335,10.154749199573105,0.0489753021544929,5.061308743680959,14.502387339055796,2.841035207567,0.12446351931330472,1.0540447504302926,0.0021455694914815342,0.2423321234119782,1.996385977593061,0.02114337568058076,-41.78122102009274,0.42669912001497845,-0.1551724137931034,0.5232459304764335,-0.11539864607937458,0.5142604896329515,-0.0269000853970965,-0.16036036036036036,-0.001644736842105263,-0.11213615920647878,-0.06844974000619991,0.08349197820680312,Footwear & Accessories,Consumer Cyclical,WWW
2017Q2,2017,Q2,2017-08-09,2017-07-01,55500000.0,566900000.0,60800000.0,0.58,234200000.0,0.4131240078,2300300000.0,1009600000.0,982200000.0,371000000.0,1285000000.0,293800000.0,1087100000.0,2607731000.0,2914731000.0,10.844253490870033,2.6474393530997307,0.2877450767291223,0.6556061806656102,0.029819579349870604,10.844253490870033,0.05497226624405705,4.599984124184159,11.746536036036035,2.5829348256735343,0.13693693693693693,1.1324029952348535,0.002914411033960174,0.246446115724036,1.7576819407008086,0.02412728774507673,21.46280658436214,0.41312400776151,-0.06451612903225812,1.9208211704193576,0.040298500037826104,0.5488641974401841,0.00904782421370099,-0.057724957555178265,0.17374517374517376,1.2355163931256716,-0.0034145390984433015,0.12428079884181009,Footwear & Accessories,Consumer Cyclical,WWW
2017Q1,2017,Q1,2017-05-10,2017-04-01,58900000.0,558600000.0,51800000.0,0.62,232100000.0,0.4155030433,2269100000.0,1056300000.0,948700000.0,357600000.0,1206800000.0,324400000.0,1138300000.0,2327204000.0,2761604000.0,11.333690987124463,2.652964205816555,0.29196597770040983,0.6271892454795039,0.027779143508427286,11.333690987124463,0.0557606740509325,4.166136770497673,9.877775891341257,2.2031657673009564,0.12903225806451613,1.0064734895191123,0.0032657214408363,0.24617689832973425,1.6557606263982103,0.02595742805517606,-55.541861575179,0.4155030433225922,1.9841269841269842,0.16832352164068398,-0.15885502886784153,0.48703724387089187,0.045024763619991,1.96875,0.08368200836820083,0.7522816433950695,-0.09184987113084347,0.13932291374913022,Footwear & Accessories,Consumer Cyclical,WWW
2016Q4,2016,Q4,2017-02-28,2016-12-31,-60800000.0,578600000.0,47800000.0,-0.63,222100000.0,0.3838575873,2399000000.0,949600000.0,1074300000.0,362300000.0,1443800000.0,276700000.0,992200000.0,2108523760.6,2410123760.6,9.885456540489127,2.965222191553961,0.32621925802417673,0.8241364785172705,0.02073886191727433,9.885456540489127,-0.06402695871946082,3.644182095748358,-8.669916778782893,2.220433614785173,-0.09210526315789473,1.288398988073726,0.00265588659926055,0.24118382659441434,2.076455975710737,-0.02534389328887036,15.949498945537064,0.38385758727964053,-4.500000000000001,-16.86838235342638,-0.08883329803908402,0.5183413512974351,-0.05368555602897316,-2.2614107883817427,-0.13405797101449277,-6.754987115564348,-0.24169766559334235,0.07841316930001227,Footwear & Accessories,Consumer Cyclical,WWW
2016Q3,2016,Q3,2016-10-19,2016-09-10,48200000.0,591300000.0,55200000.0,0.18,234700000.0,0.3969220362,2387800000.0,987500000.0,987800000.0,280100000.0,1392300000.0,356500000.0,1026000000.0,2130030000.0,2639030000.0,10.44973544973545,3.526597643698679,0.34052265683893124,0.8233924050632911,0.02429378886283189,10.44973544973545,0.04881012658227848,3.6022831050228312,11.047873443983402,2.156992405063291,0.12033195020746888,1.000280504908836,0.0027229663431970444,0.24763380517631292,2.1128168511245984,0.020185945221542843,33.17803738317757,0.39692203619144256,-0.14285714285714285,0.5908064094810471,0.8849999368928536,0.6738511614255509,0.03437637725870427,1.0083333333333333,0.26605504587155965,-0.049387895035792016,0.010834708822725992,0.2208791028459731,Footwear & Accessories,Consumer Cyclical,WWW
2016Q2,2016,Q2,2016-07-27,2016-06-18,24000000.0,598800000.0,43600000.0,0.21,226900000.0,0.3789245157,2500000000.0,999700000.0,1092500000.0,389300000.0,1491500000.0,333700000.0,1040900000.0,1915650000.0,2308150000.0,10.567653276955603,2.806319034163884,0.32212,0.8055416624987496,0.022508184336439183,10.567653276955603,0.024007202160648194,3.1991482965931866,19.954687500000002,1.916224867460238,0.24166666666666667,1.114474078513635,0.0030276929501735703,0.23952,1.7978422810172103,0.0096,14.769853508095606,0.3789245156980628,-0.125,0.03283255836892297,0.9746312246580099,0.6427345200678575,-0.0164716081491114,0.3793103448275862,0.2823529411764706,-0.06698974170420072,0.047252687966834996,0.18667984124466988,Footwear & Accessories,Consumer Cyclical,WWW
2016Q1,2016,Q1,2016-05-04,2016-03-26,17400000.0,581300000.0,34000000.0,0.24,230700000.0,0.3968690865,2418700000.0,1001700000.0,1020000000.0,330500000.0,1408600000.0,338800000.0,1058400000.0,1665680000.0,2119680000.0,10.656382978723403,3.086232980332829,0.3293918220531691,0.7953479085554557,0.015905897493138633,10.656382978723403,0.01737047020065888,2.8654395320832617,23.932183908045978,1.6628531496456025,0.3333333333333333,1.0348288075560803,0.0034820613803371596,0.2403357175342126,1.9279878971255673,0.007193947161698433,-18.757657657657656,0.39686908653019093,10.7165991902834,-0.49418952823421997,0.7164390236402001,0.566560329839323,-0.13660179640718562,8.25,-0.17274939172749393,-0.6752914310439864,-0.11673156719586376,0.12496892017793518,Footwear & Accessories,Consumer Cyclical,WWW
2015Q4,2015,Q4,2016-03-01,2016-01-02,-2400000.0,729600000.0,41100000.0,-0.0247,267200000.0,0.3662280702,2431700000.0,966500000.0,1031400000.0,333700000.0,1457600000.0,348700000.0,1015100000.0,1622952316.65,2073852316.65,9.951133397028137,3.090800119868145,0.33750051404367315,0.849146404552509,0.006986389855285971,9.951133397028137,-0.0024831867563372997,2.2244412234786184,-169.057532984375,1.6792057078634248,-2.4166666666666665,1.3260682535130484,0.0035737340773954523,0.30003701114446685,1.8972130656278094,-0.000986963852448904,18.463621349829353,0.36622807017543857,-1.1372222222222221,-1.09282783887469,0.7805171828394658,0.6568093504001074,0.16783216783216784,-1.0524017467248907,-0.49070631970260226,-0.9149791715440082,0.02159795976537816,0.19690961282556757,Footwear & Accessories,Consumer Cyclical,WWW
2015Q3,2015,Q3,2015-10-21,2015-09-12,45800000.0,577600000.0,80700000.0,0.18,228800000.0,0.3961218837,2424600000.0,974400000.0,1005300000.0,324000000.0,1443500000.0,480800000.0,962300000.0,2516910000.0,3229010000.0,10.181818181818182,3.102777777777778,0.3589458054936897,0.8931650246305419,0.03007602862254025,10.181818181818182,0.04700328407224959,4.357531163434903,13.73859170305677,2.5830357142857143,0.13100436681222707,0.7254575707154742,0.002383875466345638,0.23822486183287966,1.4944444444444445,0.018889713767219336,1198.5285714285715,0.3961218836565097,-0.25,0.3895601986983812,0.8083426865858375,0.7233378513644039,0.009708737864077669,0.8102766798418972,0.6953781512605042,0.4658085174975436,-0.06334456077342124,0.518296974385329,Footwear & Accessories,Consumer Cyclical,WWW
2015Q2,2015,Q2,2015-07-29,2015-06-20,25300000.0,583700000.0,47600000.0,0.24,226600000.0,0.3882131232,2453500000.0,994800000.0,1020500000.0,331000000.0,1451500000.0,439300000.0,980500000.0,2908965793.5,3495265793.5,10.002833331701051,3.083081570996979,0.32932545343387,0.8122235625251307,0.01934107227999943,10.002833331701051,0.025432247687977482,4.983665913140312,28.744721279644267,2.9241714852231606,0.22924901185770752,0.8128841338493057,0.00199383575185378,0.23790503362543305,1.6141993957703928,0.01031179947014469,21.806340281109446,0.3882131231797156,-0.5,0.05997721448422407,0.8895157108839268,0.6806383980847257,-0.04509060261272651,-0.3690773067331671,-0.25157232704402516,0.2464344468890906,0.0027164634230155264,0.4286857489523761,Footwear & Accessories,Consumer Cyclical,WWW
2015Q1,2015,Q1,2015-05-06,2015-03-28,40100000.0,603700000.0,63600000.0,0.48,237300000.0,0.3930760311,2759000000.0,1032200000.0,1340600000.0,724800000.0,1718300000.0,457600000.0,1022800000.0,3203503610.1099997,3725003610.1099997,10.462149595907327,1.8496136865342163,0.38144255164914825,1.0195698508041078,0.024550175329793478,10.462149595907327,0.038849060259639606,5.30644957778698,19.971967644077306,3.103568698033327,0.14713216957605985,0.8006993006993007,0.0018417335261867896,0.21881116346502355,1.1594922737306843,0.014534251540413193,-64.84825121680161,0.39307603114129536,3.3636363636363638,-0.02911669178072922,0.6344998083767296,0.6814891213562981,-0.12821454812637767,2.7476635514018692,0.2,-0.24861039700749024,-0.14125527859927853,0.3726866311898811,Footwear & Accessories,Consumer Cyclical,WWW
2014Q4,2014,Q4,2015-03-03,2015-01-03,10700000.0,751200000.0,53000000.0,0.11,272200000.0,0.3623535676,2444600000.0,963700000.0,1013800000.0,353300000.0,1474900000.0,466600000.0,950800000.0,2858241604.06,3484141604.06,9.787909797499653,2.869515992074724,0.3354331997054733,0.8508872055618969,0.04475833550371401,9.787909797499653,0.011103040365258898,3.8049009638711393,66.78134588925234,2.965903916218741,0.5700934579439252,1.0265752250321474,0.002134179276984574,0.3072895361204287,1.3954146617605434,0.004376994191278737,14.941147956403555,0.3623535676251331,-0.717948717948718,-0.5799144499874215,0.9644467141739645,0.7840162213326378,0.041315990818668706,-0.8148788927335641,-0.4586312563840654,4.068015219322686,0.15416277891720206,0.5033588107381123,Footwear & Accessories,Consumer Cyclical,WWW
2014Q3,2014,Q3,2014-10-15,2014-09-06,57800000.0,631400000.0,97900000.0,0.39,261400000.0,0.4140006335,2440500000.0,967100000.0,988100000.0,292300000.0,1469100000.0,419800000.0,886300000.0,2776780684.08,3512780684.08,9.372242161293507,3.380431063975368,0.351280475312436,0.8864646882432013,0.03905308997493545,9.372242161293507,0.059766311653396756,4.397815464174849,12.010297076470588,2.8712446324888843,0.10553633217993079,0.8813720819437828,0.002196788545445045,0.2587174759270641,1.637016763599042,0.023683671378815815,69.07414637014925,0.4140006335128286,0.6250000000000001,1.0681032657315683,1.1247049832682294,0.924153222245109,0.060876623376623376,1.1018181818181818,0.9979591836734694,0.7470368233063926,0.8433676652704921,0.5012569937586133,Footwear & Accessories,Consumer Cyclical,WWW
2014Q2,2014,Q2,2014-07-22,2014-06-14,27500000.0,630100000.0,49000000.0,0.24,246400000.0,0.3910490398,2554600000.0,994700000.0,1108000000.0,391000000.0,1555800000.0,452200000.0,905500000.0,2712208040.3,3324608040.3,9.645502708968575,2.833759590792839,0.326117591795193,0.8375389564692872,0.018357778655261493,9.645502708968575,0.02764652659093194,4.304408887954294,24.656436730000003,2.726659334774304,0.22545454545454546,0.8485183547103051,0.0022859603348547746,0.24665309637516636,1.473145780051151,0.010764894699757301,23.625505577526134,0.3910490398349468,-0.4545454545454546,0.5019547925010893,1.295422718911948,0.9569112695314045,-0.0931174089068826,-0.2587601078167116,-0.23076923076923078,0.08561355630555707,0.9060644172082509,0.499386840972837,Footwear & Accessories,Consumer Cyclical,WWW
2014Q1,2014,Q1,2014-04-30,2014-03-22,37100000.0,678900000.0,63700000.0,0.44,271700000.0,0.4002062159,2588200000.0,1023300000.0,1134200000.0,363300000.0,1561600000.0,495500000.0,945200000.0,2845316709.6,3474516709.6,9.947742514744201,3.1219377924580236,0.3189861679931999,0.8068015244796247,0.024457318298701465,9.947742514744201,0.03625525261409166,4.191068949182501,19.173293191374665,2.7805303523893286,0.16172506738544473,0.8217961654894046,0.0021087283463932884,0.2623058496252222,1.571703826039086,0.01433428637663241,-46.11534375364668,0.400206215937546,3.0,0.03163242346552873,1.011738256838681,0.9105028395029922,-0.09463512162612463,2.3125,0.8463768115942029,-0.014488054820264202,0.8318220420086734,0.4623853915694393,Footwear & Accessories,Consumer Cyclical,WWW
2013Q4,2013,Q4,2014-02-25,2013-12-28,11200000.0,808900000.0,34500000.0,0.11,300100000.0,0.3709976511,2504500000.0,933500000.0,1042200000.0,340700000.0,1566500000.0,414000000.0,852200000.0,3401333689.2,4078333689.2,9.166668974290886,3.0589961843263866,0.35967258933918944,0.9649705409748259,0.01608034847413557,9.166668974290886,0.011997857525441885,4.204887735443195,75.92262699107143,3.6436354463845744,0.5357142857142857,1.228985507246377,0.0017640139275518162,0.32297863845078856,1.574699148811271,0.004471950489119585,52.81574051552795,0.3709976511311658,-0.7027027027027027,-0.3491712592334863,1.5142598863776655,0.8812416887440652,0.17318217357310398,-0.7941176470588235,-0.6318036286019211,-0.5868463849390452,0.8827069062336661,0.526200309319877,Footwear & Accessories,Consumer Cyclical,WWW
2013Q3,2013,Q3,2013-10-17,2013-09-07,54400000.0,627600000.0,93700000.0,0.37,255800000.0,0.4075844487,2679400000.0,867800000.0,1185100000.0,352500000.0,1807800000.0,465600000.0,774300000.0,2881956913.05,3889456913.05,8.559189378683136,3.361985815602837,0.43826976188698963,1.3531919797188292,0.0328248070425241,8.559189378683136,0.06268725512790965,4.592028223470364,13.244287284237133,3.3209920638972115,0.11580882352941177,0.7985395189003437,0.0021860146386896034,0.23423154437560648,1.8465248226950355,0.020303052922296037,123.1605518397436,0.4075844486934353,0.37037037037037024,3.932424319220931,1.3390271823661235,0.929145835039131,0.04110704110704111,0.9710144927536232,1.5324324324324323,0.5578861464045005,0.8546476433552592,0.4486975479115094,Footwear & Accessories,Consumer Cyclical,WWW
2013Q2,2013,Q2,2013-07-22,2013-06-15,27600000.0,613500000.0,37000000.0,0.27,245700000.0,0.4004889976,2681200000.0,903900000.0,1193000000.0,335100000.0,1773300000.0,459800000.0,796000000.0,2636011770.42,3534911770.42,8.905226927822028,3.560131304088332,0.42193793823661047,1.2515765018254232,0.013032957608429306,8.905226927822028,0.030534351145038167,4.296677702396088,23.87691821032609,2.9162648195818117,0.20652173913043478,0.7999130056546324,0.002162357567580895,0.2288154557660749,1.989555356609967,0.010293898254512905,15.74678476953405,0.4004889975550122,-0.5263157894736842,2.318240504817546,1.366260094988791,0.9418281546840586,-0.136986301369863,-0.5233160621761658,-0.45508100147275404,0.13298051003846473,0.9458651030665421,0.49622270233414206,Footwear & Accessories,Consumer Cyclical,WWW
2013Q1,2013,Q1,2013-05-02,2013-03-23,57900000.0,711100000.0,67900000.0,0.57,284700000.0,0.4003656307,2727700000.0,962100000.0,1249000000.0,362200000.0,1761500000.0,466300000.0,847600000.0,2344664984.085,3209764984.085,9.472602120454932,3.4483710657095528,0.40202368295633684,1.1397983577590687,0.024514205127018792,9.472602120454932,0.060180854381041475,3.2972366531922375,10.123769361334197,2.4370283588868102,0.10362694300518134,0.9144327686039031,0.0025590009833927237,0.2606958243208564,1.9751518498067366,0.021226674487663598,-24.785042115063426,0.40036563071297987,45.18604651162791,1.3161453155458294,1.35103968097203,0.9305315687127288,0.03376906318082789,45.53846153846154,7.953059071729958,0.361736994349687,0.8701928280176103,0.5224478746425544,Footwear & Accessories,Consumer Cyclical,WWW
2012Q4,2012,Q4,2013-02-27,2012-12-29,-1300000.0,740800000.0,7584000.0,-0.0129,275400000.0,0.3717602592,2622200000.0,837600000.0,1118000000.0,329300000.0,1780800000.0,428200000.0,743100000.0,2023976251.22,2959776251.2200003,8.3140224544912,3.395080473732159,0.4385630386698192,1.3729703915950335,0.0006795005747966159,8.3140224544912,-0.0015520534861509074,2.732149367197624,-389.2262021576923,2.4163995358404966,-4.615384615384615,1.0868752919196638,0.0029644616612390373,0.28251086873617576,1.8593987245672638,-0.0004957669132789261,26.495650567751902,0.37176025917926564,-1.0430000000000001,-1.0486381176661839,1.049674064914924,0.8657459496137201,0.050743990843189625,-1.0397225532434993,-0.836287101996762,-1.049879689659827,0.8932679040194138,0.5153747051413423,Footwear & Accessories,Consumer Cyclical,WWW
2012Q3,2012,Q3,2012-10-18,2012-09-08,32727000.0,645900000.0,46325000.0,0.3,262100000.0,0.40579037,2637100000.0,672200000.0,1113900000.0,351200000.0,1963600000.0,487300000.0,971000000.0,2235294555.2000003,3411594555.2000003,6.706078160987058,3.1716970387243735,0.4771529331462592,1.8719131210949123,0.01896795610323462,6.706078160987058,0.04868640285629277,3.460744008670073,17.075309035353072,3.3253414983635823,0.180279280105112,0.7876051713523496,0.0026394731675405997,0.2449281407606841,1.57374715261959,0.012410223351408744,-211.95662385738672,0.40579037002631985,0.6666666666666666,0.1025879558697259,1.2258339842604293,0.4663209043820228,0.08710078805474906,0.5967505854800936,0.2796961325966851,0.20544822863615886,1.2374705519060736,0.3767806763872529,Footwear & Accessories,Consumer Cyclical,WWW
2012Q2,2012,Q2,2012-07-26,2012-06-16,20496000.0,587800000.0,36200000.0,0.18,241100000.0,0.4101735284,2644700000.0,703100000.0,1122700000.0,365600000.0,1940100000.0,484700000.0,982500000.0,1907022173.58,2920722173.58,7.001423048445685,3.0708424507658645,0.4479525087911672,1.6849665765893898,0.014522228393636125,7.001423048445685,0.02915090314322287,3.2443385055801293,23.26090668398712,2.7123057510738158,0.28786104605776736,0.7152878068908604,0.0030938287355747386,0.2222558324195561,1.5560722100656454,0.007749839301243997,24.460605333042597,0.41017352841102417,-0.6666666666666667,0.2893345513503083,1.146160297881119,0.48027121229606573,-0.156993006993007,-0.6232352941176471,-0.5756154747948418,0.14955499308702186,1.198969726677093,0.4204717037216395,Footwear & Accessories,Consumer Cyclical,WWW
2012Q1,2012,Q1,2012-05-03,2012-03-24,54400000.0,716600000.0,85300000.0,0.54,286000000.0,0.3991068937,2670200000.0,766500000.0,1150100000.0,375100000.0,1902200000.0,462600000.0,746300000.0,1988242289.58,2982542289.58,7.621659130488114,3.0661157024793386,0.4277207699797768,1.4900195694716243,0.03312355576265868,7.621659130488114,0.07097195042400521,2.774549664499023,9.137142874908088,2.5939234045401176,0.10845588235294118,0.9308257674016429,0.0029674451805601254,0.26836941053104635,1.670754465475873,0.02037300576735825,-29.62750029176849,0.39910689366452695,16.254237288135595,0.6825931634566064,1.1681892027977419,0.5999478665793182,0.19494779415144084,16.565092989985693,17.58792765308346,0.5472688214230557,1.1719922485419143,0.4637694320032245,Footwear & Accessories,Consumer Cyclical,WWW
2011Q4,2011,Q4,2012-02-29,2011-12-31,-3495000.0,652243000.0,4589000.0,-0.0354,239341000.0,0.366950661,2614434000.0,642392000.0,1074925000.0,319334000.0,1970737000.0,466230000.0,946766000.0,1758249539.64,2836838539.6400003,6.510694404813465,3.366146417230862,0.4781149571953241,1.9458523767419271,0.001034832911896438,6.510694404813465,-0.005440603245370428,2.695697063272431,-125.76892272103005,2.737035236491115,-1.7293276108726752,0.8856186860562384,0.003437509786715203,0.24947770722075982,1.644128091590623,-0.0013368094203181262,15.606550089560718,0.3669506610266419,-1.110625,-1.1491570091287122,0.8414618919559852,0.3539444151075775,0.8105421618391292,-1.1120910840282232,-0.8725808690823268,-1.2096166817715333,1.092448217260449,0.33616581676064217,Footwear & Accessories,Consumer Cyclical,WWW
2011Q3,2011,Q3,2011-10-20,2011-09-10,31180000.0,322807000.0,36015000.0,0.32,132193000.0,0.4095109462,906550000.0,607109000.0,690466000.0,199061000.0,299441000.0,265112000.0,915236000.0,1675087291.8000002,1621814291.8000002,6.2429298915895455,3.4686151481204255,0.07721581821190227,0.11530054734816977,0.04659075470568902,6.2429298915895455,0.05135815809022762,5.1891293924852935,13.430783288967287,2.759121165721477,0.19342527261064785,0.7189942363982015,0.003600409381363799,0.35608295185042194,1.93031281868372,0.034394131597815895,-68.81186755124678,0.4095109461690732,0.523809523809524,0.3381425112410188,0.28851092131338785,0.3765878451678786,0.11961548234098417,0.3011726411551141,0.6103286384976526,1.9474499453398908,0.2543076604622168,0.407086777259064,Footwear & Accessories,Consumer Cyclical,WWW
2011Q2,2011,Q2,2011-07-28,2011-06-18,23963000.0,312720000.0,22365000.0,0.21,118070000.0,0.377558199,892321000.0,627570000.0,675324000.0,160476000.0,263710000.0,243912000.0,929907000.0,1902816711.6499999,1774189711.6499999,6.432964759588225,4.2082554400658045,0.031378842367264695,0.04461653680067562,0.03171110146510579,6.432964759588225,0.03818378826266393,6.0847298274814525,19.8516119814923,3.032038994295457,0.24074615031506907,0.7980337170782905,0.003031821175775514,0.3504568423246791,2.4414678830479324,0.02685468570167014,32.695006987233455,0.37755819902788434,-0.3636363636363637,0.8443225009811243,0.3685703645971247,0.4459719430514493,-0.14784742521020533,-0.3318183085631431,-0.50479374709386,1.9975356657778234,0.25495445122157007,0.40273933382109883,Footwear & Accessories,Consumer Cyclical,WWW
2011Q1,2011,Q1,2011-05-03,2011-03-26,35863000.0,353067000.0,45163000.0,0.33,138555000.0,0.3924325978,948046000.0,666616000.0,727362000.0,170977000.0,280349000.0,269676000.0,956911000.0,1752677382.3300002,1635331382.3300002,6.802408292706093,4.254151143136212,0.02847963073521749,0.04050307823394578,0.04749599909195352,6.802408292706093,0.05379858869274065,4.964149530627332,12.21786648028609,2.629215893902937,0.16186599001756685,0.7954434209940818,0.0033120756041724367,0.372415473510779,2.4845622510630085,0.037828333224337214,-20.122587627210105,0.39243259777889183,0.3750000000000001,0.2995910280382906,0.21616331340195044,0.5043280245711452,-0.07724735937770555,0.39838571317164473,0.5033286731908662,0.4868656797072295,0.20982983133795152,0.3863417660058627,Footwear & Accessories,Consumer Cyclical,WWW
2010Q4,2010,Q4,2011-03-02,2011-01-01,25646000.0,406467000.0,30042000.0,0.24,150154000.0,0.369412523,851652000.0,578650000.0,634496000.0,148678000.0,273002000.0,234757000.0,889765000.0,1535692500.1599998,1407195500.1599998,6.00620306411538,4.267584982310765,0.01412783625236599,0.020793225611336733,0.03847593061066769,6.00620306411538,0.0443204009332066,3.778148041932063,14.970097677610543,2.653922924323857,0.22299773843874288,1.0918226080585456,0.0037240528291986523,0.47726888447394006,2.4211719285973716,0.0301132387407063,28.866942990657716,0.36941252303385025,-0.3333333333333333,0.42052170182105314,0.34687532574231683,0.29866790483030775,0.08967539206223647,-0.24886506751017778,-0.39958029379434395,0.0033733781046194388,0.17603068539995595,0.3478492631899646,Footwear & Accessories,Consumer Cyclical,WWW
2010Q3,2010,Q3,2010-10-21,2010-09-11,34143000.0,330872000.0,50035000.0,0.36,137797000.0,0.4164661863,829272000.0,585707000.0,620617000.0,170564000.0,243565000.0,249988000.0,819785000.0,1318986598.08,1257971598.08,5.908196221511073,3.6386165896672216,0.03744127379195246,0.05301114721183117,0.05841162851988947,5.908196221511073,0.05829365194542664,3.986395337411446,9.657811250329496,2.251956350325333,0.15613742201915473,0.7723370721794646,0.004041739323022796,0.39899092215823034,2.0137895452733283,0.04117225711226232,-193.59850258036107,0.41646618631978527,0.5,0.9349173299405853,0.4003259008099802,0.4071199925302365,0.12840145106741896,0.42482159996661517,0.5570250505679166,0.16308945702240826,0.1529006773097241,0.29185962627036033,Footwear & Accessories,Consumer Cyclical,WWW
2010Q2,2010,Q2,2010-07-29,2010-06-19,23963000.0,310139000.0,32135000.0,0.24,122117000.0,0.3937492544,833497000.0,594263000.0,621071000.0,162469000.0,239234000.0,249871000.0,837920000.0,1478217542.76,1380278542.76,5.95180577993481,3.822704639038832,0.025232244387202354,0.035390054571797336,0.03878989489921087,5.95180577993481,0.04032389699510149,4.76630653597258,15.421874794057505,2.4874803626677076,0.24466886449943664,0.7524762777593238,0.00396626330726201,0.3720937207932362,2.124817657522358,0.028749953509130805,29.02506514480944,0.3937492543665905,-0.4146341463414634,0.9864673358731331,0.4293276763535894,0.3883226595185182,-0.1674768037195858,-0.4073698528502535,-0.4273061020815512,0.5161373059790747,0.1389110190692869,0.2583565792629422,Footwear & Accessories,Consumer Cyclical,WWW
2010Q1,2010,Q1,2010-05-06,2010-03-27,40435000.0,361590000.0,56112000.0,0.41,146683000.0,0.4056611079,895549000.0,600966000.0,681659000.0,214184000.0,294583000.0,278171000.0,872655000.0,1419843159.0,1381972159.0,6.221954970168645,3.1825860008217233,0.06758647488858789,0.10071618028307758,0.0608093469801434,6.221954970168645,0.06728334048848021,3.926666000165934,8.778552980091504,2.3626014766226375,0.14403363422777296,0.7725715477170517,0.004101861507084953,0.40376350149461393,1.7567231912747918,0.045151074927223415,-31.070137839730403,0.4056611078846207,0.5769230769230768,0.7513769871115835,0.36987899510146616,0.3662330553018626,0.027674048748362327,0.576659128129143,0.7557495541162114,0.3021987280906434,0.1391381163572777,0.3061202830040989,Footwear & Accessories,Consumer Cyclical,WWW
2009Q4,2009,Q4,2010-03-03,2010-01-02,25646000.0,385025000.0,31959000.0,0.26,142733000.0,0.3707109928,786575000.0,543897000.0,580134000.0,141155000.0,242678000.0,208655000.0,789684000.0,1349222668.1599998,1199856668.1599998,5.486446636784618,4.109907548439659,0.0013145599593172932,0.0019010952441362978,0.046703346571808066,5.486446636784618,0.0471523100881233,3.5042469142523207,13.15236945488575,2.4806584117213366,0.20662091554238476,1.1612086937768087,0.0039274466142986625,0.4894955980040047,2.4572774609471857,0.032604646727902614,14.460191929350737,0.3707109927926758,-0.03703703703703707,0.3775882223530254,0.3342588821110146,0.30867544537420527,0.20378679261195917,-0.04284541315219825,-0.17550693978638873,0.08933995483024672,0.08190604466649587,0.14094493164483132,Footwear & Accessories,Consumer Cyclical,WWW
2009Q3,2009,Q3,2009-10-22,2009-09-12,26794000.0,284897000.0,38762000.0,0.27,118570000.0,0.4161854986,685564000.0,481852000.0,485189000.0,118097000.0,203712000.0,171833000.0,728565000.0,1296917972.1599998,1212965972.1599998,4.870839833824637,4.108393947348366,0.0014469837972822376,0.0020587234254501384,0.057000175403600785,4.870839833824637,0.05560628574749093,4.5522345695461865,12.100824551765319,2.6915276312228653,0.2021348062999179,0.9679572608288279,0.004176054396855741,0.4155658698531428,2.478293267398833,0.03908314905683496,49.18716471953578,0.41618549861879905,0.5882352941176471,0.9092072785842605,0.3358028147948012,0.1996286507566594,0.13893531592799646,0.5558007200092905,0.5975765568973334,0.13040015008282652,0.1178960784680091,0.07403719526558608,Footwear & Accessories,Consumer Cyclical,WWW
2009Q2,2009,Q2,2009-07-30,2009-06-20,17222000.0,258199000.0,24263000.0,0.17,104106000.0,0.4032006321,684513000.0,478111000.0,483915000.0,117857000.0,206402000.0,170773000.0,740472000.0,1075738095.7,966602095.7,4.928942287341549,4.105950431455068,0.0014375183524637223,0.00205809947899128,0.03595286882218158,4.928942287341549,0.03602092401136974,4.166313950480056,15.61575449570317,2.2499756242797173,0.31256532342352805,0.9023264801812932,0.005004006106613892,0.3772010173656308,2.4889569563114624,0.025159492953384377,13.24229821751708,0.4032006320706122,-0.5142857142857142,0.829806851471658,0.39705677655429417,0.2079367896457608,-0.19028396761322539,-0.49559206865243244,-0.4960432028248001,0.33307708012325243,0.1364282721924069,0.10790475663540271,Footwear & Accessories,Consumer Cyclical,WWW
2009Q1,2009,Q1,2009-05-07,2009-03-28,34143000.0,320396000.0,48145000.0,0.35,128571000.0,0.4012877814,764807000.0,508520000.0,562210000.0,164151000.0,256287000.0,208534000.0,769389000.0,761285064.93,667006064.93,5.206871358187595,3.4249562902449573,0.0013415149181427472,0.0020176197593015023,0.06708473774446974,5.206871358187595,0.06714190199008889,2.376075434555987,5.574239704551445,1.4970602236490205,0.1556980933134171,0.9198739773849828,0.006982929581691985,0.41892398997394115,2.0336702182746373,0.04464263533152808,-17.31413188678387,0.40128778137055393,1.1874999999999998,0.5947023979181684,0.32073369892773834,0.26120127727981673,0.047216837441152036,1.042411916013639,1.1860243370868144,0.24149110947649863,0.10739792147355842,0.15148079436178716,Footwear & Accessories,Consumer Cyclical,WWW
2008Q4,2008,Q4,2009-03-04,2009-01-03,16717000.0,312530000.0,22024000.0,0.16,122774000.0,0.3928390874,707933000.0,482033000.0,503538000.0,132851000.0,225900000.0,158065000.0,706439000.0,1064442210.56,905618210.56,4.872669486933729,3.7902462156852414,0.002281289331052515,0.003350393022884325,0.034554980123523024,4.872669486933729,0.03468019824368871,3.4058881085335804,15.918559109888138,2.2082351427391904,0.3228450080756117,1.200493467877139,0.005070261162567626,0.4414683310426269,2.4402827227495463,0.023613816561736774,20.244626382396014,0.39283908744760504,0.4545454545454546,0.03273597844317257,0.1688633000275715,0.20911081188615138,0.19264058750959268,0.5928537398761314,0.4005723370429253,-0.09823638751925175,0.008555834402665958,0.05357401439420187,Footwear & Accessories,Consumer Cyclical,WWW
2008Q3,2008,Q3,2008-10-16,2008-09-06,10495000.0,255324000.0,15725000.0,0.11,102943000.0,0.4031857561,692334000.0,428054000.0,495183000.0,191660000.0,264280000.0,217619000.0,671183000.0,1264352026.79,1301964026.79,4.436776745035204,2.5836533444641554,0.13641103860275533,0.22063104187789392,0.02037259573413338,4.436776745035204,0.024517934653104517,4.95195135118516,30.11796157193902,2.9537208548220555,0.5112910909957122,0.7002191904199542,0.004244071181365105,0.36878731941519555,1.3320202441824063,0.015158868407444962,-82.13278074509549,0.40318575613730007,0.375,0.1566075935081115,1.0538854289123987,0.7744008922846762,0.1062240753078725,0.3274728054642044,0.32298502439845195,-0.3888642363947024,0.1103381574383258,0.056680757758506235,Footwear & Accessories,Consumer Cyclical,WWW
2008Q2,2008,Q2,2008-07-24,2008-06-14,7906000.0,246438000.0,11886000.0,0.08,93058000.0,0.3776122189,667762000.0,442451000.0,468966000.0,151528000.0,225311000.0,183661000.0,673713000.0,1329475080.44,1286747080.44,4.586001550312744,3.0949131513647643,0.05457483354847985,0.08236618292195068,0.016804355472919728,4.586001550312744,0.017868645341518045,5.394764932518524,42.04006705160637,3.0047961931151694,0.6783455603339236,0.8351255846369126,0.004033922921086324,0.3690506497824075,1.7293965471727997,0.011839547623254992,18.941899218373774,0.3776122188948133,-0.6666666666666666,0.026064785013883242,0.4933473776171416,0.23046051668568804,-0.1834510595358224,-0.6664275768954896,-0.6748105386993516,-0.3217403102322616,0.17539016617563064,0.06973414528253848,Footwear & Accessories,Consumer Cyclical,WWW
2008Q1,2008,Q1,2008-05-01,2008-03-22,23701000.0,286764000.0,36551000.0,0.24,113965000.0,0.3974173885,707604000.0,472495000.0,510327000.0,158854000.0,235109000.0,183983000.0,695100000.0,1390021818.27,1323050818.27,4.906732567326639,3.2125536656300753,0.01634812691844591,0.024482798759775236,0.05545850956611902,4.906732567326639,0.05016137736907269,4.847267503138469,14.662058755643223,2.9418762489973442,0.2268258723260622,0.9392117750009512,0.0038675651916679175,0.4052605694710601,1.9010663880040792,0.033494723037178986,-36.55258804749132,0.39741738851459735,-0.040000000000000036,0.27183725356598576,0.3023843041781771,0.30812802135035383,-0.14524754183198205,-0.07403500546960462,0.11575444915900973,0.029691366251992837,0.08970422431641302,0.07743309926688882,Footwear & Accessories,Consumer Cyclical,WWW
2007Q4,2007,Q4,2008-02-26,2007-12-29,25596000.0,346116000.0,32759000.0,0.25,133331000.0,0.3852205619,664780000.0,429922000.0,473842000.0,191329000.0,234858000.0,196777000.0,666027000.0,1181862825.5,1151865825.5,4.45613855209629,2.4765822222454514,0.08951081560817112,0.13840882764780588,0.0492759900863663,4.45613855209629,0.05953638101795209,3.414643719157739,11.54343281665104,2.749016857709073,0.20667291764338178,1.0813509708959888,0.004475984763935703,0.52064743223322,1.3455931928771907,0.03850296338638347,12.311199340618131,0.3852205618925447,0.08695652173913039,1.7127357620595136,1.213676873219237,0.8081910316063247,0.09682381684915392,-0.13183868670081064,-0.08081034821403518,0.4127535420182518,0.23244449466089054,0.06291731067149568,Footwear & Accessories,Consumer Cyclical,WWW
2007Q3,2007,Q3,2007-10-18,2007-09-08,29483000.0,288238000.0,35639000.0,0.23,121561000.0,0.4217382857,678173000.0,455353000.0,483102000.0,126335000.0,222820000.0,188245000.0,610025000.0,1264481088.0,1287794088.0,4.573404185227324,3.8239759369929156,0.10439371664752209,0.15547717924335624,0.04504608951819823,4.573404185227324,0.06474756946808301,4.386934019803079,10.72212027269952,2.776924908807013,0.15568293592917953,0.8854259077266329,0.003629947528325549,0.4250213441113108,2.1435627498317964,0.04347415777390135,-75.46437622344234,0.42173828572221567,0.3529411764705882,6.016872411987404,1.665393409051176,1.192825837272985,0.18713073369857128,0.8999226704472226,0.41010524649837776,1.0873169526446211,0.3427863364435493,0.12637386554777,Footwear & Accessories,Consumer Cyclical,WWW
2007Q2,2007,Q2,2007-07-26,2007-06-17,15518000.0,267362000.0,25274000.0,0.17,102399000.0,0.3829975838,663142000.0,463669000.0,468614000.0,132072000.0,199473000.0,171731000.0,621391000.0,1384196449.1999998,1347498449.1999998,4.729824501272099,3.548170694772548,0.06216617255429455,0.08891040807127498,0.03329807840853724,4.729824501272099,0.03346784020497381,5.177237038921013,22.299852577651755,2.985311610653289,3.2028611934527644,0.9605895266434132,0.035906752996459,0.40317458402574413,2.070802289660185,0.02340071960454925,25.690834076356275,0.38299758380024085,-0.4516129032258064,2.0640824792643055,1.6100319622206831,1.1851118123684687,-0.20454439524586343,-0.5024846910967907,-0.4612465893587995,0.6314335176166254,0.4314334120918245,0.15913895732303154,Footwear & Accessories,Consumer Cyclical,WWW
2007Q1,2007,Q1,2007-05-03,2007-03-24,31191000.0,318852000.0,46912000.0,0.31,128730000.0,0.40372963,721694000.0,462185000.0,530597000.0,222140000.0,259509000.0,194062000.0,647253000.0,1410221049.1200001,1417533049.1200001,4.76369217378513,2.3885702710002703,0.12797667709583285,0.19983340004543634,0.05624611167714071,4.76369217378513,0.06748596341291907,4.422807600767754,11.30310866211407,3.0512047104947158,1.2447180276361771,0.9796972101699457,0.027530435759859622,0.44181051803118776,1.4172683893040425,0.04321914828168171,-50.88662537870314,0.4037296300477965,0.24,2.466205837515935,1.5224579898830408,1.1343189979400736,-0.06344125136413241,0.3191372383167689,0.2548012625046809,0.4664467640403554,0.3230502913479991,0.15385501980923255,Footwear & Accessories,Consumer Cyclical,WWW
