Quarters,Year,Quarter,FillingDate,Date,NetIncome,Revenue,OperatingIncome,EPSDiluted,GrossProfit,GrossProfitRatio,TotalAssets,CommonStockEquity,CurrentAssets,CurrentLiability,TotalLiability,Inventory,RetainedEarnings,MarketCap,EnterpriseValue,bookValuePerShare,currentRatio,debtToAssets,debtToEquity,roic,shareholdersEquityPerShare,roe,priceToSalesRatio,peRatio,pbRatio,payoutRatio,inventoryTurnover,dividendYield,assetTurnover,quickRatio,returnOnAssets,priceToFreeCashFlowsRatio,grossProfitMargin,epsdilutedGrowth,fiveYNetIncomeGrowthPerShare,fiveYRevenueGrowthPerShare,fiveYShareholdersEquityGrowthPerShare,grossProfitGrowth,netIncomeGrowth,operatingIncomeGrowth,threeYNetIncomeGrowthPerShare,threeYRevenueGrowthPerShare,threeYShareholdersEquityGrowthPerShare,Industry,Sector,Symbol
2023Q3,2023,Q3,2023-05-08,2023-03-31,599000.0,118060000.0,1213000.0,0.01,38718000.0,0.3279518889,475720000.0,54705000.0,342915000.0,191829000.0,421015000.0,150581000.0,-499580000.0,283700340.0,399663340.0,0.5726952953246373,1.787607713119497,0.4309677961826284,3.747737866739786,0.0022647088709229993,0.5726952953246373,0.010949638972671602,2.403018295781806,118.40581803005009,5.186003838771594,0.0,0.5269057849263852,0.0,0.24817119313882116,0.867475720563627,0.0012591440343058943,12.450642499780567,0.32795188887006604,1.505050505050505,1.0605396375875273,0.05800423675783595,0.09299136279307191,-0.09888984569553379,1.3196371398078977,-0.21943371943371942,-0.7838638059943309,0.12331155091148699,-0.1346396856924716,Medical Devices,Healthcare,ARAY
2023Q2,2023,Q2,2023-02-02,2022-12-31,-1874000.0,114760000.0,1554000.0,-0.0198,42967000.0,0.374407459,468769000.0,51745000.0,336948000.0,184720000.0,417024000.0,155665000.0,-500179000.0,197645030.0,337297030.0,0.5471781911237535,1.8241013425725423,0.4423948682613398,4.007749541018456,0.01231216466327365,0.5471781911237535,-0.036216059522659196,1.7222466887417218,-26.366732924226252,3.819596676007343,0.0,0.4612019400635981,0.0,0.2448114103108354,0.8494802944997835,-0.003997704626372478,-10.110754552895436,0.3744074590449634,0.6603773584905659,0.6447954785487482,0.023111419624513886,-0.05757132873706868,0.24192849090961643,0.6560836850798312,1.7121906507791018,-1.1656326777223944,0.09922153792012023,-0.12532589044955278,Medical Devices,Healthcare,ARAY
2023Q1,2023,Q1,2022-11-03,2022-09-30,-5449000.0,96493000.0,-2182000.0,-0.0583,34597000.0,0.3585441431,466349000.0,46991000.0,335265000.0,192536000.0,419358000.0,152624000.0,-497971000.0,194540320.0,318845320.0,0.5024217087748185,1.741310715918062,0.44025397288296964,4.36917707646145,-0.008274968943423286,0.5024217087748185,-0.11595837500798026,2.016108111469226,-8.925505597357313,4.139948500776745,0.0,0.40554565468078413,0.0,0.20691156194180754,0.8208127311256077,-0.011684382297378143,-158.6788907014682,0.3585441430984631,-0.5714285714285713,0.47995090259117734,-0.050016475885149146,-0.13505096318783202,-0.19579265457926545,-0.578505214368482,-3.8010269576379976,0.447214925544695,0.022419229419018475,0.08851905919261449,Medical Devices,Healthcare,ARAY
2022Q4,2022,Q4,2022-08-17,2022-06-30,-3452000.0,110023000.0,779000.0,-0.0371,43020000.0,0.3910091526,472849000.0,53189000.0,350890000.0,208858000.0,419660000.0,142254000.0,-492522000.0,182372120.0,307366120.0,0.5716358399518523,1.6800409847839202,0.4520068774598233,4.018330857884149,0.006286518245103232,0.5716358399518523,-0.06490063734982797,1.6575817783554347,-13.207714368482039,3.42875632179586,0.0,0.471009602541932,0.0,0.232681046169073,0.8770504361815205,-0.007300427832140916,-30.194059602649006,0.3910091526317225,-2.283185840707965,0.41276844252012757,-0.12257008859681855,0.021814573127782837,0.23677552897884085,-2.30019120458891,3.6678082191780823,-1.337323411056471,-0.11176361269870927,0.010996859004898071,Medical Devices,Healthcare,ARAY
2022Q3,2022,Q3,2022-04-29,2022-03-31,-1046000.0,96169000.0,-292000.0,-0.0113,34784000.0,0.3616965966,469436000.0,51609000.0,347196000.0,201340000.0,417827000.0,137519000.0,-489070000.0,307038910.0,410726910.0,0.5563652828236004,1.7244263434985596,0.4292960062713554,3.9048809316204536,-0.0017481945114687174,0.5563652828236004,-0.02026778275107055,3.192701494244507,-73.38406070745698,5.949328799240443,0.0,0.446374682771108,0.0,0.20486072648880785,0.9294427336843151,-0.002228205761807786,-13.449512024179771,0.36169659661637327,-6.947368421052632,0.8140880713146402,-0.11666404312612944,0.014825648863806445,-0.18399136697398363,-6.843575418994414,-1.4430955993930197,0.16225922211600463,-0.11652002242845957,0.027180820412424325,Medical Devices,Healthcare,ARAY
2022Q2,2022,Q2,2022-01-28,2021-12-31,179000.0,116275000.0,659000.0,0.0019,42627000.0,0.3666050312,475501000.0,50994000.0,351320000.0,204388000.0,424507000.0,123680000.0,-488024000.0,437699969.99999994,518619969.99999994,0.5557262889462844,1.7188876059259839,0.4292651329860505,4.002745421029925,0.0006457594528000348,0.5557262889462844,0.0035102168882613642,3.7643514943023,611.3128072625698,8.583362160254147,0.0,0.5954721862871928,0.0,0.2445315572417303,1.0034884631191656,0.00037644505479483744,13.760688191649898,0.36660503117609117,1.1900000000000002,1.0171415156454446,0.1922238237781582,-0.01931635872570471,0.0785092601963364,1.174124513618677,-0.7266694317710494,1.0366756343973043,0.08038088109225883,0.050599073979998084,Medical Devices,Healthcare,ARAY
2022Q1,2022,Q1,2021-11-04,2021-09-30,-1028000.0,107442000.0,2411000.0,-0.01,39524000.0,0.3678635915191452,475776000.0,45765000.0,350518000.0,188317000.0,430011000.0,126493000.0,-488203000.0,358810100.0,476089100.0,0.5038089786212818,1.8613189462448956,0.46651785714285715,4.849950835791544,0.014224059485381444,0.5038089786212818,-0.02246258057467497,3.339570186705385,-87.25926556420234,7.840273134491424,0.0,0.5369308973619094,0.0,0.22582475786924938,1.055226028452025,-0.0021606806564433683,-35.681195306284806,0.3678635915191452,0.9166666666666667,0.9069934175529093,0.11537959641413668,-0.22992840097414863,-0.09620177905833391,0.9073205914172376,-0.4179140511830034,0.8936921733843008,0.06738285624616563,-0.07508817003800294,Medical Devices,Healthcare,ARAY
2021Q4,2021,Q4,2021-08-17,2021-06-30,-11092000.0,110936000.0,4142000.0,-0.12,43731000.0,0.394200259609144,480098000.0,68840000.0,352773000.0,192359000.0,411258000.0,125929000.0,-488024000.0,414090759.99999994,497128759.99999994,0.7514217414559069,1.8339303073939872,0.4153464500997713,2.8966734456711216,0.014622612281413067,0.7514217414559069,-0.1611272515979082,3.732699574529458,-9.333095023440316,6.015263800116211,0.0,0.5336737367881902,0.0,0.23106948997912927,1.0487110039041583,-0.02310361634499623,78.10086005281025,0.394200259609144,-27.653295128939828,-0.3621261489451049,0.033794785516593394,0.021220687545866323,0.10593798998533205,-27.44102564102564,-0.06416629010393131,-9.965435147282498,-0.08821841189137164,0.32381067080765213,Medical Devices,Healthcare,ARAY
2021Q3,2021,Q3,2021-04-30,2021-03-31,-390000.0,102562000.0,4426000.0,-0.004188,39542000.0,0.3855424036192742,486826000.0,78550000.0,359384000.0,193136000.0,408276000.0,136854000.0,-476932000.0,460958850.0,544998850.0,0.8435080484950013,1.860782039599039,0.43213591714493477,2.6782304264799492,-0.01648894125013942,0.8435080484950013,-0.004964990451941439,4.494440923538932,-295.4864423076923,5.8683494589433485,0.0,0.4604907419585836,0.0,0.21067486124405846,1.0161181757932234,-0.0008011075825859752,29.467419932238062,0.3855424036192742,-1.0837599999999998,-1.4479397363002917,-0.1541353351172879,0.09397502367885875,-0.03156915089025495,-1.081778150555672,-0.460178070496402,0.9595681093645034,-0.05720437714202897,0.6098386331755395,Medical Devices,Healthcare,ARAY
2021Q2,2021,Q2,2021-02-01,2020-12-31,4769000.0,97459000.0,8199000.0,0.05,40831000.0,0.4189556634071763,478142000.0,77778000.0,344922000.0,178731000.0,400364000.0,138655000.0,-476542000.0,383744250.0,465621250.0,0.8451833740831296,1.9298386961411282,0.3956962575971155,2.4325516212810823,0.026080383342231644,0.8451833740831296,0.06131553909845972,3.9374942283421746,20.11659939190606,4.933840546169868,0.0,0.40840936136453787,0.0,0.2038285697554283,1.0614163183778975,0.00997402445298677,20.536457775874986,0.4189556634071763,10.402508551881414,1.6908512779155036,-0.21872369686557624,0.11562705768261572,0.15332034008417367,10.86318407960199,0.49945135332845647,1.9289022332454204,-0.10713020947282854,0.4556958905376719,Medical Devices,Healthcare,ARAY
2021Q1,2021,Q1,2020-11-04,2020-09-30,402000.0,85332000.0,5468000.0,0.004385,35403000.0,0.4148853888342005,464710000.0,67440000.0,332476000.0,169105000.0,397270000.0,141017000.0,-481311000.0,218865600.0,316980600.0,0.739522336995855,1.9660920729724136,0.4047040089518194,2.7887010676156585,0.010285441525141338,0.739522336995855,0.00596085409252669,2.5648713261144707,136.11044776119402,3.2453380782918146,0.0,0.3540636944481871,0.0,0.1836241957349745,0.9756600928417255,0.0008650556260893891,-63.642221576039546,0.4148853888342005,3.617960394736842,1.0269919250406858,-0.1673306808031724,-0.08023855295821933,-0.10924644609384829,3.6447368421052633,0.04610675339582935,1.0393489925574741,-0.13838705643845883,0.27313195651013167,Medical Devices,Healthcare,ARAY
2020Q4,2020,Q4,2020-08-25,2020-06-30,-152000.0,94977000.0,5227000.0,-0.0016749680433728567,39745000.0,0.4184697347778936,490927000.0,63635000.0,357486000.0,182271000.0,427292000.0,134374000.0,-481713000.0,184218439.99999997,274172440.0,0.7012275752633667,1.961288411211877,0.40236328415426326,3.1041250883947513,-0.02460379419873634,0.7012275752633667,-0.0023886226133417146,1.9396110637312187,-302.99085526315787,2.894923234069301,0.0,0.41103189605131946,0.0,0.19346460879112373,1.0872601785253826,-0.00030961833429410076,10.220163106796115,0.4184697347778936,-1.0558322681124286,0.9763201392868162,-0.18565654122889547,-0.26740317849563555,0.01563897477832009,-1.057904761904762,-0.34408332287614507,0.9734876942188941,-0.22337259214456895,0.25346331598718264,Medical Devices,Healthcare,ARAY
2020Q3,2020,Q3,2020-05-08,2020-03-31,2625000.0,99548000.0,7969000.0,0.03,39133000.0,0.3931068429300438,489988000.0,59877000.0,352011000.0,180408000.0,430111000.0,136277000.0,-481561000.0,171904400.0,280593400.0,0.6617998143153986,1.9511939603565251,0.40497114215042,3.313976986154951,0.024621882427326804,0.6617998143153986,0.04383987173706098,1.7268493591031462,16.371847619047617,2.8709587988710186,0.0,0.4433249924785547,0.0,0.2031641591222642,1.0666212141368454,0.0053572740556911596,-13.728190384922536,0.3931068429300438,-0.75,1.7700286287229288,-0.11150247041428776,-0.31860976206061065,0.03253298153034301,-0.7549019607843137,1.1995583770356057,1.478340231634635,-0.06253431874772027,0.20714114757859572,Medical Devices,Healthcare,ARAY
2020Q2,2020,Q2,2020-02-04,2019-12-31,10710000.0,98826000.0,3623000.0,0.12,37900000.0,0.38350231720397465,479473000.0,56000000.0,338515000.0,178484000.0,423473000.0,131253000.0,-484186000.0,252437940.0,347479940.0,0.6255794988661372,1.8966125815199122,0.3993175840975404,3.418964285714286,0.012071887829711473,0.6255794988661372,0.19125,2.554367676522373,5.892575630252101,4.507820357142856,0.0,0.4641874852384326,0.0,0.20611379577160757,1.0317675533941417,0.022337024191143192,16.62088095865157,0.38350231720397465,2.090909090909091,1.9330453739311029,-0.12355532106662125,-0.35813584645022356,0.15047202744133806,2.1447199657973495,1.8464953271028037,2.0513281132385597,0.03871232288557918,0.10395277865627799,Medical Devices,Healthcare,ARAY
2020Q1,2020,Q1,2019-11-06,2019-09-30,-9356000.0,89577000.0,-4280000.0,-0.11,32943000.0,0.3677618138584681,463747000.0,40974000.0,341227000.0,176147000.0,422773000.0,129233000.0,-494896000.0,245898440.0,360539440.0,0.46156445726129863,1.9371717940129551,0.4216781995355226,4.772587494508713,-0.01706261102756543,0.46156445726129863,-0.2283399228779226,2.745106891277895,-6.570608165882856,6.001328647434958,0.0,0.43823172100005414,0.0,0.19315920102987189,1.0536370190806543,-0.02017479358357035,-9.49854913473424,0.3677618138584681,-4.5,0.6237473085421417,-0.053290452669031034,-0.5568022448942669,-0.28269389888080826,-5.682857142857143,-2.3136893799877227,0.1338315829301023,-0.0484388896120383,-0.29449911625355635,Medical Devices,Healthcare,ARAY
2019Q4,2019,Q4,2019-08-23,2019-06-30,-1400000.0,117417000.0,3258000.0,-0.02,45926000.0,0.39113586618632734,438181000.0,49871000.0,344075000.0,192181000.0,388310000.0,120823000.0,-485540000.0,344869820.0,427915820.0,0.5654180177320243,1.7903694954235851,0.36478989276121054,3.2051492851557017,0.04057745746626285,0.5654180177320243,-0.02807242686130216,2.937137041484623,-61.583896428571435,6.915237713300314,0.0,0.5917002557460086,0.0,0.267964608232671,0.981798408791712,-0.0031950267127054803,43.04953439021346,0.39113586618632734,-1.0,0.8755965015097124,0.0033676643986997722,-0.5589076208018398,0.13492808777739337,-0.18243243243243243,0.1308573412009719,0.8214276651882507,0.13650535579519962,-0.2315679132462243,Medical Devices,Healthcare,ARAY
2019Q3,2019,Q3,2019-05-09,2019-03-31,-1184000.0,103221000.0,2881000.0,-0.01,40466000.0,0.3920326290192887,406134000.0,47644000.0,310428000.0,181074000.0,358490000.0,124433000.0,-484140000.0,401986340.0,485434340.0,0.5416429821968577,1.7143709201762816,0.35938138643895856,3.0634917303333054,0.018585704466733823,0.5416429821968577,-0.02485097808748216,3.8944240028676336,-84.87887246621622,8.43729199899253,0.0,0.5043276301302709,0.0,0.2541550325754554,0.8962247478931266,-0.0029152939670158127,-49.341639867435866,0.3920326290192887,0.7999999999999999,0.7796079194579614,-0.07732657831517067,-0.5682705027115208,0.054351224596143825,0.7448275862068966,4.3191244239631335,-2.439688542755776,-0.09875197238174517,-0.2975243148758093,Medical Devices,Healthcare,ARAY
2019Q2,2019,Q2,2019-02-08,2018-12-31,-4640000.0,102318000.0,-868000.0,-0.05,38380000.0,0.37510506460251375,386073000.0,46145000.0,289186000.0,169006000.0,339928000.0,119494000.0,-482956000.0,297478170.0,374873170.0,0.5289613352132696,1.711099014236181,0.3543967073584529,2.9650666377722397,-0.005254751761984211,0.5289613352132696,-0.10055260591613392,2.9073884360523077,-16.027918642241378,6.446595947556616,0.0,0.5350728906890723,0.0,0.26502241804011156,0.8624605043607919,-0.012018452468833615,-20.671125703564726,0.37510506460251375,0.5454545454545454,0.26410111840937806,-0.057031133621490336,-0.5816194110462093,0.013226325932574778,0.4959808820334564,0.8148464163822525,0.2909443412572399,-0.13475350753060936,-0.30178042289103874,Medical Devices,Healthcare,ARAY
2019Q1,2019,Q1,2018-11-06,2018-09-30,-9206000.0,95829000.0,-4688000.0,-0.11,37879000.0,0.3952770038297384,369131000.0,47106000.0,271913000.0,160477000.0,322025000.0,117684000.0,-478377000.0,390020290.0,450401290.0,0.544710276483308,1.6944048056730872,0.3492689587165532,2.7369337239417484,-0.028274684270718248,0.544710276483308,-0.19543157984120918,4.069960972148306,-10.59146996524006,8.279630832590328,0.0,0.4924203800006798,0.0,0.2596070229810013,0.8410239473569421,-0.02493965556943199,-20.078264607464607,0.3952770038297384,-10.0,0.48805232957580996,0.08005466306396324,-0.5701745330604112,-0.21060748150463687,-8.731501057082452,-2.5156805690268347,0.34816994245841776,-0.013917615266297869,-0.3225309269872345,Medical Devices,Healthcare,ARAY
2018Q4,2018,Q4,2018-08-24,2018-06-30,-946000.0,113786000.0,3093000.0,-0.01,47985000.0,0.4217126887314784,378727000.0,48632000.0,284157000.0,169434000.0,330095000.0,108540000.0,-474285000.0,351275699.99999994,399269699.99999994,0.5676202481412748,1.6770955062148094,0.34609890501601415,2.6952829412732355,0.01199834598727535,0.5676202481412748,-0.01945221253495641,3.0871609864130907,-92.83184460887948,7.223139085375884,0.0,0.6062373318592225,0.0,0.30044332725155587,0.8798529220817546,-0.002497841453078339,13.575872463768114,0.4217126887314784,0.9,0.9561822091870806,0.16179716700518162,-0.6053993931815185,0.3237606554663577,0.8931314957071849,1.8094739596964144,0.8439012220315837,0.033358001148189986,-0.40698739713189863,Medical Devices,Healthcare,ARAY
2018Q3,2018,Q3,2018-05-02,2018-03-31,-8852000.0,99832000.0,-3821000.0,-0.1,36249000.0,0.3631000080134626,387319000.0,44778000.0,290492000.0,179804000.0,342541000.0,115900000.0,-473339000.0,427295000.0,491224000.0,0.5239705589814999,1.6156036573157437,0.3467968263885841,2.9997096788601545,-0.022791890671749946,0.5239705589814999,-0.19768636383938543,4.280140636268932,-12.067753050158156,9.542520880789674,0.0,0.5486022433132011,0.0,0.2577513625719368,0.8516273275344264,-0.022854546252572168,273.20652173913044,0.3631000080134626,-0.6666666666666669,0.7542956424996058,0.22562899328649044,-0.6822302847836887,-0.07892262736628129,-0.8758211485484213,-2.7571288102261553,-1.7491254278976245,-0.056658278611038615,-0.46051900267308393,Medical Devices,Healthcare,ARAY
2018Q2,2018,Q2,2018-02-05,2017-12-31,-4719000.0,100329000.0,-1017000.0,-0.06,39355000.0,0.39225946635568976,413937000.0,49111000.0,318673000.0,206870000.0,364826000.0,113809000.0,-464487000.0,363719800.0,454086800.0,0.5806043553306693,1.5404505244839755,0.410390953212687,3.459021400500906,-0.004608950830220119,0.5806043553306693,-0.09608845268880699,3.6252708588743037,-19.2689023098114,7.406076031846226,0.0,0.5357572775439552,0.0,0.24237746323715928,0.8939527239329047,-0.011400285550699744,-206.54162407722885,0.39225946635568976,0.4545454545454546,0.860636533107706,0.11125674470964309,-0.7194889550747156,0.0327769905001837,0.49701556171392025,0.5043859649122807,0.5649188160970221,-0.05835586486501256,-0.40428175194823923,Medical Devices,Healthcare,ARAY
2018Q1,2018,Q1,2017-11-03,2017-09-30,-9382000.0,90950000.0,-2052000.0,-0.11,38106000.0,0.4189774601429357,393952000.0,48646000.0,296871000.0,199943000.0,345306000.0,113421000.0,-459768000.0,334988000.0,425092000.0,0.5808685684263317,1.4847781617761062,0.4011148566322801,3.248365744357193,-0.010803024602051207,0.5808685684263317,-0.1928627225260042,3.6832105552501373,-8.926348326582819,6.886239361920815,0.0,0.46591019299776937,0.0,0.23086568922102185,0.807715198831667,-0.023815084071155877,-24.003152765835484,0.4189774601429357,-0.8333333333333334,0.6657501784020211,-0.055116478563594966,-0.7582023290497779,-0.11761028134769017,-0.7853472882968602,-1.7289520426287743,0.6000630073240223,0.018895613760914087,-0.4422455163346977,Medical Devices,Healthcare,ARAY
2017Q4,2017,Q4,2017-08-25,2017-06-30,-5255000.0,112094000.0,2815000.0,-0.06,43185000.0,0.3852570164326369,406464000.0,46533000.0,309003000.0,284492000.0,359931000.0,105054000.0,-450386000.0,395100250.0,487587250.0,0.5594320681902885,1.0861570799881894,0.4048845654227681,3.5366514086777125,0.014421411132109513,0.5594320681902885,-0.11293060838544688,3.524722554284797,-18.796396289248335,8.490753873595082,0.0,0.6559388504959355,0.0,0.2757784207211463,0.5932750305808248,-0.012928574240277121,18.010678306058256,0.3852570164326369,0.0,0.7771688712303715,-0.04191941148009007,-0.7956074724101495,0.2190543401552576,-0.044939351759793196,3.220031545741325,0.5048440334396642,0.01572519671136836,-0.5635773636156879,Medical Devices,Healthcare,ARAY
2017Q3,2017,Q3,2017-05-05,2017-03-31,-5029000.0,97312000.0,-1268000.0,-0.06,35425000.0,0.3640352680039461,416847000.0,45456000.0,310323000.0,296213000.0,371391000.0,116573000.0,-445131000.0,393836750.0,503703750.0,0.548237308986528,1.0476346412885322,0.4079122555757868,3.740694297782471,-0.00706748281289813,0.548237308986528,-0.11063445969728969,4.047155027129234,-19.578283455955457,8.664131247800071,0.0,0.5308862257984267,0.0,0.23344776380782398,0.5778510733830048,-0.012064378536969199,-29.9359037701429,0.3640352680039461,0.4545454545454546,0.7101197430498666,-0.18017815561701084,-0.8153660068041091,0.1286519896772549,0.4632298004055929,0.7370930955836617,0.006887646756477605,-0.07717614396584026,-0.563014336780388,Medical Devices,Healthcare,ARAY
2017Q2,2017,Q2,2017-02-03,2016-12-31,-9369000.0,87502000.0,-4823000.0,-0.11,31387000.0,0.3587003725629129,415163000.0,46653000.0,316723000.0,179813000.0,368510000.0,116902000.0,-440102000.0,378708800.0,479404800.0,0.5666723350500438,1.7614021233170016,0.40988238354573986,3.647525346708679,-0.02330375614061541,0.5666723350500438,-0.20082309819304225,4.32800164567667,-10.105368769345713,8.117565858572867,0.0,0.4800174505141058,0.0,0.2107654102123744,1.0013347199590685,-0.02256703993371278,-55.076905177428735,0.3587003725629129,0.0833333333333333,0.2254264366078716,-0.2939392897214534,-0.8213731847844089,0.0013718734047983665,0.05611525287124723,0.26332671452573697,-0.5745141149041483,-0.14549137973764523,-0.5517919940472247,Medical Devices,Healthcare,ARAY
2017Q1,2017,Q1,2016-11-01,2016-09-30,-9926000.0,86506000.0,-6547000.0,-0.12,31344000.0,0.36233324856079346,422733000.0,53370000.0,318838000.0,172218000.0,369363000.0,117358000.0,-430733000.0,519639120.0,611047120.0,0.6542365401588702,1.8513628076043154,0.4140296593831094,3.279445381300356,-0.02696479597461904,0.6542365401588702,-0.1859846355630504,6.006972001942062,-13.087827926657264,9.73653962900506,0.0,0.4700318683004141,0.0,0.204635076987129,1.0530896886504315,-0.023480542091580264,-67.93556281866911,0.36233324856079346,-0.3333333333333333,0.6775006633743765,-0.25825223080623066,-0.8001729161579942,-0.15967828418230562,-0.3772720965727765,-1.2118243243243243,0.4148366411084245,0.033578016730333456,-0.483748446645389,Medical Devices,Healthcare,ARAY
2016Q4,2016,Q4,2016-08-24,2016-06-30,-7207000.0,94973000.0,-2960000.0,-0.09,37300000.0,0.3927432006991461,469033000.0,59660000.0,361680000.0,210212000.0,409373000.0,115987000.0,-420807000.0,420810390.00000006,511451390.00000006,0.7358074024740692,1.720548779327536,0.44860809367357946,3.5268521622527658,-0.011076849016685451,0.7358074024740692,-0.12080120683875294,4.430842344666379,-14.597280074927156,7.053476198457928,0.0,0.4972367592919896,0.0,0.2024868186247023,1.0647346488307043,-0.015365656574270893,23.651663107014393,0.3927432006991461,-9.999999999999998,0.7499829189580991,0.09410020502372578,-0.7749971253616124,-0.17007831968672124,-10.533068783068783,-1.5439176773245131,0.6472565012951511,0.024676542030291525,-0.48847834715449884,Medical Devices,Healthcare,ARAY
2016Q3,2016,Q3,2016-04-29,2016-03-31,756000.0,105284000.0,5442000.0,0.01,44944000.0,0.42688347707153984,490020000.0,62347000.0,380646000.0,229631000.0,427673000.0,117122000.0,-413600000.0,467370800.0,597888800.0,0.7710487261934207,1.6576420431039363,0.4278866168727807,3.3630006255313005,0.010226130312277181,0.7710487261934207,0.012125683673633054,4.439143649557388,154.553835978836,7.49628370250373,0.0,0.5151892898003791,0.0,0.21485653646789926,1.0413402371631009,0.0015427941716664626,-55.14699705014749,0.42688347707153984,1.125,1.4832720666626864,0.42603418894680245,-0.7421092116775952,0.05574217190105941,1.1254355400696865,44.88709677419355,1.0221777415711588,0.3660786389257072,-0.532386066467842,Medical Devices,Healthcare,ARAY
2016Q2,2016,Q2,2016-02-01,2015-12-31,-6027000.0,108912000.0,-124000.0,-0.08,42571000.0,0.3908752019979433,473325000.0,60869000.0,358340000.0,274198000.0,412456000.0,111513000.0,-414356000.0,542335500.0,660607500.0,0.7575859408060139,1.3068658414722207,0.43674642159192945,3.3961951075259984,-0.0005377096193190761,0.7575859408060139,-0.0990159194335376,4.979575253415602,-22.496080139372822,8.909880234602179,0.0,0.5949171845435062,0.0,0.23009982570115672,0.8089008672565081,-0.012733322769767073,99.63907771449568,0.3908752019979433,0.3333333333333333,-2.0851451258081855,0.48138042045688073,-0.7471087513282649,0.2558558027022243,0.5373099953938277,0.982851611118794,0.8126151897414462,0.26998294059366806,-0.6339827251981791,Medical Devices,Healthcare,ARAY
2016Q1,2016,Q1,2015-11-05,2015-09-30,-13026000.0,89631000.0,-7231000.0,-0.12,33898000.0,0.3781950441253584,461802000.0,64130000.0,350652000.0,263334000.0,397672000.0,113798000.0,-408329000.0,398401200.0,517590200.0,0.804037111334002,1.3315865023126523,0.44342163957713476,3.1930921565569936,-0.02842710171684744,0.804037111334002,-0.20311866521128957,4.444904106838036,-7.6462690004606175,6.212399812880087,0.0,0.48975377423153305,0.0,0.19408967479569167,0.7964524140445214,-0.028206893863603883,37.19204630321135,0.3781950441253584,-0.7142857142857141,-1.0649133337512535,0.7318366116132361,-0.7203885879630593,-0.16201918322950656,-1.3260714285714286,-3.8924221921515563,0.5127285763215881,-0.022272283296207618,-0.6653041471932173,Medical Devices,Healthcare,ARAY
2015Q4,2015,Q4,2015-08-28,2015-06-30,-5600000.0,101750000.0,-1478000.0,-0.07,40452000.0,0.3975626535626536,469971000.0,75780000.0,354329000.0,169915000.0,394191000.0,106151000.0,-395303000.0,533605800.0,656907800.0,0.9571807502841986,2.08533090074449,0.43162876007243,2.6768672472948007,-0.005408780803273951,0.9571807502841986,-0.07389812615465823,5.244283046683047,-23.8216875,7.041512272367379,0.0,0.5774604101704176,0.0,0.21650272038061924,1.3040873377865403,-0.0119156288366729,-61.688531791907515,0.3975626535626536,-0.7500000000000001,-1.8266421493513127,0.22029130210330433,-0.6698245309336822,0.04635281945162959,-0.8874283788338388,-2.2610921501706485,0.7505151278106885,-0.08629260054268212,-0.6502871321913737,Medical Devices,Healthcare,ARAY
2015Q3,2015,Q3,2015-05-07,2015-03-31,-2967000.0,97515000.0,1172000.0,-0.04,38660000.0,0.39645182792390915,463659000.0,76482000.0,347966000.0,165788000.0,387177000.0,109705000.0,-389703000.0,732337800.0,837877800.0,0.9712493332994692,2.098861196226506,0.43348452203019894,2.6279255249601214,0.005123551500154121,0.9712493332994692,-0.03879344159410057,7.510001538224889,-61.70692618806876,9.575296148113283,0.0,0.5364842076477827,0.0,0.21031620220895098,1.2727700436702294,-0.00639909933809114,-533.3851420247632,0.39645182792390915,0.6923076923076923,-1.95938204708274,0.3792781228212767,-0.6525013904169187,0.004442827820935852,0.703062449959968,1.326371484266221,0.8199269688377685,-0.13499495692648644,-0.6729050725726248,Medical Devices,Healthcare,ARAY
2015Q2,2015,Q2,2015-02-06,2014-12-31,-9992000.0,98155000.0,-3591000.0,-0.13,38489000.0,0.3921247007284397,467565000.0,75947000.0,346739000.0,172108000.0,391618000.0,104490000.0,-386736000.0,588326200.0,690205200.0,0.9746291258148966,2.0146593999116833,0.42593436206730617,2.6222497267831515,-0.01430314703191912,0.9746291258148966,-0.1315654337893531,5.993848504915695,-14.719930944755804,7.746536400384478,0.0,0.5710211503493158,0.0,0.2099280313967042,1.242109605596486,-0.021370290761712277,2307.161568627451,0.3921247007284397,0.5357142857142857,-5.259268580898814,0.2614706564161899,-0.6445610108355783,0.3844466026401928,0.5384757505773672,0.7648638030382399,0.12723326676538935,-0.1632170539683103,-0.6927767847616982,Medical Devices,Healthcare,ARAY
2015Q1,2015,Q1,2014-11-07,2014-09-30,-21650000.0,82381000.0,-15272000.0,-0.28,27801000.0,0.3374685910586179,459637000.0,80493000.0,335787000.0,164865000.0,379144000.0,99994000.0,-376744000.0,561125400.0,651201400.0,1.041441324880321,2.0367391502138115,0.4294062488441966,2.452026884325345,-0.05739306060999014,1.041441324880321,-0.2689674878560869,6.811344848933613,-6.479508083140877,6.971108046662442,0.0,0.5458327499649979,0.0,0.17923056672983245,1.2474024201619507,-0.047102387318688446,-32.23006318207926,0.3374685910586179,-1.153846153846154,-3.849236009314933,0.19522723842073125,-0.6184716333373966,-0.27690066845267514,-1.2071566928331126,-2.272337690164988,0.2575767662185738,-0.2544510268522061,-0.6819068178416725,Medical Devices,Healthcare,ARAY
2014Q4,2014,Q4,2014-08-29,2014-06-30,-9809000.0,102000000.0,-4667000.0,-0.13,38447000.0,0.3769313725490196,495188000.0,98548000.0,364470000.0,184569000.0,396640000.0,87752000.0,-355094000.0,676535200.0,779801200.0,1.281858504923321,1.9747086455471938,0.3950257276024459,1.9849413483784553,-0.016669327358934005,1.281858504923321,-0.0995352518569631,6.632698039215686,-17.242715873177698,6.865032268539189,0.0,0.724234205488194,0.0,0.205982374370946,1.3222751382951634,-0.019808638335339305,-241.2750356633381,0.3769313725490196,-1.1666666666666667,-6.921454876623028,0.2796039849827879,-0.5276341997523338,-0.031659278662099534,-1.102679528403001,-8.825263157894737,0.6411183411537565,0.23927727283424866,-0.6080199145623879,Medical Devices,Healthcare,ARAY
2014Q3,2014,Q3,2014-05-07,2014-03-31,-4665000.0,97144000.0,-475000.0,-0.06,39704000.0,0.4087128386724862,491072000.0,95828000.0,359681000.0,178373000.0,395244000.0,95088000.0,-345285000.0,733267200.0,847541200.0,1.2545887774606583,2.0164542840003814,0.41192941157304835,2.110938347873273,-0.001962755142833679,1.2545887774606583,-0.04868097007137789,7.548250020587993,-39.29620578778135,7.651909671494761,0.0,0.6040720174995793,0.0,0.1978202789000391,1.3078548883519368,-0.009499625309526912,66.49140369967355,0.4087128386724862,0.14285714285714296,-3.798783667342402,0.15611139174972719,-0.5251986183614884,0.040161379057399596,0.14262084175702996,0.3365921787709497,-2.1569249480153743,0.3929202574814289,-0.5803807491686224,Medical Devices,Healthcare,ARAY
2014Q2,2014,Q2,2014-02-07,2013-12-31,-5441000.0,93634000.0,-716000.0,-0.07,38171000.0,0.40766174680137557,485203000.0,95177000.0,350361000.0,174173000.0,390026000.0,88153000.0,-340620000.0,654936000.0,785571000.0,1.264306588735388,2.0115689573010744,0.41442859998804626,2.1127163075112683,-0.0029280409118391565,1.264306588735388,-0.057167172741313554,6.99463869961766,-30.092630031244255,6.88124231694632,0.0,0.6291674701938674,0.0,0.19297902115197144,1.340196241667767,-0.011213863063501256,-122.44083006169377,0.40766174680137557,0.6666666666666666,-3.9480381784547567,0.18828428876487166,-0.5118310216525812,0.4416119042223733,0.6497135131655186,0.9417222855282436,-2.045562523954818,0.35928052188591175,-0.5779593380666178,Medical Devices,Healthcare,ARAY
2014Q1,2014,Q1,2013-11-08,2013-09-30,-15533000.0,76641000.0,-12286000.0,-0.21,26478000.0,0.3454808783810232,473161000.0,94666000.0,334244000.0,162807000.0,378495000.0,87989000.0,-335179000.0,551286000.0,688766000.0,1.2672824631860777,2.0530075488154687,0.4225115763978857,2.111803604250734,-0.043932449377039634,1.2672824631860777,-0.16408214142353114,7.193095079657103,-8.872819159209426,5.82348467242727,0.0,0.5701053540783507,0.0,0.1619765787966464,1.3619254700350722,-0.032828149403691345,-38.12489626556017,0.3454808783810232,0.16000000000000003,-2.573021771473016,0.003354503284455629,-0.47439121862086103,-0.029576690489279824,0.17002404488378306,0.03449901768172888,-1.6291214022757694,0.5811547640599172,-0.5592906919517627,Medical Devices,Healthcare,ARAY
2013Q4,2013,Q4,2013-08-29,2013-06-30,-18715000.0,84900000.0,-12725000.0,-0.25,27285000.0,0.32137809187279154,475929000.0,106835000.0,335935000.0,155859000.0,369094000.0,81592000.0,-319646000.0,427795200.0,553250200.0,1.4384677527938603,2.1553776169486523,0.4176421272920961,1.8605138765385876,-0.04581537314764573,1.4384677527938603,-0.17517667431085318,5.038812720848057,-5.714603259417579,4.004260775962933,0.0,0.7061354054319051,0.0,0.17838795282489614,1.4747624455437287,-0.039323092309987415,-55.26355767988632,0.32137809187279154,0.40476190476190477,-73.06667585440698,0.22584427002960616,-0.3990937727310889,0.36064429262454495,0.4002179277633561,0.4917116037547434,-3.9448730056212473,0.08538548429286069,-0.5038066061457384,Medical Devices,Healthcare,ARAY
2013Q3,2013,Q3,2013-05-09,2013-03-31,-31203000.0,70547000.0,-25035000.0,-0.42,20053000.0,0.28425021616794477,497078000.0,122045000.0,353570000.0,163966000.0,375033000.0,92225000.0,-300931000.0,333072000.0,349204000.0,1.6489002377864246,2.1563616847395193,0.39763980703229673,1.6195501659224056,-0.07985016332253962,1.6489002377864246,-0.255667991314679,4.7212780132394006,-2.6685895586962793,2.7290917284608134,0.0,0.5475088099756031,0.0,0.14192340035165507,1.4363831526048083,-0.06277284450327715,-14.77430801987225,0.28425021616794477,-0.049999999999999906,-40.59880037044934,-0.11016379780581838,-0.2870379335686532,-0.24686396755051454,-0.06965822220698639,-0.12436001077876584,-11.734288994851893,0.0616023329926396,-0.4100479451291193,Medical Devices,Healthcare,ARAY
2013Q2,2013,Q2,2013-02-06,2012-12-31,-29171000.0,77779000.0,-22266000.0,-0.4,26626000.0,0.3423289062600445,415635000.0,150827000.0,272003000.0,167982000.0,264808000.0,88830000.0,-269728000.0,468554100.0,455346100.0,2.0698092493481544,1.619238966079699,0.19624189493185126,0.5407851379394936,-0.0983843632824881,2.0698092493481544,-0.1934070159852016,6.024172334434745,-4.015581399334955,3.106566463564216,0.0,0.5758527524484971,0.0,0.1871329411623179,0.9420116441047255,-0.07018417601982509,-14.400654639333682,0.3423289062600445,-0.1764705882352941,-10.35214539939547,0.12272651663970453,-0.19284178250985,0.12459874978881567,-0.20891007045171986,0.3618411624774297,-18.54091732411367,0.06893069573184854,-0.2451580936119055,Medical Devices,Healthcare,ARAY
2013Q1,2013,Q1,2012-11-08,2012-09-30,-24130000.0,82748000.0,-34891000.0,-0.34,23676000.0,0.2861217189539324,438017000.0,172953000.0,285528000.0,170246000.0,268927000.0,81739000.0,-240557000.0,512604400.0,471250400.0,2.4022918258212376,1.677149536552988,0.18379880232958995,0.46548484270293083,-0.1399648323956086,2.4022918258212376,-0.13951767243123855,6.194764828152946,-5.310861997513469,2.9638364179863896,0.0,0.7226905149316728,0.0,0.18891504211023774,1.0542450336571785,-0.055089186036158415,-27.39295676802223,0.2861217189539324,-0.21428571428571425,-8.994320491044647,0.27644706719638773,-0.02598339995202594,-0.35116470265826255,-0.19078168180023689,-1.0949264485139598,-4.802213616957696,0.2888485861444009,-0.11992883837423472,Medical Devices,Healthcare,ARAY
2012Q4,2012,Q4,2012-09-10,2012-06-30,-20264000.0,100533000.0,-16655000.0,-0.28,36490000.0,0.36296539444759435,473170000.0,195625000.0,316258000.0,174174000.0,269303000.0,81693000.0,-216427000.0,487088495.0,423050495.0,2.7370475564199066,1.815758953689988,0.16794386795443497,0.4062159744408946,-0.061808555746488386,2.7370475564199066,-0.10358594249201278,4.8450607760635815,-6.009283643407027,2.4899092396166136,0.0,0.7839472170198181,0.0,0.21246697804171863,1.2136943516253862,-0.04282604560728702,-56.9894109044109,0.36296539444759435,-0.33333333333333354,-31.51224926940065,0.7273007280529383,0.1787743774908561,0.010495416908975104,-0.36173644244338415,-0.1619227012697084,-14.158142352314472,0.35659361533164324,0.008604034172669403,Medical Devices,Healthcare,ARAY
2012Q3,2012,Q3,2012-05-08,2012-03-31,-14881000.0,101816000.0,-14334000.0,-0.21,36111000.0,0.3546692071972971,492729000.0,211178000.0,332278000.0,183076000.0,276028000.0,85122000.0,-196163000.0,502107200.0,429239200.0,2.9693194600674917,1.8149730166706723,0.15923560415563118,0.3715349136747199,-0.05352660156975675,2.9693194600674917,-0.07046662057600697,4.9315156753359,-8.435373966803306,2.3776491869418215,0.0,0.771892107798219,0.0,0.206636914003438,1.2224922982804955,-0.03020118564160015,276.4907488986784,0.3546692071972971,-0.4,-8.86696671275963,0.41926312973599267,-0.08285271533293503,-0.10267624183087742,-0.43265620487147394,-0.9606073040623717,-10.588464779690367,0.30136465605214313,0.12374429573627704,Medical Devices,Healthcare,ARAY
2012Q2,2012,Q2,2012-02-08,2011-12-31,-10387000.0,106423000.0,-7311000.0,-0.15,40243000.0,0.37814194300104303,492036000.0,224281000.0,328152000.0,171371000.0,260580000.0,82881000.0,-181282000.0,299052540.00000006,228053540.00000006,3.1723811140343434,1.9148630748493036,0.1574437642774106,0.34540598624047514,-0.02498077194395107,3.1723811140343434,-0.04631243841431062,2.8100367401783455,-7.197760180995476,1.3333833004133209,0.0,0.7984942266623231,0.0,0.21629108439219893,1.2977399910136487,-0.021110243965888675,28.494763220581234,0.37814194300104303,0.6052631578947368,0.6733729657295537,-0.07390951949590858,1.626193424959298,0.6474128049778942,0.6081855903432667,0.7038522299185807,-6.992623480364576,0.4381187811333121,0.22490704482986518,Medical Devices,Healthcare,ARAY
2012Q1,2012,Q1,2011-11-08,2011-09-30,-26510000.0,100451000.0,-24687000.0,-0.38,24428000.0,0.24318324357149257,500035000.0,230042000.0,331223000.0,172120000.0,261014000.0,83318000.0,-170895000.0,281754630.0,218163630.0,3.2740133498427335,1.9243725307924704,0.15310728249022568,0.33280444440580415,-0.08209098623811384,3.2740133498427335,-0.11523982577094617,2.804896218056565,-2.657059883062995,1.2247964719486006,0.0,0.9124438896757003,0.0,0.20088793784435088,1.2669242389030908,-0.05301628885977982,-5.33504942058623,0.24318324357149257,-0.06885688568856886,-8.986242539466886,0.8080482906098144,2.7513776125073517,-0.24197852665549557,-0.061248999199359486,0.02473037569628254,-5.483118517589402,0.39811024805561035,0.3579057684610252,Medical Devices,Healthcare,ARAY
2011Q4,2011,Q4,2011-09-19,2011-06-30,-24980000.0,75223000.0,-25313000.0,-0.35552,32226000.0,0.4284062055488348,455784000.0,229775000.0,285722000.0,203044000.0,215457000.0,97836000.0,-144385000.0,562806630.0,466900630.0,3.2702133413033887,1.4071925296979966,0.0,0.0,-0.11046862441066733,3.2702133413033887,-0.10871504732890871,7.4818423886311365,-5.632572357886309,2.449381481884452,0.0,0.4394803548795944,0.0,0.1650408965650396,0.776969523847048,-0.05480666280518842,26.135721649484537,0.4284062055488348,-16.776,-0.8822923284849968,1.7151316901348945,2.676259871749662,0.17987771390912752,-20.53448275862069,-47.12357414448669,-102.67725850959518,0.14806108427184247,0.3661005312565298,Medical Devices,Healthcare,ARAY
2011Q3,2011,Q3,2011-05-10,2011-03-31,-1160000.0,54747000.0,-526000.0,-0.02,27313000.0,0.4988949166164356,261729000.0,179270000.0,236517000.0,76805000.0,82459000.0,34408000.0,-119405000.0,540839200.0,483507200.0,2.9898265510340227,3.0794479526072522,0.0,0.0,-0.00675313728250639,2.9898265510340227,-0.006470686673732359,9.878882861161342,-116.5601724137931,3.0168974173035084,0.0,0.7973145780051151,0.0,0.2091743750214917,2.4452314302454266,-0.004432065227773766,-53.45317256374778,0.4988949166164356,-1.2857142857142858,0.9604647860965392,-0.10621710214511705,0.0,-0.07306726396524808,-1.2830649097120546,-1.142740841248304,-2.8172206128286437,-0.14757567708946784,0.2927603909852945,Medical Devices,Healthcare,ARAY
2011Q2,2011,Q2,2011-01-27,2010-12-31,4098000.0,54246000.0,3685000.0,0.07,29466000.0,0.5431921247649596,256420000.0,177591000.0,230964000.0,73894000.0,78829000.0,35646000.0,-118245000.0,400153500.0,350640500.0,2.995698525690766,3.1256123636560478,0.0,0.0,0.019498554058635313,2.995698525690766,0.023075493690558644,7.376645282601483,24.411511713030748,2.2532307380441576,0.0,0.6951691634404983,0.0,0.21155136104828018,2.460226811378461,0.01598159269947742,46.834445224719104,0.5431921247649596,1.8750000000000002,1.1412657354607822,-0.1042677492295712,0.0,0.6157262707682185,1.8831896551724139,1.6012400065263501,0.6149452727541412,-0.037489963148813955,0.1682248897553875,Medical Devices,Healthcare,ARAY
2011Q1,2011,Q1,2010-11-08,2010-09-30,-4640000.0,38068000.0,-6129000.0,-0.08,18237000.0,0.47906378060313126,253582000.0,168700000.0,226818000.0,78089000.0,84882000.0,30014000.0,-122343000.0,364908740.0,322366740.0,2.875551843455435,2.9046088437552022,0.0,0.0,-0.03735314603888838,2.875551843455435,-0.027504445761707172,9.585708206367553,-19.661031249999997,2.163063070539419,0.0,0.6607249950023323,0.0,0.15012106537530268,2.274981111296085,-0.018297828710239685,-31.514702478625097,0.47906378060313126,-1.9302325581395348,0.8774446461190918,1.652020880831783,0.0,-0.4128082941593148,-1.9243027888446216,-2.0221814543028684,-2.8864733271571192,-0.2793675407170044,0.16590132793989965,Medical Devices,Healthcare,ARAY
2010Q4,2010,Q4,2010-09-01,2010-06-30,5020000.0,61788000.0,5996000.0,0.086,31058000.0,0.5026542370686865,263184000.0,170076000.0,238723000.0,86675000.0,93108000.0,28186000.0,-117676000.0,388962210.0,343528210.0,2.899006255646275,2.754231323911162,0.0,0.0,0.033310602825817,2.899006255646275,0.029516216279780804,6.2951092445134975,19.370627988047808,2.286990580681578,0.0,1.0902575746824665,0.0,0.234771110705818,2.1144505336025383,0.01907410784850143,74.8724177093359,0.5026542370686865,1.1499999999999997,1.214985947703711,1.9786654342980716,1.8165131732995035,0.2239123581336696,1.2095070422535212,1.1732511779630301,8.208754495713093,0.29333664313570174,0.24852572850848595,Medical Devices,Healthcare,ARAY
2010Q3,2010,Q3,2010-05-06,2010-03-31,2272000.0,51940000.0,2759000.0,0.04,25376000.0,0.48856372737774356,257975000.0,161692000.0,228523000.0,90756000.0,96283000.0,28231000.0,-122696000.0,351155570.0,315119570.0,2.7949732934607874,2.51799330071841,0.0,0.0,0.015311149366382571,2.7949732934607874,0.014051406377557332,6.760792645360031,38.63947733274648,2.1717559928753434,0.0,0.9409514363642804,0.0,0.20133733888942726,1.9366102516638017,0.008807054947184804,-58.731488543234654,0.48856372737774356,3.0,1.089080613518412,1.2923875914211507,0.0,-0.022646741642273916,2.931972789115646,2.200609225413403,2.8519990130586956,-0.10991862746378799,-0.13670381335248463,Medical Devices,Healthcare,ARAY
2010Q2,2010,Q2,2010-02-04,2009-12-31,-1176000.0,57321000.0,-2298000.0,-0.02,25964000.0,0.4529579037351058,260517000.0,157407000.0,224310000.0,96195000.0,103110000.0,25292000.0,-124969000.0,322042050.0,282579050.0,2.7420433760125427,2.33182597848121,0.0,0.0,-0.009171227357203838,2.7420433760125427,-0.007471078160437592,5.618221070811744,-68.46132015306122,2.045919495321047,0.0,1.239799145975012,0.0,0.22002786766314675,1.8027028431831176,-0.004514100807240986,-170.39261904761904,0.4529579037351058,0.6666666666666666,0.9535331381437251,1.549535192947687,0.0,0.20098061890004162,0.6410256410256411,0.36554389839867474,0.9544564662784623,-0.38568787420732026,1.5412494499529612,Medical Devices,Healthcare,ARAY
2010Q1,2010,Q1,2009-11-06,2009-09-30,-3276000.0,50575000.0,-3622000.0,-0.06,21619000.0,0.4274641621354424,257629000.0,154807000.0,185867000.0,96417000.0,102822000.0,25679000.0,-123793000.0,368634500.0,335294500.0,2.729656339816268,1.927740958544655,0.0,0.0,-0.024433586836092896,2.729656339816268,-0.02116183376720691,7.2888680177953535,-28.131448412698415,2.3812521397611217,0.0,1.1276140036605786,0.0,0.19630942168777582,1.3755665494674176,-0.012715959771609563,-48.96194713773409,0.4274641621354424,-3.727272727272727,0.8689771581855523,1.2769329631995803,0.0,-0.20195644149132522,-3.6808510638297873,-12.144615384615385,-2.2227022979546476,0.12780942663830636,2.460183112455119,Medical Devices,Healthcare,ARAY
2009Q4,2009,Q4,2009-06-30,2009-06-30,1222000.0,58803000.0,325000.0,0.022,27090000.0,0.4606907810825978,274386000.0,153902000.0,192502000.0,112419000.0,120484000.0,28909000.0,-120517000.0,376574320.0,339739320.0,2.7136987992171107,1.7123617893772405,0.0,0.0,0.002657608923388204,2.7136987992171107,0.007940117737261373,6.403998435453974,77.04057283142389,2.4468448753102625,0.0,1.096994015704452,0.0,0.21430758129059063,1.2266253925048256,0.004453579993148339,-4049.1862365591396,0.4606907810825978,0.09999999999999991,1.0541363313897862,1.9324345702128098,1.7643208129034733,-0.10776628680587577,0.004934210526315789,-0.622969837587007,1.1140801048652926,1.629564330703047,2.3909992793711354,Medical Devices,Healthcare,ARAY
2009Q3,2009,Q3,2009-03-31,2009-03-31,1216000.0,61301000.0,862000.0,0.02,30362000.0,0.4952937146212949,272175000.0,147242000.0,187591000.0,114575000.0,124933000.0,28562000.0,-121739000.0,280291720.0,246384720.0,2.6423444117435935,1.6372768928649357,0.0,0.0,0.004953958507251357,2.6423444117435935,0.008258513195963109,4.572384137289767,57.62576480263158,1.9036125561999973,0.0,1.0832224634129262,0.0,0.22522641682740885,1.1462971852498363,0.004467713787085515,145.5304880581516,0.4952937146212949,0.0,1.0494967899539174,1.8088092701997975,0.0,0.032405046074330986,-0.09925925925925926,0.3617693522906793,1.0445942659139045,0.0768584351792544,0.0,Medical Devices,Healthcare,ARAY
2009Q2,2009,Q2,2008-12-31,2008-12-31,1350000.0,57637000.0,633000.0,0.02,29409000.0,0.5102451550219477,285551000.0,142610000.0,206003000.0,112903000.0,142941000.0,24080000.0,-122955000.0,284130240.0,254757240.0,2.5898953944500946,1.8246016492032984,0.0,0.0,0.004339041661553126,2.5898953944500946,0.00946637683191922,4.9296500511824,52.616711111111115,1.9923584601360351,0.0,1.1722591362126247,0.0,0.20184485433425203,1.3334455240339051,0.004727701881625349,-22.60024180719058,0.5102451550219477,1.3333333333333335,1.0556098539967387,1.672579207860106,0.0,0.03447184213303317,1.4246618433469644,1.1493629070316187,1.0501018473899577,0.02462972270955467,0.0,Medical Devices,Healthcare,ARAY
2009Q1,2009,Q1,2008-09-30,2008-09-30,-3179000.0,55857000.0,-4238000.0,-0.06,28429000.0,0.5089603809728414,281299000.0,131705000.0,206886000.0,120345000.0,149594000.0,26610000.0,-124305000.0,440823750.0,413627750.0,2.411075514874142,1.7191075657484731,0.0,0.0,-0.03273400888348962,2.411075514874142,-0.02413727648912342,7.89200547827488,-34.66685671594841,3.347054022246688,0.0,1.030740323186772,0.0,0.19856807169595342,1.193535252814824,-0.011301142201003204,-286.43518518518516,0.5089603809728414,-18.142857142857142,0.8679966901532058,1.6108572718890541,0.0,0.05699732302201071,-17.643979057591622,-6.3068965517241375,0.9098206155852946,3.1792361885924025,0.0,Medical Devices,Healthcare,ARAY
2008Q4,2008,Q4,2008-06-30,2008-06-30,191000.0,50939000.0,-580000.0,0.0035,26896000.0,0.528004083315338,295004000.0,130763000.0,222365000.0,134621000.0,164241000.0,23047000.0,-121126000.0,398216250.0,361280250.0,2.3938306636155606,1.6517853826668945,0.0,0.0,-0.0018826256492874725,2.3938306636155606,0.0014606578313437286,7.81751212234241,521.2254581151833,3.04532818916666,0.0,1.0432160367943768,0.0,0.17267223495274642,1.1617058259855446,0.0006474488481512115,-590.825296735905,0.528004083315338,-0.65,1.008785007862158,1.6373661842657505,1.6742290630396244,0.023323060533424648,-0.672945205479452,0.46494464944649444,1.008785007862158,1.6373661842657505,1.6742290630396244,Medical Devices,Healthcare,ARAY
2008Q3,2008,Q3,2008-03-31,2008-03-31,584000.0,58758000.0,-1084000.0,0.01,26283000.0,0.44730930256305523,293862000.0,126868000.0,229696000.0,132189000.0,166994000.0,17836000.0,-121317000.0,428425360.0,365378360.0,2.31274609887706,1.7376332372587735,0.0,0.0,-0.019118311281874172,2.31274609887706,0.0046032096352114004,7.291353688008441,183.40126712328765,3.3769379197275904,0.0,1.8207557748374075,0.0,0.1999509974069461,1.3083690776085757,0.00198732738496301,-126.97847065797274,0.44730930256305523,-0.75,1.0241476267058565,1.73488986981562,0.0,-0.05667216998061876,-0.7507469056764832,-2.8341793570219966,1.0241476267058565,1.73488986981562,0.0,Medical Devices,Healthcare,ARAY
2008Q2,2008,Q2,2007-12-31,2007-12-31,2343000.0,52038000.0,591000.0,0.04,27862000.0,0.5354164264575887,310492000.0,140363000.0,253637000.0,119947000.0,170129000.0,15432000.0,-121901000.0,833097140.0,645615140.0,2.5643166413943037,2.1145756042251995,0.0,0.0,0.003538460550907505,2.5643166413943037,0.01669243319108312,16.00939966947231,88.89214041826718,5.935304460577218,0.0,1.5666148263348885,0.0,0.16759852105690323,1.6894128239972654,0.007546088143977944,-165.55984499205087,0.5354164264575887,0.0,1.0970905676790668,1.4273733515683724,0.0,0.07529620624445216,0.03443708609271523,3.2517985611510793,1.0970905676790668,1.4273733515683724,0.0,Medical Devices,Healthcare,ARAY
2008Q1,2008,Q1,2007-09-30,2007-09-30,2265000.0,48646000.0,139000.0,0.04,25911000.0,0.5326439995066398,320292000.0,133246000.0,255752000.0,106670000.0,187046000.0,17099000.0,-124244000.0,961645000.0,769534000.0,2.466376677464137,2.3976000749976563,0.0,0.0,0.0008588913633740897,2.466376677464137,0.016998634105338997,19.768223492167905,106.14183222958057,7.217064677363673,0.0,1.3296099187086965,0.0,0.15188015935458893,1.9432736476985095,0.007071672099209472,-68.98952579094626,0.5326439995066398,3.8780487804878048,1.0950953264583143,1.29905485764562,0.0,0.03993417884090544,3.5119521912350598,1.331742243436754,1.0950953264583143,1.29905485764562,0.0,Medical Devices,Healthcare,ARAY
2007Q4,2007,Q4,2007-09-04,2007-06-30,502000.0,43994000.0,-419000.0,0.0082,24916000.0,0.5663499568122926,332109000.0,125443000.0,270565000.0,122043000.0,206666000.0,16984000.0,-126257000.0,1198274500.0,993444500.0,2.321943544655252,2.2169645125078867,0.0,0.0,-0.000952164427621717,2.321943544655252,0.00400181755857242,27.237225530754195,596.7502490039841,9.552342498186428,0.0,1.1232925105982101,0.0,0.13246855700989735,1.7611415648582875,0.0015115519302397707,114.175750357313,0.5663499568122926,1.4100000000000001,1.0233458224783594,1.3030859367567913,1.6539818560847175,0.17984657638033905,1.6394904458598727,0.7623369256948384,1.0233458224783594,1.3030859367567913,1.6539818560847175,Medical Devices,Healthcare,ARAY
2007Q3,2007,Q3,2007-05-14,2007-03-31,-785000.0,37340000.0,-1763000.0,-0.02,21118000.0,0.5655597214783075,321042000.0,119848000.0,254403000.0,89835000.0,201194000.0,14694000.0,-126759000.0,823280320.0,629926320.0,3.23756010589443,2.8318918016363335,0.0,0.0,-0.015971763865395935,3.23756010589443,-0.006549963286829985,22.04821424745581,-262.1911847133758,6.869370536012282,0.0,1.1039880223220362,0.0,0.11630876956909064,2.322468970891078,-0.0024451629381825432,138.80969819591974,0.5655597214783075,0.9555555555555555,0.9519002910421159,1.5754809191087606,0.0,0.43640321044755814,0.8923330133040736,0.7594815825375171,0.9519002910421159,1.5754809191087606,0.0,Medical Devices,Healthcare,ARAY
2007Q2,2007,Q2,2006-12-31,2006-12-31,-7291000.0,26347000.0,-7330000.0,-0.45,14702000.0,0.5580141951645349,143723000.0,-82117000.0,66208000.0,71682000.0,225840000.0,14940000.0,-125974000.0,,,,,,,,,,,,,,,,,,,,,,,,,,,,,,,Medical Devices,Healthcare,ARAY
2007Q1,2007,Q1,2006-09-30,2006-09-30,1958000.0,32771000.0,972000.0,0.04,19303000.0,0.5890268835250679,143522000.0,-77477000.0,66704000.0,63724000.0,220999000.0,13959000.0,-118683000.0,,,,,,,,,,,,,,,,,,,,,,,,,,,,,,,Medical Devices,Healthcare,ARAY
