Quarters,Year,Quarter,FillingDate,Date,NetIncome,Revenue,OperatingIncome,EPSDiluted,GrossProfit,GrossProfitRatio,TotalAssets,CommonStockEquity,CurrentAssets,CurrentLiability,TotalLiability,Inventory,RetainedEarnings,MarketCap,EnterpriseValue,bookValuePerShare,currentRatio,debtToAssets,debtToEquity,roic,shareholdersEquityPerShare,roe,priceToSalesRatio,peRatio,pbRatio,payoutRatio,inventoryTurnover,dividendYield,assetTurnover,quickRatio,returnOnAssets,priceToFreeCashFlowsRatio,grossProfitMargin,epsdilutedGrowth,fiveYNetIncomeGrowthPerShare,fiveYRevenueGrowthPerShare,fiveYShareholdersEquityGrowthPerShare,grossProfitGrowth,netIncomeGrowth,operatingIncomeGrowth,threeYNetIncomeGrowthPerShare,threeYRevenueGrowthPerShare,threeYShareholdersEquityGrowthPerShare,Industry,Sector,Symbol
2023Q1,2023,Q1,2023-05-05,2023-03-31,-24418000.0,2522849000.0,24094000.0,-0.32,497307000.0,0.1971211912,5310203000.0,924400000.0,2268327000.0,1630630000.0,4385803000.0,1288288000.0,385590000.0,1093825350.0,3597714350.0,12.2963140322173,1.3910740020728185,0.4841112477244279,2.7809703591518824,0.004703096127486742,12.2963140322173,-0.02641497187364777,0.43356750641833897,-11.198965414857893,1.1832814257897015,0.0,1.572274211977446,0.0,0.47509464327446616,0.5057198751402832,-0.004598317616106202,10.231463969020092,0.19712119116126253,0.5844155844155844,-3.389686952296037,-0.15177241592217913,-0.27629342479175045,0.22152436628021221,0.5789346622751806,1.4888410972244766,-0.7373606530669333,-0.04240069405424069,0.7889311983182752,Medical Distribution,Healthcare,OMI
2022Q4,2022,Q4,2023-02-28,2022-12-31,-57991000.0,2551107000.0,-49288000.0,-0.77,407120000.0,0.159585623,5386283000.0,945604000.0,2295185000.0,1566466000.0,4440679000.0,1333585000.0,410008000.0,1464574230.0,4093544230.0,12.609566481311091,1.4651993723451386,0.5009831455198325,2.8536649591160783,-0.007760735878326312,12.609566481311091,-0.06132694024136954,0.574093611126464,-6.313799684433792,1.548824063772996,0.0,1.6076867991166668,0.0,0.4736303309722122,0.5317472578402596,-0.010766422781721643,41.22425845131872,0.15958562302561202,-5.8125,-3.0165410842329154,-0.146352444749641,-0.25534344647427976,-0.20682513798538416,-5.640393694486677,-1.818098826497585,-0.1907444005735736,0.09526172366964007,0.6394613715969587,Medical Distribution,Healthcare,OMI
2022Q3,2022,Q3,2022-11-02,2022-09-30,12497000.0,2497401000.0,60247000.0,0.16,513279000.0,0.2055252641,5538582000.0,966837000.0,2441917000.0,1602374000.0,4571745000.0,1508443000.0,467999000.0,1805210500.0,4490521500.0,12.907509512048595,1.5239369835007308,0.49869822275809944,2.8568217807138123,0.00974239264387611,12.907509512048595,0.012925653445203276,0.7228356599520862,36.112877090501726,1.8671301367241842,0.0,1.3153443650174386,0.0,0.45090981771146477,0.5171951117529365,0.0022563537020847575,94.65239618288591,0.20552526406452148,-0.5675675675675675,-0.08149322505836679,-0.14504988231878047,-0.23041058954257462,-0.03610482530680463,-0.56310306250874,-0.19761603516015183,7.182422244647141,-0.1657187353599021,0.577188060544696,Medical Distribution,Healthcare,OMI
2022Q2,2022,Q2,2022-08-03,2022-06-30,28604000.0,2500015000.0,75085000.0,0.37,532505000.0,0.213000722,5555278000.0,958659000.0,2434202000.0,1569364000.0,4596619000.0,1525331000.0,455502000.0,2349629500.0,5079340500.0,12.831736046044707,1.5510754675142286,0.5015261162447676,2.9062648971114857,0.01408195460650129,12.831736046044707,0.029837512608758693,0.9398461609230344,20.535847259124598,2.4509544061026913,0.0,1.2898905221227392,0.0,0.4500251832581556,0.5099256768984124,0.005148977242903055,66.96581354917775,0.21300072199566802,-0.2884615384615385,0.1379560286567838,-0.11594298542975219,-0.22688341857363567,0.4259147190505773,-0.2717737213269177,-0.199725017053206,3.185697411434178,-0.1944086111576253,0.54437599085875,Medical Distribution,Healthcare,OMI
2022Q1,2022,Q1,2022-05-04,2022-03-31,39279000.0,2406952000.0,93824000.0,0.52,373448000.0,0.1551539042,5707969000.0,947622000.0,2553349000.0,1654295000.0,4760347000.0,1447383000.0,426898000.0,3241764860.0,5887392860.0,12.86778105183113,1.5434665522171076,0.5005153321610541,3.014837139703384,0.018968064489133993,12.86778105183113,0.04145007186409771,1.3468340290957195,20.632939102319305,3.420947234234748,0.0,1.4049522482991716,0.0,0.42168273864136263,0.5966753209070934,0.006881431906865647,47.16117518694172,0.15515390419086048,-0.05454545454545459,0.7039744889876924,-0.15765221666822232,-0.20384703212251512,0.09332466749226369,-0.06422870756402621,0.5325209891868936,3.284532792901571,-0.19828461927999336,0.548116325724697,Medical Distribution,Healthcare,OMI
2021Q4,2021,Q4,2022-02-23,2021-12-31,41975000.0,2467146000.0,61222000.0,0.55,341571000.0,0.1384478259,3536551000.0,938501000.0,2321812000.0,1344021000.0,2598050000.0,1495972000.0,387619000.0,3187941000.0,4338345000.0,12.806006604262752,1.7275116981059075,0.34104301054897834,1.2851515342018816,0.022317090763164037,12.806006604262752,0.04472557834248445,1.2921574158967488,18.98714115544967,3.3968434769915,0.004359737939249553,1.4208654974825732,5.740382271817452e-05,0.6976135788795355,0.5485598811328097,0.011868908436496461,95.80301117922828,0.13844782594949792,-0.05172413793103434,0.27333358846606354,-0.14345996170521502,-0.1962014503943915,0.038718035269539194,-0.04881143918964853,-0.11599162515341853,1.131198305104087,-0.20604894062740148,0.48148011566716176,Medical Distribution,Healthcare,OMI
2021Q3,2021,Q3,2021-11-03,2021-09-30,44129000.0,2502175000.0,69255000.0,0.58,328839000.0,0.13142126350075434,3584119000.0,887005000.0,2398225000.0,1425018000.0,2697114000.0,1514387000.0,345832000.0,2290897350.0,3364632350.0,12.115072048077579,1.6829436540450717,0.310674394460675,1.2553412889442563,0.0280867398930988,12.115072048077579,0.049750565103917115,0.9155624007113811,12.978411872011602,2.5827332991358563,0.004169593691223459,1.4351258958245152,8.031787194655405e-05,0.6981283266543327,0.561047649924422,0.012312370208690058,48.24363707197911,0.13142126350075434,-0.33333333333333337,0.23280055968181856,-0.13676502343651514,-0.25082207658036737,-0.17804223282042053,-0.33032354012383147,-0.2851760868667685,64.75727721542626,-0.1713396635456876,-0.08624745426260726,Medical Distribution,Healthcare,OMI
2021Q2,2021,Q2,2021-08-03,2021-06-30,65896000.0,2489460000.0,96884000.0,0.87,400068000.0,0.1607047311465137,3591829000.0,848019000.0,2402073000.0,1435177000.0,2743810000.0,1530367000.0,301886000.0,3082385940.0,4192945940.0,11.6457331978357,1.6737120229769569,0.321837147592494,1.3631581367870296,0.035184794386850404,11.6457331978357,0.07770580611991004,1.238174519775373,11.694131434381449,3.634807639923162,0.0027771033143134637,1.3652881955766165,5.9369593413081816e-05,0.6930897879603957,0.5462719929318822,0.018346084961171592,-122.92665762711864,0.1607047311465137,-0.11224489795918366,1.008070669320179,-0.15343423003599824,-0.2811020377123577,-0.09640407362151639,-0.05306873212720401,-0.3395413519482998,1.295826224788756,-0.1690506398181762,-0.13260331663273986,Medical Distribution,Healthcare,OMI
2021Q1,2021,Q1,2021-05-05,2021-03-31,69589000.0,2326534000.0,146692000.0,0.98,442751000.0,0.19030497727520854,3390821000.0,786261000.0,2206736000.0,1337297000.0,2604560000.0,1322897000.0,236177000.0,2662650060.0000005,3720102060.0000005,11.100050823051077,1.650146526912122,0.32791674936541915,1.4141703581889475,0.05468262345979684,11.100050823051077,0.08850623393504192,1.1444707277005195,9.565628403914413,3.386470981010123,0.002600985787983733,1.4239831218908199,6.797738941331254e-05,0.6861270471074704,0.5912157134877294,0.020522758352623155,141.63032234042555,0.19030497727520854,0.36111111111111116,1.511357459150211,-0.17485003165127366,-0.31852480386123955,0.11096306667770726,0.371428008355997,0.5342265173145911,6.227943388002562,-0.16981714241477694,-0.34670017822086757,Medical Distribution,Healthcare,OMI
2020Q4,2020,Q4,2021-02-24,2020-12-31,50742000.0,2361837000.0,95613000.0,0.72,398529000.0,0.16873687726968456,3335639000.0,712054000.0,2135865000.0,1345727000.0,2623585000.0,1233751000.0,167022000.0,1892093400.0,2914985400.0,10.179762108995254,1.5871458326986083,0.3315556629479389,1.5531827642285556,0.036433943908130165,10.179762108995254,0.07126144927210577,0.8011109149361281,9.322126640652714,2.6572330188440763,0.0035670647589767846,1.5913324487680254,9.566123955614452e-05,0.7080613339752893,0.5824732653799768,0.015212077805781741,49.51309467734338,0.16873687726968456,-0.05263157894736847,0.3973930531868099,-0.1616528569838805,-0.36649161765205596,0.15737398319679152,0.10114797855949306,0.26550898045080934,0.8916809977519278,-0.15270685668055778,-0.3988352748660126,Medical Distribution,Healthcare,OMI
2020Q3,2020,Q3,2020-11-03,2020-09-30,46081000.0,2187928000.0,75553000.0,0.76,344339000.0,0.15738132150600934,3297115000.0,451335000.0,2097533000.0,1430005000.0,2845780000.0,1095410000.0,116465000.0,1526336460.0,2668750460.0,7.424982726285658,1.4668011650308914,0.3699203697778209,2.702360774147806,0.03634450415660882,7.424982726285658,0.1020993275504891,0.6976173164747652,8.280725570191619,3.381826049386819,0.0033853432000173606,1.6830127532156909,0.0001022055124071399,0.6635886221742341,0.5357603644742501,0.013976157944142076,14.74706969014792,0.15738132150600934,1.835164835164835,0.6680792135517621,-0.09714744873970764,-0.5331775557835777,0.27813679674247516,1.8283926870045122,2.403901603892593,3.1735510678325998,-0.07701899362414995,-0.5572973954700708,Medical Distribution,Healthcare,OMI
2020Q2,2020,Q2,2020-08-05,2020-06-30,-55627000.0,1807719000.0,22196000.0,-0.91,269407000.0,0.1490314589822865,3137786000.0,395162000.0,1951028000.0,1196234000.0,2742624000.0,1040861000.0,70540000.0,465795360.0,1752173360.0,6.464500719801073,1.6309752105357314,0.4422398468219311,3.5116078975205105,0.00036558610999436696,6.464500719801073,-0.1407701145353045,0.2576702241886045,-2.093387024286767,1.178745324702274,-0.002804393549894835,1.4779226044591929,0.000334911021870205,0.5761129025370118,0.6143639120774029,-0.017728105103407308,9.21017439791197,0.1490314589822865,-3.789473684210526,-3.337413908214334,-0.24027129155954052,-0.588323706344885,0.00315759293116224,-3.9123101377605085,1.0635924135366308,-3.7047236601446776,-0.21871923458898854,-0.6105115723089225,Medical Distribution,Healthcare,OMI
2020Q1,2020,Q1,2020-05-06,2020-03-31,-11324000.0,2122693000.0,10756000.0,-0.19,268559000.0,0.12651805984190836,3714870000.0,416338000.0,2519811000.0,1549674000.0,3298532000.0,1108844000.0,126323000.0,554224650.0,2055630650.0,6.87355335061333,1.6260265062200179,0.3995671450144958,3.5652282520452134,0.002734788406034931,6.87355335061333,-0.027199054614279745,0.2610950570807931,-12.23562014305899,1.3311892020425713,-0.013687742847050512,1.6721324189877025,0.00027966998580810146,0.5714043829259167,0.4903753950830949,-0.003048289711349253,6.316598283584641,0.12651805984190836,0.7076923076923077,-1.614599439334261,-0.08747602019537339,-0.5580017971970835,5.859394156109522,0.7098121620582734,-0.36733133345097346,-1.5972680107872534,-0.0968124885875737,-0.574720779137263,Medical Distribution,Healthcare,OMI
2019Q4,2019,Q4,2020-03-04,2019-12-31,-39023000.0,1866334000.0,17001000.0,-0.65,39152000.0,0.020978024297901663,3643084000.0,462154000.0,2407283000.0,1416159000.0,3180930000.0,1146192000.0,137774000.0,310654960.0,1869119960.0,7.691286113699907,1.699867740839835,0.4140489211887511,3.2638795726099956,-0.0026668316785660342,7.691286113699907,-0.08443722222462642,0.166451964117891,-1.9902042385259975,0.6721892702432523,-0.003946390590164775,1.5941325711573628,0.0004957268346850152,0.5122950774673326,0.5237660460442648,-0.010711529023212202,24.074314941103534,0.020978024297901663,-33.5,-3.8876851295633634,-0.2247764080496256,-0.517232728993702,-0.8919906093184031,-32.88153594771242,-0.3283953543493719,-2.443794601466395,-0.20973007418249626,-0.5172386822964895,Medical Distribution,Healthcare,OMI
2019Q3,2019,Q3,2019-11-06,2019-09-30,1224000.0,2399017000.0,25314000.0,0.02,362487000.0,0.1510981372787271,3688419000.0,491278000.0,2251260000.0,1295789000.0,3197141000.0,1153079000.0,176914000.0,348774300.0,2004820300.0,8.183874729302016,1.7373661915635956,0.42131628754759154,3.1631601659345625,-0.03145069466887161,8.183874729302016,0.00249146104649506,0.14538217111425222,71.23658088235294,0.709932665415508,0.12581699346405228,1.7661669321876472,0.0004415462951255296,0.650418783766161,0.6470752568512311,0.0003318494997450127,3.5782733148661126,0.1510981372787271,1.1111111111111112,-0.8228181506730912,0.04132765694335684,-0.49496745358487454,-0.016122596878078967,1.1168384879725086,0.5680128840436075,-0.9582955999456609,0.009430440013273547,-0.4939214351434428,Medical Distribution,Healthcare,OMI
2019Q2,2019,Q2,2019-08-07,2019-06-30,-10476000.0,2484200000.0,16144000.0,-0.18,368427000.0,0.14830810723774254,3896071000.0,496901000.0,2474629000.0,1470398000.0,3399170000.0,1237713000.0,175865000.0,190179900.0,1885317900.0,8.308686564668506,1.6829654284078188,0.4170078009358659,3.2696492862763407,0.006419456963267614,8.308686564668506,-0.021082670391083937,0.07655579260929071,-4.538466494845362,0.3827319727672112,-0.014700267277586864,1.7094213278845742,0.0008097596013038181,0.6376167169438134,0.6356659897524344,-0.0026888627029640886,2.417561589504996,0.14830810723774254,0.21739130434782614,-1.5491534648000447,0.12248675429526092,-0.4980317063646851,0.027908287391469323,0.2568104426787741,0.0988292948543425,-1.3887019159504643,0.028592518089025208,-0.48709988979165614,Medical Distribution,Healthcare,OMI
2019Q1,2019,Q1,2019-05-07,2019-03-31,-14096000.0,2461388000.0,14692000.0,-0.23,358424000.0,0.1456186509400387,3882364000.0,501839000.0,2465246000.0,1409676000.0,3380525000.0,1210558000.0,186455000.0,251164160.0,2016763160.0,8.311895455147742,1.7488032711062684,0.43404868786131334,3.357919571814865,0.00613522586456812,8.311895455147742,-0.028088689798919573,0.10204167729752481,-4.4545289443813845,0.5004875268761495,-0.3379682179341657,1.7371856614883385,0.018967674368827146,0.6339920728710652,0.6516554158544233,-0.0036307775365730776,-3.340704148544219,0.1456186509400387,0.9473684210526315,-1.5707722443766756,0.1256916125878257,-0.4982114648626697,-0.017235611855995175,0.9461616906206912,1.0552958622195123,-1.5968171010593128,0.024191088560552118,-0.489700481927639,Medical Distribution,Healthcare,OMI
2018Q4,2018,Q4,2019-03-06,2018-12-31,-261821000.0,2542981000.0,-265698000.0,-4.37,364710000.0,0.14341829529988623,3773788000.0,518419000.0,2538578000.0,1472011000.0,3255369000.0,1290103000.0,200670000.0,379635420.0,1926850420.0,8.644062427051722,1.7245645582811542,0.43738069017125497,3.1838763625561564,-0.11056895112914825,8.644062427051722,-0.5050374311126714,0.14928755661170887,-0.362495197100309,0.7322945725368862,-0.061297604088289326,1.6884473565288973,0.042274769830486315,0.6738536981939632,0.6296046700737971,-0.0693788310313139,-15.005352569169961,0.14341829529988623,-436.0,-10.7567267314709,0.19026891329279466,-0.47281934859732044,0.03442114279555498,-462.4,-13.44079224610198,-9.409453282917541,0.05275998242417645,-0.46206149550024495,Medical Distribution,Healthcare,OMI
2018Q3,2018,Q3,2018-11-05,2018-09-30,-565000.0,2464877000.0,21357000.0,-0.01,352574000.0,0.14303918613383143,4032281000.0,792413000.0,2492908000.0,1456745000.0,3239868000.0,1203838000.0,467126000.0,971795160.0000001,2487360160.0,13.258591841515242,1.7112864640002197,0.4068305259479684,2.07020202848767,0.0020088571700716644,13.258591841515242,-0.0007130120278188268,0.39425706029144664,-429.99785840707966,1.2263745799223387,-0.23539823008849559,1.7546405745623581,0.00013686011772275135,0.6112860190051239,0.6830824886991202,-0.00014011920300197332,16.469708668756887,0.14303918613383143,0.9967426710097721,-1.0211597635737066,0.12035256473888854,-0.17423159577984093,0.08486310516501844,0.9969088014356292,1.1241317981296244,-1.020801401587714,0.03449508363482468,-0.16640772396512937,Medical Distribution,Healthcare,OMI
2018Q2,2018,Q2,2018-08-08,2018-06-30,-182777000.0,2458271000.0,-172051000.0,-3.07,324994000.0,0.13220430131584354,4043131000.0,802208000.0,2515182000.0,1420761000.0,3240923000.0,1220115000.0,483846000.0,998422500.0,2549712500.0,13.426075313807532,1.770306195060253,0.4129171179464628,2.081103653915194,-0.0667440301028303,13.426075313807532,-0.22784240496230404,0.4061482643695508,-1.3656292914316353,1.2445930481870038,-0.08868730748398321,1.7484228945632174,0.016235611677421134,0.6080117117154997,0.6861541103676129,-0.04520679641594596,82.60983782889294,0.13220430131584354,-24.615384615384613,-7.643895456036803,0.1381940693038786,-0.14846104121213916,0.0009455259988850801,-23.423874371242793,-8.104554651690961,-8.857308532932736,0.05696267207651859,-0.14499244982792672,Medical Distribution,Healthcare,OMI
2018Q1,2018,Q1,2018-05-10,2018-03-31,8151000.0,2372579000.0,24217000.0,0.13,324687000.0,0.13684981617050476,3391554000.0,1018918000.0,2187773000.0,1325980000.0,2372636000.0,1021711000.0,682798000.0,932517950.0,1741956950.0,16.99074521836282,1.6499291090363355,0.2645014645203939,0.880415303292316,0.007377825572629622,16.99074521836282,0.007999662386963426,0.3930397891914242,28.60133572567783,0.9152041184864729,1.972027972027972,2.004375014069536,0.017237201707484558,0.6995551301851599,0.6529412208328934,0.002403323078447225,226.72451981522002,0.13684981617050476,-0.6610005652911249,-0.6735216808654839,0.08981965076243727,0.09082039030694802,0.030059134804512517,-0.6455624646693047,3.760401231049812,-0.553171229281556,0.030186174232695737,0.09257591637497148,Medical Distribution,Healthcare,OMI
2017Q4,2017,Q4,2018-02-23,2017-12-31,22997000.0,2389834000.0,-8773000.0,0.3834814654238023,315212000.0,0.1318970271575348,3376293000.0,1015479000.0,2181905000.0,1309733000.0,2360814000.0,990193000.0,690674000.0,1132214720.0,1928436720.0,16.933398922776767,1.6659158775109126,0.26678490285055234,0.8870139116613933,0.005744578781979848,16.933398922776767,0.022646455515082046,0.4737629140768773,12.308287167891464,1.1149563112580367,0.6885680740966214,2.095169325575923,0.013985863034884407,0.7078277862732885,0.6592626130669381,0.006811316434918415,29.653878106911815,0.1318970271575348,1.1304525856877905,-0.036090044536352915,0.07423374900688487,0.09121303069464759,0.04394883785627703,1.1154447612915095,-1.295675912507162,0.7051449759850243,-0.005359152818144622,0.06287695789246628,Medical Distribution,Healthcare,OMI
2017Q3,2017,Q3,2017-11-02,2017-09-30,10871000.0,2333961000.0,29671000.0,0.18,301942000.0,0.12936891404783543,3334156000.0,1003784000.0,2131921000.0,1204291000.0,2330372000.0,989251000.0,683444000.0,1747590800.0,2566431800.0,16.77194272251834,1.7702706405677697,0.2751089031227093,0.9137981876579025,0.008020714386574888,16.77194272251834,0.010830019207319503,0.74876606764209,40.189283414589276,1.7410028452336357,1.4570876644282955,2.0540985048284006,0.00906390672232882,0.7000155361656744,0.6901745508353048,0.003260495309757552,23.412027597293857,0.12936891404783543,-0.4545454545454546,-0.5365166359405814,0.12280623452956528,0.097739402891361,0.10385949775712619,-0.46025520083411947,-0.09641562871151445,0.5784061096036485,0.016153032291111417,0.03500813754568412,Medical Distribution,Healthcare,OMI
2017Q2,2017,Q2,2017-08-02,2017-06-30,20141000.0,2265907000.0,32837000.0,0.33,273533000.0,0.12071678140364984,2795137000.0,993571000.0,2022853000.0,1063364000.0,1801566000.0,1004076000.0,688363000.0,1926989969.9999998,2449040970.0,16.5974140955181,1.902314729481156,0.20718734001231423,0.5828642341614237,0.016111826730065837,16.5974140955181,0.02027132434420892,0.8504276521498896,23.918747455439153,1.9394587503057152,0.7812918921602701,1.9842860500599557,0.00816610373950208,0.810660443477368,0.6698787997336754,0.007205729093064132,-29.34755745419655,0.12071678140364984,0.06451612903225812,-0.29817005884087544,0.08794586315165322,0.09878826559570499,-0.02719610214097731,0.07218525419217461,-0.0754568234929752,0.05477125325339101,0.02285898810436398,0.0027307646570664127,Medical Distribution,Healthcare,OMI
2017Q1,2017,Q1,2017-05-03,2017-03-31,18785000.0,2328573000.0,35517000.0,0.31,281180000.0,0.12075206575013968,2700549000.0,969957000.0,1942994000.0,1007695000.0,1730592000.0,949346000.0,688591000.0,2076449800.0,2513427800.0,16.16244813623715,1.9281568331687664,0.20890011623562468,0.5816185665962512,0.015114997958182455,16.16244813623715,0.01936683791137133,0.8917263061969712,27.63441309555497,2.140764796789961,0.8379025818472186,2.156635199389896,0.007580245860025126,0.8622591184236983,0.7268230962741703,0.006955993022159568,-50.487497568566425,0.12075206575013968,-0.3111111111111111,-0.33044958219996934,0.09870109774366663,0.08583484295179417,-0.04678283273442267,-0.3069544364508393,-0.27528158667972574,-0.23476089695967092,0.07139152926779069,-0.024274160054223427,Medical Distribution,Healthcare,OMI
2016Q4,2016,Q4,2017-02-17,2016-12-31,27105000.0,2368362000.0,49008000.0,0.45,294980000.0,0.12455021656317741,2717752000.0,960038000.0,1962039000.0,1034638000.0,1757714000.0,916311000.0,685504000.0,2126540110.0,2505635110.0,15.931860800876217,1.8963531206083675,0.20773896956013646,0.5880840133411386,0.020609662380748045,15.931860800876217,0.028233257433559922,0.8978948784011903,19.613909887474634,2.215058268526871,0.5748016971038554,2.262749219424409,0.007326454801738961,0.8714415443351712,0.7650714549436615,0.009973316181903278,63.01793184175433,0.12455021656317741,-0.062499999999999944,0.177125584847495,0.12142779844106823,0.08727248994801073,-0.004370939161252215,-0.09138144882839999,-0.08512544802867383,0.005287241401341687,0.10329374272852325,-0.028353991431384975,Medical Distribution,Healthcare,OMI
2016Q3,2016,Q3,2016-11-02,2016-09-30,29831000.0,2415601000.0,53568000.0,0.48,296275000.0,0.12265063642546928,2794632000.0,986683000.0,2020777000.0,1093825000.0,1807949000.0,944897000.0,694981000.0,2119050949.9999998,2472428950.0,16.17115463410637,1.8474408611980893,0.20270074915051428,0.5741195500479891,0.02198520870058683,16.17115463410637,0.030233621132623144,0.8772354995713281,17.758799151888972,2.1476512213142414,0.5296168415406791,2.2429174820112667,0.007455696145484374,0.8643717670161939,0.7241807418919846,0.01067439290754561,22.569746722193226,0.12265063642546928,0.0666666666666666,-0.07937494755456807,0.14222513024507644,0.11974020713946874,-0.010503640371384676,0.07630971280127002,0.029085180773811812,0.09432860115661673,0.07547974589709236,0.007167934289267837,Medical Distribution,Healthcare,OMI
2016Q2,2016,Q2,2016-08-03,2016-06-30,27716000.0,2483676000.0,52054000.0,0.45,299420000.0,0.12055517708428957,2756064000.0,996297000.0,1974780000.0,1044125000.0,1759767000.0,957972000.0,707104000.0,2298944760.0,2726948760.0,16.19942440896231,1.891325272357237,0.2057118412344561,0.5690622374653341,0.020378064664782442,16.19942440896231,0.02781901380813151,0.9256218443951627,20.736621085293695,2.307489393223105,0.5763457930437292,2.28008334272818,0.00694840531966501,0.9011677522728064,0.7165454327786424,0.010056370243942086,-265.58973659889097,0.12055517708428957,0.15384615384615383,-0.026394483711711745,0.19376752883086346,0.1394296291110736,0.009385239822543454,0.14837373109591878,0.1575272403824772,-0.021230407535445136,0.11719805738309204,0.02743658677261117,Medical Distribution,Healthcare,OMI
2016Q1,2016,Q1,2016-05-04,2016-03-31,24135000.0,2455793000.0,44970000.0,0.39,296636000.0,0.12079031090975502,2796841000.0,1004921000.0,2001485000.0,1066938000.0,1791920000.0,925714000.0,709707000.0,2493752320.0,2871140320.0,16.28826828319502,1.8759150016214625,0.2029829368205057,0.5649309746736311,0.018076200847396234,16.28826828319502,0.024016813261938004,1.0154570519583694,25.831285684690286,2.481540658419916,0.6641392169049098,2.332423405068952,0.006427663193111334,0.8780595679196637,0.7555012568677842,0.008629378645407443,65.91125465838509,0.12079031090975502,-0.23529411764705882,-0.14736685033599997,0.1740233851058661,0.1585439231776356,-0.0500991094559067,-0.24735709608008233,-0.22399958585701712,-0.06036203666800598,0.09646685648313946,0.04572076961619611,Medical Distribution,Healthcare,OMI
2015Q4,2015,Q4,2016-02-25,2015-12-31,32067000.0,2487914000.0,57951000.0,0.51,312281000.0,0.12551921006915834,2777840000.0,992590000.0,1974700000.0,1063589000.0,1785250000.0,940775000.0,706866000.0,2222520580.0,2634059580.0,16.068867267811758,1.856638231497317,0.20611662298764508,0.5768333350124422,0.0232318176284158,16.068867267811758,0.032306390352512114,0.8933269317187009,17.327163283125955,2.2391124029055294,0.4949324851093024,2.3125965294570965,0.007140991243374675,0.8956289779108948,0.704177083441066,0.011543861417504247,37.580665877578625,0.12551921006915834,0.13333333333333333,0.49250232126283594,0.21872085377702497,0.17381782600831266,0.019346899338673562,0.13809625212947188,0.08174046143507803,0.3048656153944157,0.08569689470316633,0.03550134447925373,Medical Distribution,Healthcare,OMI
2015Q3,2015,Q3,2015-10-28,2015-09-30,28176000.0,2471669000.0,53572000.0,0.45,306354000.0,0.12394620800762561,2751660000.0,986101000.0,1928378000.0,1067629000.0,1765559000.0,896722000.0,694577000.0,1980216120.0,2429004120.0,15.905367915094036,1.8062248215438135,0.20861334612561144,0.5821239406511097,0.020660921497073444,15.905367915094036,0.028573138045697145,0.801165576782328,17.570060689948892,2.008127078260746,0.5647714366837024,2.414700431125812,0.008035991546215673,0.8982465130139625,0.7173821617809183,0.010239637164475263,-39.506346660282496,0.12394620800762561,0.15384615384615383,-0.09993895856457964,0.2052529074037406,0.18555828851994172,0.02687229542430205,0.163047964996285,0.11934809862097785,0.1596400658180173,0.14783840048362815,0.04102126788452887,Medical Distribution,Healthcare,OMI
2015Q2,2015,Q2,2015-07-28,2015-06-30,24226000.0,2422167000.0,47860000.0,0.39,298337000.0,0.12316945941382242,2794906000.0,977127000.0,1960690000.0,1118102000.0,1817779000.0,903501000.0,690152000.0,2115684000.0,2489338000.0,15.702873396972327,1.7535877764282686,0.20559653884602916,0.5880740169906266,0.018144554554763676,15.702873396972327,0.024793092402522907,0.873467436390637,21.832782960455706,2.1652088213712237,0.6576818294394452,2.350667016417248,0.0075308978089355496,0.8666363019006722,0.6991383612586329,0.008667912266101257,31.658646076494882,0.12316945941382242,0.3000000000000001,-0.17648895919642488,0.201237359912331,0.20023213222215924,0.0024731099693885436,0.27909186906019007,0.16802928615009152,-0.18788194055831453,0.11880881589126048,0.039567545006146274,Medical Distribution,Healthcare,OMI
2015Q1,2015,Q1,2015-04-28,2015-03-31,18940000.0,2391196000.0,40975000.0,0.3,297601000.0,0.12445696630472784,2699510000.0,968273000.0,1864347000.0,1029614000.0,1731237000.0,874738000.0,688813000.0,2107013760.0000002,2522563760.0,15.551088911730695,1.8107242131517247,0.2128556663987168,0.5934338766029829,0.014752865200073687,15.551088911730695,0.019560599128551556,0.8811547694124615,27.81169165786695,2.1760534064256674,0.8412882787750792,2.3933966513401725,0.007562361624064572,0.8857889024304411,0.7345383804027529,0.007016088104878293,13.408769163214266,0.12445696630472784,0.3636363636363636,0.018447369890484424,0.8158944953248259,0.8275377717162488,-0.05226837020005477,0.35411453492528777,0.0049542589458710425,-0.3493306036947011,0.08745976239404021,0.044762157555777976,Medical Distribution,Healthcare,OMI
2014Q4,2014,Q4,2015-02-23,2014-12-31,13987000.0,2491817000.0,40773000.0,0.22,314014000.0,0.12601808238727003,2735406000.0,990838000.0,1870706000.0,1004555000.0,1744568000.0,872457000.0,685765000.0,2183596230.0,2735375230.0,15.931664335214574,1.8622235716312199,0.22247191093387966,0.6141780997499087,0.010642886727221959,15.931664335214574,0.014116333850740485,0.8763068194815269,39.029031064559945,2.203787329512998,1.1274040180167297,2.4961723041937884,0.007221573193501987,0.9109495994378897,0.6798672048817636,0.005113317730530678,-21.501400508094058,0.12601808238727003,1.0,-0.35247732043275715,0.8287744230656898,0.9290329823925336,0.07361453486185522,0.9548567435359888,0.15252847895525343,-0.41145675916966556,0.14319361831346483,0.08725908211625812,Medical Distribution,Healthcare,OMI
2014Q3,2014,Q3,2014-10-29,2014-09-30,7155000.0,2386126000.0,35377000.0,0.11,292483000.0,0.12257651104761441,2943898000.0,1007524000.0,2330204000.0,1278713000.0,1936374000.0,834476000.0,687511000.0,2035609500.0000002,2191745500.0,16.20464817048653,1.822304144870663,0.2602953634942515,0.7605605424783926,0.008817901456960613,16.20464817048653,0.007101567803843879,0.8531022670219428,71.12541928721174,2.0204079505798376,2.2041928721174004,2.5089313533283164,0.007747556690023308,0.810532837754569,0.9386680201108458,0.00243045105502976,-265.6759984338293,0.12257651104761441,-0.65625,-0.7949459830725388,0.16573204512586154,0.3434823673140328,0.036174328307448135,-0.6400181122962366,-0.04646775019541252,-0.7833067233856881,0.10723729282475362,0.1220594020400638,Medical Distribution,Healthcare,OMI
2014Q2,2014,Q2,2014-07-30,2014-06-30,19876000.0,2305858000.0,37101000.0,0.32,282272000.0,0.12241517040511601,2363811000.0,1031385000.0,1745932000.0,1018305000.0,1332426000.0,820882000.0,696543000.0,2117327779.9999998,2244398780.0,16.55221389481793,1.7145472132612527,0.09268845944113129,0.21243085753622556,0.017468163089483284,16.55221389481793,0.019271174197801985,0.9182385819074721,26.63171387603139,2.0528975891640853,0.7938720064399275,2.4651362802449075,0.007452318034574695,0.9754832344887133,0.6257516166570919,0.008408455667563947,-47.769329934121465,0.12241517040511601,-0.21951219512195116,-0.1690291061278915,0.1320660762733701,0.4277381273613754,0.0038300823272106547,-0.22009024916617617,-0.19840549649987035,-0.3108623475607216,0.09391076891947159,0.16424401651611975,Medical Distribution,Healthcare,OMI
2014Q1,2014,Q1,2014-05-01,2014-03-31,25485000.0,2256380000.0,46284000.0,0.41,281195000.0,0.1246221824338099,2369200000.0,1032037000.0,1768914000.0,1025510000.0,1336033000.0,768148000.0,696574000.0,2182509120.0,2214962120.0,16.56453839239856,1.724911507445076,0.09067448927908155,0.20815726567942816,0.021980861203571754,16.56453839239856,0.024693882099188304,0.9672613300951081,21.409742201294883,2.1147585987711683,0.6193839513439278,2.571359946260356,0.007232501278161898,0.9523805503967584,0.7075377129428284,0.010756795542799256,27.63614298557735,0.1246221824338099,-0.06818181818181825,0.7996886260498958,0.14282288599559995,0.4620552489514116,-0.03456669745213089,-0.08789950252317383,-0.09127677537156657,-0.10846042416575792,0.06816491776366411,0.17819432742003186,Medical Distribution,Healthcare,OMI
2013Q4,2013,Q4,2014-02-25,2013-12-31,27941000.0,2224537000.0,50933000.0,0.44,291263000.0,0.1309319647189505,2324042000.0,1023913000.0,1725932000.0,989179000.0,1298999000.0,771663000.0,691547000.0,2283025760.0,2394935760.0,16.39677481343881,1.7448126173321512,0.0920013493732041,0.20882145260388335,0.024119640752621643,16.39677481343881,0.02728845126490239,1.0262925543607502,20.42720160337855,2.229706781728526,0.5419992126266061,2.50533458258333,0.006633302289151568,0.957184508713698,0.6821404417198506,0.012022588232054326,-64.79242138721762,0.1309319647189505,0.0,0.3618617198519929,0.16199336233093783,0.4632502964993388,0.06561323533177965,-0.0010368251698248123,0.03490805648684344,0.2864077154914463,0.07792493803177018,0.19777120840451215,Medical Distribution,Healthcare,OMI
2013Q3,2013,Q3,2013-11-07,2013-09-30,27970000.0,2304599000.0,49215000.0,0.44,273329000.0,0.11860154412980306,2347666000.0,1005190000.0,1759292000.0,1040904000.0,1341346000.0,787803000.0,681711000.0,2165506950.0,2226133950.0,16.056065809440142,1.6901577859245425,0.09133156079271924,0.21330892667057968,0.02462966204817241,16.056065809440142,0.02782558521274585,0.9396458776559393,19.355621648194496,2.1543259980700165,0.5425813371469431,2.578398406708276,0.007008058782725217,0.9816553973180171,0.6967472504669019,0.011913960503751386,-66.69049151550614,0.11860154412980306,-0.04347826086956525,0.08299708127744536,0.24619245495453015,0.4484213187863439,-0.00037303743906140854,-0.031241341091715155,-0.016683316683316685,-0.11518240215032617,0.11288914444207691,0.19679104582918827,Medical Distribution,Healthcare,OMI
2013Q2,2013,Q2,2013-08-02,2013-06-30,28872000.0,2266687000.0,50050000.0,0.46,273431000.0,0.1206302414051874,2379494000.0,988691000.0,1800707000.0,1090184000.0,1389673000.0,794020000.0,675858000.0,2145833540.0,2152689540.0,15.76683623837849,1.6517459438039817,0.09022170259727488,0.2171376092226995,0.025657614493987506,15.76683623837849,0.029202248225178543,0.9466827753456918,18.58057581740094,2.170378348745968,0.526877251316154,2.5103347522732427,0.0070890866958860195,0.9525920216651104,0.6957247583894095,0.01213367211684501,258.5964738491203,0.1206302414051874,0.12195121951219524,0.19075964491723932,0.23082237801788755,0.46155559965799603,-0.02014319911701045,0.10629166985975937,0.04523431626430541,-0.026086371965572598,0.11550664686524689,0.2051210627753858,Medical Distribution,Healthcare,OMI
2013Q1,2013,Q1,2013-05-03,2013-03-31,26098000.0,2275709000.0,47884000.0,0.41,279052000.0,0.12262200483453728,2320922000.0,976420000.0,1748273000.0,1036868000.0,1343372000.0,743247000.0,667782000.0,2059267950.0,2054947950.0,15.576116260149632,1.6861095144222793,0.09230943564669558,0.2194168493066508,0.023488053560442614,15.576116260149632,0.026728252186559064,0.9048907175741714,19.726300387002837,2.108998125806518,0.5823817917081768,2.686397657844566,0.0073807782032445065,0.9805193797982009,0.7712495708229012,0.011244669144417607,14.726518228756955,0.12262200483453728,0.05128205128205118,0.040805908721106426,0.25350583821075756,0.4836871351471082,0.030571620613500557,0.04672522359924598,0.06312026820008437,0.3938799597350852,0.7165311725111094,0.8304789435416513,Medical Distribution,Healthcare,OMI
2012Q4,2012,Q4,2013-02-22,2012-12-31,24933000.0,2324924000.0,45041000.0,0.39,270774000.0,0.1164657425361001,2207701000.0,972526000.0,1628894000.0,924287000.0,1234045000.0,763756000.0,658994000.0,1786750210.0,1904245210.0,15.5179588645466,1.7623249055758654,0.09755985978173674,0.22146760086619793,0.02271473881654041,15.5179588645466,0.0256373608520492,0.7685198354870955,17.915515682027834,1.8372261615627759,0.5570930092648297,2.6895369725409686,0.007773890229457424,1.0530973170732811,0.7047486332708347,0.011293648913507762,48.286631083966164,0.1164657425361001,0.0,0.0723398749222369,0.2840461556520362,0.5286613697892604,0.18696492681579674,0.013660202463715087,-0.03475987399009922,0.14545973681676094,0.6932755493338243,0.878940821201893,Medical Distribution,Healthcare,OMI
2012Q3,2012,Q3,2012-11-02,2012-09-30,24597000.0,2179895000.0,46663000.0,0.39,228123000.0,0.10464861839675764,2221749000.0,958932000.0,1651526000.0,949269000.0,1261687000.0,776898000.0,651438000.0,1880379480.0,2015507480.0,15.27861956885426,1.7397871414741237,0.096678337652003,0.2239939849749513,0.022430094172404064,15.27861956885426,0.02565041108232909,0.8626009417884807,19.11187827783876,1.960910137528,0.5624669675163638,2.5122628710590065,0.00735755742239859,0.9811616883815408,0.6980750451136611,0.011071007571062257,104.94360308070097,0.10464861839675764,-0.18749999999999994,0.10915906498247215,0.23407632694659017,0.5450201613002982,0.07895794805821339,-0.18317670109255138,-0.12249656806514095,-0.30168256680819794,0.05500140279312949,0.2667079082309098,Medical Distribution,Healthcare,OMI
2012Q2,2012,Q2,2012-07-27,2012-06-30,30113000.0,2185444000.0,53177000.0,0.48,211429000.0,0.0967441856208624,1955424000.0,948833000.0,1531379000.0,707797000.0,1005461000.0,748847000.0,644220000.0,1924023450.0,1911118450.0,15.105197803072514,2.1635850392132205,0.108432749112213,0.22346608939613188,0.02776049097058965,15.105197803072514,0.03173688098959459,0.8803810347005002,15.973362418224687,2.027778808283439,0.4634211138046691,2.636072522157397,0.007253030102101926,1.1176317770468196,1.0033752615509814,0.015399729163598278,61.86371660075239,0.0967441856208624,0.04347826086956513,0.5979728920830059,0.2616428833779441,0.6036651112024157,-0.013525997536486133,0.025647138964577657,0.0251580814312153,0.2488555414136298,0.0643396886402302,0.302923401173166,Medical Distribution,Healthcare,OMI
2012Q1,2012,Q1,2012-04-27,2012-03-31,29360000.0,2217882000.0,51872000.0,0.46,214328000.0,0.09663634043650654,1924810000.0,934796000.0,1503795000.0,692278000.0,988884000.0,724206000.0,631521000.0,1909808820.0,1908166820.0,14.884812585586447,2.172241498357596,0.1102888077264769,0.22709232816571745,0.027403193461786504,14.884812585586447,0.03140792215627795,0.861095775158462,16.261996083106265,2.043022028335594,0.4768732970027248,2.766552610721259,0.007331100293064936,1.152260223086954,1.029849280202462,0.015253453587626831,20.421176206413534,0.09663634043650654,0.21052631578947373,1.5972279578069983,0.25837519977325857,0.6131885567499569,0.0014671937349892998,0.2262968841366636,0.2059329520621193,1.0568908230621397,0.11441661615115452,0.31379564313131936,Medical Distribution,Healthcare,OMI
2011Q4,2011,Q4,2012-02-24,2011-12-31,23942000.0,2195890000.0,43014000.0,0.38,214014000.0,0.09746116608755448,1946815000.0,918087000.0,1525825000.0,732365000.0,1027598000.0,806366000.0,619629000.0,1741182450.0,1817925450.0,14.653052429973666,2.083421517958941,0.10924561399002987,0.23165669484482407,0.02305975184307044,14.653052429973666,0.026078138564210145,0.7929279016708487,18.18125522095063,1.8965331716928786,0.5326622671456018,2.457787158684766,0.007324332955457941,1.1279397374686346,0.8775624176469383,0.012298035509280544,64.61987196140286,0.09746116608755448,-0.28301886792452835,2.1425271648479853,0.27448562767627804,0.6081793696211315,-0.01231297477409291,-0.28214200047973137,-0.2642777730265971,0.16305535207398328,0.1432033408962908,0.30764028638157515,Medical Distribution,Healthcare,OMI
2011Q3,2011,Q3,2011-10-28,2011-09-30,33352000.0,2176759000.0,58465000.0,0.53,216682000.0,0.0995434037484168,1949614000.0,906979000.0,1529556000.0,759899000.0,1042635000.0,760992000.0,608344000.0,1788600960.0,1804859960.0,14.441880831820642,2.0128411802094752,0.10930932994941563,0.23496795405406298,0.03162964966098889,14.441880831820642,0.03677262648859566,0.8216807464675695,13.406999280402976,1.9720423074845175,0.37958743103861836,2.57568673520878,0.007078157891629444,1.1165076779300929,0.9264441721860405,0.01710697604756634,33.55535260679512,0.0995434037484168,0.15217391304347827,1.2127745400889567,0.5823769706115247,0.5967173406772999,0.0028509807188544243,0.1436017007269236,0.14549658104586688,0.2873369868253645,0.173371789242464,0.30280532780839803,Medical Distribution,Healthcare,OMI
2011Q2,2011,Q2,2011-07-29,2011-06-30,29164000.0,2131448000.0,51039000.0,0.46,216066000.0,0.10137052370032015,1905870000.0,895779000.0,1485916000.0,733033000.0,1010091000.0,751613000.0,597945000.0,2173111430.0,2226054430.0,14.217134604091608,2.0270792720109463,0.11130717205265836,0.23681845633800302,0.027978813952329998,14.217134604091608,0.03255713741893927,1.0195470074803608,18.628372565491702,2.4259459420236467,0.43581127417363874,2.548361989481289,0.005848756683406704,1.1183595943060125,0.9054203562458989,0.015302197946344714,-23.467219174531866,0.10137052370032015,0.02222222222222224,1.670399280034355,0.5743067859793574,0.6111464453375705,0.025102597556636224,0.014752957550452332,0.0008235778575210307,0.19707552276622636,0.15187617060745676,0.3179012185794445,Medical Distribution,Healthcare,OMI
2011Q1,2011,Q1,2011-04-29,2011-03-31,28740000.0,2123815000.0,50997000.0,0.45,210775000.0,0.09924357818359886,1911180000.0,880686000.0,1493234000.0,760836000.0,1030494000.0,729546000.0,586274000.0,2034579679.9999998,2057736679.9999998,14.05925831324532,1.9626226939839861,0.10936018585376574,0.23732295051811883,0.028447870575907235,14.05925831324532,0.032633651494403226,0.9579834778452925,17.698153096729296,2.310221441013028,0.44488517745302714,2.6222335534702403,0.006284344685876349,1.1112584895195639,0.9286337660152779,0.015037830031708159,46.052052512449066,0.09924357818359886,0.29376032678538655,0.6385890653155122,0.5834482021538027,0.5716850393607436,-0.07283588392358346,0.319074720029374,0.2973034851182905,0.14701234016059758,0.17069866191998798,0.33920037194635866,Medical Distribution,Healthcare,OMI
2010Q4,2010,Q4,2011-02-25,2010-12-31,21788000.0,2070166000.0,39310000.0,0.347823310611261,227333000.0,0.109813898982014,1822039000.0,857518000.0,1403789000.0,694481000.0,964521000.0,720116000.0,570320000.0,1843524630.0,1893407630.0,13.689404702990055,2.0213497561488363,0.11475934379011646,0.2438386133002456,0.022588414172116253,13.689404702990055,0.025408213005441285,0.8905201949988552,21.152981342941068,2.149837822646288,0.5167982375619607,2.559077981880697,0.006107865236386888,1.1361809489259012,0.9084107412585801,0.011958031633790495,117.46684274244934,0.109813898982014,-0.30435337877747803,0.3026088182478045,0.6019022076201558,0.5758728334080911,0.1497607752298682,-0.3084272337724171,-0.28931715871494945,-0.06247420130078316,0.14389190890304865,0.34853200266449774,Medical Distribution,Healthcare,OMI
2010Q3,2010,Q3,2010-10-29,2010-09-30,31505000.0,2063879000.0,55313000.0,0.5,197722000.0,0.09580115888576801,1841339000.0,837087000.0,1429048000.0,740764000.0,1004252000.0,733296000.0,559701000.0,1775761700.0,1839267700.0,13.415930763682987,1.929154224557349,0.11327409021369775,0.2491688438597183,0.032325419194679836,13.415930763682987,0.037636470283256104,0.8604001009749118,14.091110141247421,2.121358592356589,0.35537216314870657,2.544889103445266,0.006304900032476204,1.1208577019223511,0.8725316025076812,0.01710983148676045,73.89462361116891,0.09580115888576801,0.08695652173913039,0.8033152925551018,0.6501868438708089,0.6068516565725731,0.028628803604222267,0.06908955173232889,0.06040795981749166,0.429042289251458,0.17528876179891528,0.3566594428958282,Medical Distribution,Healthcare,OMI
2010Q2,2010,Q2,2010-07-30,2010-06-30,29469000.0,2019893000.0,52162000.0,0.46,192219000.0,0.09516296160242152,1804744000.0,815528000.0,1391859000.0,720079000.0,989216000.0,712078000.0,539395000.0,1769038920.0,1819302920.0,13.083196971155388,1.9329254151280624,0.11519750169553133,0.25492932186264605,0.030868545165272036,13.083196971155388,0.036134872131919446,0.875808233406423,15.007625979843224,2.1691945831412287,0.379585326953748,2.5666766842958215,0.00632320740574775,1.1192130296596083,0.8688824420653845,0.016328631650804767,57.56903641511276,0.09516296160242152,0.5681836002086366,0.7728486861103091,0.6029316331643028,0.606790640110542,0.009283227706864234,0.05938814394075565,0.061260198164838964,0.5758655073920348,0.17506933062149388,0.3889964765216979,Medical Distribution,Healthcare,OMI
2010Q1,2010,Q1,2010-04-30,2010-03-31,27817000.0,1969670000.0,49151000.0,0.293333,190451000.0,0.09669183162661765,1749350000.0,792502000.0,1343127000.0,683609000.0,956848000.0,669996000.0,521159000.0,2880311814.45,2942106814.45,8.50931190173246,1.9647590947456806,0.11898819561551434,0.26265170308718466,0.02979891347778434,8.50931190173246,0.03510022687639905,1.462332174653622,25.886254938077432,3.634453685227293,0.40040263148434413,2.655566600397614,0.00386694244148244,1.125943922028182,0.9136670231082388,0.015901334781490268,21.966990653218424,0.09669183162661765,-0.1554354667975391,0.12004541867319501,0.057732347987389146,0.07422016848735795,-0.053617304624803096,-0.14004389897053823,-0.1184783973312768,0.659326536976816,-0.24641415056264243,-0.07777645793246096,Medical Distribution,Healthcare,OMI
2009Q4,2009,Q4,2010-02-25,2009-12-31,32347000.0,2040424000.0,55757000.0,0.34731863400387614,201241000.0,0.09862705006410433,1747088000.0,769179000.0,1342067000.0,700116000.0,977909000.0,689889000.0,504480000.0,2665480770.0,2777762770.0,8.2588864372111,1.9169209102491587,0.11929450605808065,0.27096163571808385,0.03476468883059713,8.2588864372111,0.042053930229504446,1.3063367074686438,20.600679893034904,3.46535821960818,0.29724549417256624,2.665911472715176,0.0036072291753956264,1.1678999569569477,0.8487393517645647,0.01851480864157959,-498.22070467289717,0.09862705006410433,-0.37231534355645485,0.3504604966556301,0.12236820801276045,0.07119635480550629,-0.015175539047283476,-0.0674604318620809,-0.016492626825654413,1.856290876534357,-0.20330040828692372,-0.09358334395924027,Medical Distribution,Healthcare,OMI
2009Q3,2009,Q3,2009-11-06,2009-09-30,34687000.0,2034792000.0,56692000.0,0.553333,204342000.0,0.10042402368399325,1697025000.0,745502000.0,1292798000.0,685923000.0,951523000.0,679459000.0,481735000.0,1864528310.25,2029596310.25,12.061675363022287,1.8847567438327626,0.1225668449197861,0.2790052877121725,0.038556248262985225,12.061675363022287,0.04652837953486376,0.9163237865344468,13.438235579972323,2.5010373013754488,0.27748147721048233,2.69398153530971,0.005162163506495356,1.199034781455783,0.8053790294245856,0.02043988745009649,62.417257306173006,0.10042402368399325,0.45613947368421043,1.1585008042962175,0.6962978771088814,0.5696180288154313,0.03360158624980399,0.46680480378890393,0.15825603726555795,1.3383758713209024,0.5029755770151901,0.3335580340285857,Medical Distribution,Healthcare,OMI
2009Q2,2009,Q2,2009-08-05,2009-06-30,23648000.0,2013780000.0,48946000.0,0.38,197699000.0,0.09817308742762368,1688770000.0,714206000.0,1283382000.0,702588000.0,974564000.0,696955000.0,456686000.0,1799685346.5,1993288346.5,11.593312231150069,1.8266494730909153,0.12335960491955683,0.2916889524870976,0.03227761869470996,11.593312231150069,0.03311089517590163,0.8936851823436522,19.025766941178958,2.5198406993220446,0.40625,2.6057363818323993,0.005338155371817381,1.1924536793050564,0.7329003626591971,0.014003091007064313,60.6771863283884,0.09817308742762368,0.6764681228409958,0.4764036462729648,0.7212644362120645,0.5664917100933117,0.07659843274357006,0.6920435031482541,0.2273319959879639,1.2146054747395807,0.5212461382421618,0.3138036820394484,Medical Distribution,Healthcare,OMI
2009Q1,2009,Q1,2009-05-05,2009-03-31,13976000.0,1948628000.0,39880000.0,0.226667,183633000.0,0.09423707346912802,1687026000.0,696670000.0,1282407000.0,716299000.0,990356000.0,702253000.0,442645000.0,1358133269.7,1560209269.7,11.32962547364655,1.7903235939181823,0.12601821193034368,0.30516026239108907,0.026837403271908585,11.32962547364655,0.020061148032784533,0.6969689800721328,24.29402671901832,1.9494642652905967,0.6813823697767601,2.513332089716954,0.007011830291222855,1.1550669639946272,0.7292974023417595,0.008284401070285817,15.241771257827756,0.09423707346912802,-0.3101034253823689,-0.10282121120580921,0.6540046842505789,0.5421413879015078,0.2554900727451731,-0.30822155125476414,-0.19476638533295643,-0.18826680398350373,0.4800052040987483,0.266539276948553,Medical Distribution,Healthcare,OMI
2008Q4,2008,Q4,2009-02-27,2008-12-31,20203000.0,1885137000.0,49526000.0,0.328552145842481,146264000.0,0.0775879949308724,1776190000.0,689051000.0,1311794000.0,667511000.0,1087139000.0,679069000.0,438192000.0,1543424100.0,1894775100.0,11.205721162446537,1.9652020715763485,0.20225144832478506,0.5213503789995225,0.028810286287685446,11.205721162446537,0.029320035817377813,0.8187331212532564,19.09894693857348,2.239927233252691,0.4115725387318715,2.560672037745796,0.005387372142238805,1.0613374695274718,0.7927914296543428,0.011374346212961451,-18.825918471896955,0.0775879949308724,-0.19208554949754716,0.32389207710621787,0.5972063857966534,0.5764624040469941,-0.24495653430795597,-0.20095712703686125,0.0719449374485953,0.23043772332721432,0.4860070580937934,0.28996051631000286,Medical Distribution,Healthcare,OMI
2008Q3,2008,Q3,2008-11-06,2008-09-30,25284000.0,1810468000.0,46202000.0,0.406667,193716000.0,0.10699774864841577,1572031000.0,679413000.0,1153118000.0,636078000.0,892618000.0,609327000.0,426305000.0,1981707957.0,2164798957.0,11.085217816935879,1.8128562849210317,0.13284216405401675,0.3073712160350185,0.03293297559682278,11.085217816935879,0.03721447779185856,1.0945832552688035,19.59448620669198,2.9167942871272703,0.32716342350893846,2.653340488768756,0.004174177113626032,1.1516744898796525,0.776705058184688,0.016083652294388597,47.758903865619125,0.10699774864841577,0.07017631578947367,0.6724213269478323,0.44525829951423507,0.4444412349732378,0.018555421769100938,0.06990521327014218,0.10536389300923489,0.47332355082813027,0.4736688683546581,0.3276977144835329,Medical Distribution,Healthcare,OMI
2008Q2,2008,Q2,2008-08-07,2008-06-30,23632000.0,1794915000.0,41798000.0,0.38,190187000.0,0.10595877799227262,1586181000.0,659315000.0,1166473000.0,655748000.0,926866000.0,632877000.0,409293000.0,1861631160.8600001,2077780160.8600001,10.787708823439853,1.7788433971586646,0.13937942769456954,0.3353192328401447,0.028788910198998437,10.787708823439853,0.03584326156692931,1.0371695377552699,19.693965395015233,2.8235838117743417,0.34969532836831413,2.535608024940075,0.004439117787533358,1.1315953223497193,0.7307380274129697,0.014898678019721582,-54.195958103639015,0.10595877799227262,-0.03389748635380196,0.4146341516507679,0.384508664180867,0.8815611753394074,0.016542663502447992,-0.023793787177792465,-0.03243130628023797,0.4500000089990973,0.4527529911707205,0.32487415758981114,Medical Distribution,Healthcare,OMI
2008Q1,2008,Q1,2008-05-08,2008-03-31,24208000.0,1752717000.0,43199000.0,0.393333,187092000.0,0.1067439866219133,1536857000.0,635354000.0,1109013000.0,640537000.0,901503000.0,607881000.0,393925000.0,1587239884.0,1796560884.0,10.498248512888301,1.7313800764046416,0.13791914276995193,0.3336124428271483,0.031100030309939283,10.498248512888301,0.038101593757181036,0.9055882290181473,16.3916875,2.49819767247865,0.33860707204230006,2.575545213619113,0.005164310752665033,1.140455488051263,0.7181255727616047,0.015751628160590087,15.313014423123306,0.1067439866219133,0.06019298801941836,0.5789473586222946,0.44768006834792357,0.9676564859648942,0.01019961879667176,0.07816327439540373,0.05929231750079694,0.5000000000000001,0.4484420352483845,0.32530460941747696,Medical Distribution,Healthcare,OMI
2007Q4,2007,Q4,2008-02-28,2007-12-31,22453000.0,1748479000.0,40781000.0,0.3710013218770654,185203000.0,0.1059223473659106,1515080000.0,614359000.0,1089857000.0,568464000.0,900721000.0,581569000.0,377913000.0,1711911084.0,1993627084.0,10.15133840052875,1.9171961636972614,0.1873465427568181,0.46201813597587077,0.027552152812573606,10.15133840052875,0.03654703520254444,0.979085870633848,19.061050683650294,2.786499561331404,0.30940186166659245,2.68803185864446,0.004058037864774991,1.1540506111888482,0.8171511300627656,0.014819679488871874,223.4579146325545,0.1059223473659106,0.07019509176548507,0.3265826302023596,0.4397682661904476,0.9030426733087388,0.03896621170557117,0.06030411786928598,-0.003932392164525426,0.4425446271806008,0.4800703507519692,0.3166516786148674,Medical Distribution,Healthcare,OMI
2007Q3,2007,Q3,2007-11-08,2007-09-30,21176000.0,1686744000.0,40942000.0,0.346667,178257000.0,0.10568112292084632,1568258000.0,592665000.0,1148283000.0,696257000.0,975593000.0,581362000.0,362407000.0,1570621909.9025002,1798063909.9025002,9.888945109943215,1.6492229162507523,0.14738773849710954,0.3900044713286595,0.029625496871700505,9.888945109943215,0.035730134224224476,0.9311560674900875,18.54247626915494,2.6501006637856124,0.3269739327540612,2.594746474657786,0.004408444805427312,1.075552619530715,0.7360012179410763,0.01350288026587462,14.495283145084631,0.10568112292084632,0.15555666666666673,0.6562500294895973,0.4272634651835757,0.882617248676354,0.007881806822229635,0.15931238366363737,0.11537308960143841,0.35897436967022833,0.45015069232612365,0.2868748381438582,Medical Distribution,Healthcare,OMI
2007Q2,2007,Q2,2007-08-07,2007-06-30,18266000.0,1679044000.0,36707000.0,0.3,176863000.0,0.10533553617415625,1640465000.0,573502000.0,1225654000.0,643449000.0,1066963000.0,635297000.0,348155000.0,1418251400.4311,1782874400.4311,9.419172180996538,1.9048191853589018,0.2249551194325999,0.643469421205157,0.023638279519127704,9.419172180996538,0.031849932519851715,0.8446779241229533,19.411083439602265,2.4729667907541737,0.3781342384758568,2.36453343869088,0.004870081565158693,1.0235171125260216,0.8079956608837686,0.011134647798032875,16.936771841112755,0.10533553617415625,0.6666666666666666,0.3235294029815084,0.42569478524978677,0.8624325491831184,0.01260727924379226,0.6889505316689782,0.48113626276076343,0.1538461535525877,0.4520828978168491,0.2727212761360175,Medical Distribution,Healthcare,OMI
2007Q1,2007,Q1,2007-05-08,2007-03-31,10815000.0,1686199000.0,24783000.0,0.18,174661000.0,0.10358267321947172,1681929000.0,554386000.0,1263671000.0,617202000.0,1127543000.0,639947000.0,336796000.0,1471242550.1711,1924272550.1711,9.226951507500424,2.047418835324578,0.27228616665745103,0.8260778591089962,0.015032810354482356,9.226951507500424,0.01950806838556529,0.8725201178337194,34.00930536687702,2.653823419370439,0.634211742949607,2.36197372594918,0.004662045696817513,1.0025387516357707,0.917390092708708,0.0064301168479763415,-140.66761164270963,0.10358267321947172,0.4802901642485627,-0.1562499953190014,0.4724456435857839,0.8988125683015719,-0.001349365626625957,0.480290172460991,0.5925330934327208,-0.2894736822119526,0.4647859427401434,0.2559341733735869,Medical Distribution,Healthcare,OMI
