Quarters,Year,Quarter,FillingDate,Date,NetIncome,Revenue,OperatingIncome,EPSDiluted,GrossProfit,GrossProfitRatio,TotalAssets,CommonStockEquity,CurrentAssets,CurrentLiability,TotalLiability,Inventory,RetainedEarnings,MarketCap,EnterpriseValue,bookValuePerShare,currentRatio,debtToAssets,debtToEquity,roic,shareholdersEquityPerShare,roe,priceToSalesRatio,peRatio,pbRatio,payoutRatio,inventoryTurnover,dividendYield,assetTurnover,quickRatio,returnOnAssets,priceToFreeCashFlowsRatio,grossProfitMargin,epsdilutedGrowth,fiveYNetIncomeGrowthPerShare,fiveYRevenueGrowthPerShare,fiveYShareholdersEquityGrowthPerShare,grossProfitGrowth,netIncomeGrowth,operatingIncomeGrowth,threeYNetIncomeGrowthPerShare,threeYRevenueGrowthPerShare,threeYShareholdersEquityGrowthPerShare,Industry,Sector,Symbol
2023Q1,2023,Q1,2023-04-28,2023-03-31,-1960000.0,0.0,-1982000.0,-0.0165,-10000.0,0.0,9420000.0,8548000.0,7091000.0,839000.0,872000.0,0.0,-466789000.0,71662873.436,65017873.436000004,0.07180700065837645,8.451728247914184,0.0,0.0,-0.23057307087537662,0.07180700065837645,-0.229293401965372,0.0,-9.140672632142858,8.383583696303228,0.0,0.0,0.0,0.0,7.920143027413587,-0.208067940552017,-40.350717024774774,0.0,-0.23134328358208958,-0.7271745691760712,0.0,-0.7488604826713533,-1.1754385964912282,-0.3225371120107962,-0.27459807073954984,0.5262909518525324,0.0,-0.24173340432411142,Gold,Basic Materials,VGZ
2022Q4,2022,Q4,2023-02-23,2022-12-31,-1482000.0,68000.0,-1555000.0,-0.0134,57000.0,0.8382352941,10986000.0,10029000.0,8647000.0,933000.0,957000.0,0.0,-464818000.0,54591328.6387,46481328.6387,0.09095506601171159,9.267952840300108,0.0,0.0,-0.15370209002588145,0.09095506601171159,-0.1477714627580018,802.8136564514706,-9.209063535543184,5.443347157114368,0.0,0.0,0.0,0.006189695976697615,8.692390139335476,-0.1348989623156745,-32.92601244794934,0.8382352941176471,0.03597122302158264,0.6529195318477419,0.0,-0.688990312009278,6.7,0.09744214372716199,0.08797653958944282,-0.13543581769170757,0.0,-0.2757390071425336,Gold,Basic Materials,VGZ
2022Q3,2022,Q3,2022-10-26,2022-09-30,-1642000.0,0.0,-1705000.0,-0.0139,-10000.0,0.0,12142000.0,11220000.0,9792000.0,893000.0,922000.0,0.0,-463323000.0,62170724.296,52590724.296,0.09498177907475218,10.96528555431131,0.0,0.0,-0.14747021740138136,0.09498177907475218,-0.1463458110516934,0.0,-9.465701019488428,5.541062771479501,0.0,0.0,0.0,0.0,10.727883538633819,-0.13523307527590184,-41.5024861789052,0.0,-0.6951219512195119,0.48172257884605535,0.0,-0.7127846542520794,0.0,-0.6945304437564499,0.08823529411764706,0.4401722995626365,0.0,-0.30071069552003105,Gold,Basic Materials,VGZ
2022Q2,2022,Q2,2022-07-27,2022-06-30,-969000.0,0.0,-1870000.0,-0.0082,-10000.0,0.0,13855000.0,12802000.0,11491000.0,1026000.0,1053000.0,0.0,-461631000.0,80295009.28,69599009.28,0.108417199002284,11.199805068226121,0.0,0.0,-0.0993979829345485,0.108417199002284,-0.07569129823465083,0.0,-20.71594666666667,6.272067589439151,0.0,0.0,0.0,0.0,10.789473684210526,-0.06993865030674846,-44.60833848888889,0.0,-1.1767241379310345,0.6995442477502501,0.0,-0.6992777621115878,0.2857142857142857,-1.177863436123348,-4.825545171339564,0.7289635203621486,0.0,-0.32066072983500865,Gold,Basic Materials,VGZ
2022Q1,2022,Q1,2022-05-02,2022-03-31,5448000.0,0.0,-321000.0,0.0464,-14000.0,0.0,15898000.0,14091000.0,13520000.0,1542000.0,1807000.0,0.0,-460207000.0,123316608.45,110832608.45,0.11998018909187735,8.767833981841765,0.0,0.0,0.3878379816904407,0.11998018909187735,0.386629763678944,0.0,5.658801782764318,8.75144478390462,0.0,0.0,0.0,0.0,8.337872892347601,0.3426846144169078,-50.18990982905983,0.0,1.6444444444444444,2.5950575816251464,0.0,-0.6902415755613368,-0.07692307692307693,1.6550438860165926,0.9613950691521347,2.75482980867424,0.0,-0.35538687861170765,Gold,Basic Materials,VGZ
2021Q4,2021,Q4,2022-02-24,2021-12-31,-8317000.0,0.0,-8315000.0,-0.072,-13000.0,0.0,16343000.0,14294000.0,13952000.0,1788000.0,2049000.0,0.0,-459887000.0,82008457.146,69251457.146,0.12366520908867824,7.803131991051454,0.0,0.0,-0.5817825576990262,0.12366520908867824,-0.5818525255351896,0.0,-2.4650852815318025,5.737264386875613,0.0,0.0,0.0,0.0,7.349552572706935,-0.5089028942054702,-25.500142147388058,0.0,-2.5999999999999996,-2.5701986496403064,0.0,-0.7012667804755022,0.0,-1.7100032583903553,-1.6822580645161291,-0.9092266117485687,0.0,-0.41627195873730327,Gold,Basic Materials,VGZ
2021Q3,2021,Q3,2021-10-27,2021-09-30,-3069000.0,0.0,-3100000.0,-0.02,-13000.0,0.0,24690000.0,22450000.0,16813000.0,1973000.0,2240000.0,0.0,-451571000.0,83730692.53920001,67712692.53920001,0.19422722429276806,8.521540800810948,0.0,0.0,-0.13808463251670378,0.19422722429276806,-0.13670378619153675,0.0,-6.820682025024438,3.729652228917595,0.0,0.0,0.0,0.0,8.287886467308667,-0.12430133657351154,-31.045863010456067,0.0,-1.0,-0.1796306268848893,0.0,-0.5755746144405745,-0.08333333333333333,-3.0756972111553784,-2.7394451145958985,-0.28515479900604324,0.0,-0.2192008786812189,Gold,Basic Materials,VGZ
2021Q2,2021,Q2,2021-07-28,2021-06-30,-753000.0,0.0,-829000.0,-0.01,-12000.0,0.0,14991000.0,13058000.0,7143000.0,1672000.0,1933000.0,0.0,-448502000.0,128615023.8,122353023.8,0.12487919004684739,4.2721291866028706,0.0,0.0,-0.06348598560269567,0.12487919004684739,-0.05766579874406494,0.0,-42.70087111553784,9.849519359779446,0.0,0.0,0.0,0.0,3.9485645933014353,-0.05023013808284971,-55.413625075398535,0.0,0.6666666666666666,-1.3647001000255046,0.0,-0.6349435523379082,-0.09090909090909091,0.7570183930300097,0.7305817354566135,0.6272140000304293,0.0,-0.535673438074051,Gold,Basic Materials,VGZ
2021Q1,2021,Q1,2021-04-30,2021-03-31,-3099000.0,0.0,-3077000.0,-0.03,-11000.0,0.0,15879000.0,13413000.0,8072000.0,2201000.0,2466000.0,0.0,-447749000.0,109722777.24000001,102569777.24000001,0.12957911162694152,3.667423898228078,0.0,0.0,-0.229404309252218,0.12957911162694152,-0.2310445090583762,0.0,-8.851466379477252,8.180330816372177,0.0,0.0,0.0,0.0,3.36937755565652,-0.1951634233893822,-43.45456524356436,0.0,-0.41043723554301825,-2.475595851130244,0.0,-0.5948441607273819,0.21428571428571427,-0.40735694822888285,-0.3675555555555556,-2.140570449341465,0.0,-0.5468069233989267,Gold,Basic Materials,VGZ
2020Q4,2020,Q4,2021-02-26,2020-12-31,-2202000.0,0.0,-2250000.0,-0.02127,-14000.0,0.0,17230000.0,15851000.0,9407000.0,1126000.0,1379000.0,0.0,-444650000.0,111793018.32000001,104044018.32000001,0.1531319241332029,8.354351687388988,0.0007544979686593151,0.0008201375307551574,-0.1417144296781508,0.1531319241332029,-0.1389186802094505,0.0,-12.692213705722072,7.052742307740837,0.0,0.0,0.0,0.0,7.5088809946714035,-0.1278003482298317,-48.08301863225807,0.0,-1.4254,0.1863000131440348,0.0,-0.5310197646864201,-0.2727272727272727,-1.5218009478672985,-2.4027431421446384,0.4506626893138806,0.0,-0.47638417479732276,Gold,Basic Materials,VGZ
2020Q3,2020,Q3,2020-10-28,2020-09-30,4220000.0,0.0,1604000.0,0.05,-11000.0,0.0,18391000.0,17374000.0,10640000.0,774000.0,1017000.0,0.0,-442448000.0,111581372.88000001,105478372.88000001,0.1697206219210663,13.746770025839794,0.0001631232668152901,0.00017267180844940716,0.09228998849252014,0.1697206219210663,0.24289167721883273,0.0,6.61027090521327,6.422319148152412,0.0,0.0,0.0,0.0,13.501291989664082,0.22946006198684138,-77.91995312849163,0.0,4.0,5.354204132012303,0.0,-0.5181406066023696,0.0,1.2187171398527865,1.2277777777777779,2.537053349330487,0.0,-0.4867819114311704,Gold,Basic Materials,VGZ
2020Q2,2020,Q2,2020-07-29,2020-06-30,1902000.0,0.0,720000.0,0.01,-11000.0,0.0,16296000.0,12387000.0,8510000.0,3664000.0,3909000.0,0.0,-446668000.0,85152866.39999999,82948866.39999999,0.12219295062978644,2.322598253275109,0.00030682376043200785,0.000403648986841043,0.05807856739533758,0.12219295062978644,0.15354807459433276,0.0,11.192542902208201,6.874373649794139,0.0,0.0,0.0,0.0,2.2366266375545854,0.11671575846833579,-55.911271437951406,0.0,1.3333333333333335,-0.5692823037308827,0.0,-0.6450730224481441,0.08333333333333333,1.5434285714285714,1.3082191780821917,1.6869528234757922,0.0,-0.6610672669490056,Gold,Basic Materials,VGZ
2020Q1,2020,Q1,2020-05-04,2020-03-31,-3500000.0,0.0,-2336000.0,-0.03,-12000.0,0.0,13628000.0,9536000.0,5808000.0,886000.0,4092000.0,0.0,-448570000.0,46955535.2212,44697535.2212,0.09469888436054677,6.555304740406321,0.00044027003228646906,0.0006291946308724832,-0.2446585672392124,0.09469888436054677,-0.36703020134228187,0.0,-3.353966801514286,4.92402844182047,0.0,0.0,0.0,0.0,6.176072234762979,-0.2568241855004403,-26.939492381640846,0.0,-1.5337837837837838,-2.0239341687047476,0.0,-0.6820594281938324,0.0,-1.936241610738255,-0.39712918660287083,-0.19513841012729866,0.0,-0.755511493708689,Gold,Basic Materials,VGZ
2019Q4,2019,Q4,2020-02-27,2019-12-31,-1192000.0,0.0,-1672000.0,-0.01184,-12000.0,0.0,16684000.0,12646000.0,8826000.0,1070000.0,4038000.0,0.0,-445070000.0,73006139.89999999,71606139.89999999,0.12558327303098515,8.248598130841122,0.0004795013186286262,0.0006326111023248458,-0.13204864950244827,0.12558327303098515,-0.09425905424640202,0.0,-15.311690415268457,5.773061829827614,0.0,0.0,0.0,0.0,7.798130841121496,-0.0714456964756653,-39.187407353730535,0.0,0.40800000000000003,0.9020702174901678,0.0,-0.5907592802834666,0.14285714285714285,0.5228182546036829,0.26666666666666666,0.4126637619390568,0.0,-0.6966333882630787,Gold,Basic Materials,VGZ
2019Q3,2019,Q3,2019-10-24,2019-09-30,-2498000.0,0.0,-2280000.0,-0.02,-14000.0,0.0,16110000.0,13665000.0,8216000.0,1037000.0,2445000.0,0.0,-443878000.0,76430789.95740001,75062789.95740001,0.13582615730893524,7.922854387656702,0.0009931719428926133,0.0011708744968898647,-0.16645980871723734,0.13582615730893524,-0.1828027808269301,0.0,-7.64919835442354,5.593178921141603,0.0,0.0,0.0,0.0,7.720347155255545,-0.15505896958410925,-42.48515283902169,0.0,0.3333333333333333,0.5837725728368952,0.0,-0.6735759729262806,0.0,0.17936925098554535,-0.1242603550295858,-0.10311706990477694,0.0,-0.7031926425617642,Gold,Basic Materials,VGZ
2019Q2,2019,Q2,2019-07-31,2019-06-30,-3044000.0,0.0,-2028000.0,-0.03,-14000.0,0.0,18315000.0,16045000.0,10394000.0,838000.0,2270000.0,0.0,-441380000.0,75403155.75,74128155.75,0.15959212688521993,12.403341288782816,0.002184002184002184,0.0024929884699283265,-0.12576744186046512,0.15959212688521993,-0.18971642256154564,0.0,-6.192769033344284,4.6994799470239945,0.0,0.0,0.0,0.0,12.015513126491646,-0.1662025662025662,-46.17462078995713,0.0,0.0,0.1466025698910189,0.0,-0.6697898382714766,-0.16666666666666666,-0.1478129713423831,0.03657957244655582,-2.533359140821715,0.0,-0.53346802702916,Gold,Basic Materials,VGZ
2019Q1,2019,Q1,2019-05-07,2019-03-31,-2652000.0,0.0,-2105000.0,-0.03,-12000.0,0.0,19745000.0,18673000.0,11698000.0,1009000.0,1072000.0,0.0,-438336000.0,70226615.2,69911615.2,0.18612743847577606,11.593657086223985,0.0031906811851101545,0.00337385529909495,-0.11197404117240278,0.18612743847577606,-0.14202324211428266,0.0,-6.620156033182503,3.760864092540031,0.0,0.0,0.0,0.0,11.127849355797819,-0.1343124841732084,-39.05818420467186,0.0,0.20403289997346782,-0.9078051119375548,0.0,-0.6383165944674392,0.9835841313269493,0.29859825443004495,0.4410515135422199,-2.068798995740293,0.0,-0.4180341445431195,Gold,Basic Materials,VGZ
2018Q4,2018,Q4,2019-02-25,2018-12-31,-3781000.0,0.0,-3766000.0,-0.03769,-731000.0,0.0,22126000.0,21254000.0,14070000.0,872000.0,872000.0,0.0,-435684000.0,52669961.4,51598961.4,0.21185415184298959,16.13532110091743,0.0,0.0,-0.17719017596687683,0.21185415184298959,-0.17789592547285216,0.0,-3.482541748214758,2.4781199491860355,0.0,0.0,0.0,0.0,15.51605504587156,-0.17088493175449698,-23.973582794720073,0.0,-0.8845000000000001,0.6143299018581245,0.0,-0.5947656216671025,-59.916666666666664,-0.8336566440349176,-0.9402369912416281,-0.4415871467157421,0.0,-0.35117768195050475,Gold,Basic Materials,VGZ
2018Q3,2018,Q3,2018-10-29,2018-09-30,-2062000.0,0.0,-1941000.0,-0.02,-12000.0,0.0,25779000.0,24827000.0,15919000.0,952000.0,952000.0,0.0,-431903000.0,50231990.377799995,49068990.377799995,0.24875440941162363,16.721638655462186,0.0,0.0,-0.07818101260724211,0.24875440941162363,-0.08305473879244371,0.0,-6.0902025191319105,2.023280717678334,0.0,0.0,0.0,0.0,16.483193277310924,-0.07998758679545366,-36.0602946,0.0,0.0,0.44176532977498467,0.0,-0.6014313884165315,0.0,-0.07228289131565263,0.007161125319693095,-4.184557675723347,0.0,-0.2937531841014732,Gold,Basic Materials,VGZ
2018Q2,2018,Q2,2018-07-25,2018-06-30,-1923000.0,0.0,-1955000.0,-0.02,-12000.0,0.0,27522000.0,26773000.0,17691000.0,749000.0,749000.0,0.0,-429841000.0,68886891.45199999,66288891.45199999,0.26894690135509236,23.619492656875835,0.0,0.0,-0.07302132745676615,0.26894690135509236,-0.07182609345235871,0.0,-8.955654114924597,2.5729985975423,0.0,0.0,0.0,0.0,23.16421895861148,-0.06987137562677131,-37.49966872727272,0.0,-1.0,0.9248579353358028,0.0,-0.5895221719567388,0.9473684210526315,-1.0284810126582278,0.3882978723404255,-1.4434564536387797,0.0,-0.2188050920457023,Gold,Basic Materials,VGZ
2018Q1,2018,Q1,2018-04-27,2018-03-31,-948000.0,0.0,-3196000.0,-0.01,-228000.0,0.0,29530000.0,28434000.0,19732000.0,1096000.0,1096000.0,0.0,-427918000.0,72167780.775,71752780.775,0.2859247378595868,18.003649635036496,0.0,0.0,-0.11240064711261166,0.2859247378595868,-0.03334036716606879,0.0,-19.031587757120253,2.538080494302595,0.0,0.0,0.0,0.0,17.43339416058394,-0.03210294615645107,-22.53130839057134,0.0,0.7417355371900826,0.9716173426662068,0.0,-0.6883085278534947,-0.14,0.7538301739807842,0.04425837320574163,0.17063103968635276,0.0,-0.040040700981276676,Gold,Basic Materials,VGZ
2017Q4,2017,Q4,2018-03-06,2017-12-31,-3851000.0,0.0,-3344000.0,-0.03872,-200000.0,0.0,31141000.0,29083000.0,21115000.0,2058000.0,2058000.0,0.0,-426968000.0,69612025.0,68181025.0,0.2924509091640417,10.259961127308067,0.0,0.0,-0.11498126053020664,0.2924509091640417,-0.1324141250902589,0.0,-4.5190875746559325,2.393564109617302,0.0,0.0,0.0,0.0,9.874149659863946,-0.12366333772197424,-25.461603877103144,0.0,-0.29066666666666663,0.9232994819726142,0.0,-0.7645298735692722,-0.45985401459854014,-0.4504708097928437,-0.2886319845857418,0.6796334196724547,0.0,-0.04698438207994754,Gold,Basic Materials,VGZ
2017Q3,2017,Q3,2017-10-25,2017-09-30,-2655000.0,0.0,-2595000.0,-0.03,-137000.0,0.0,34198000.0,32737000.0,22570000.0,1461000.0,1461000.0,0.0,-423117000.0,75729947.175,74481947.175,0.33069883096746,15.44832306639288,0.0,0.0,-0.079268106423924,0.33069883096746,-0.08110089501176039,0.0,-7.130880148305085,2.3132830489965484,0.0,0.0,0.0,0.0,15.086926762491444,-0.07763611907129071,-37.342183025147925,0.0,0.0,-1.1658277374734183,0.0,-0.8084909548462348,0.08053691275167785,0.010067114093959731,-0.16263440860215053,0.5504036373244433,0.0,-0.20524848606706325,Gold,Basic Materials,VGZ
2017Q2,2017,Q2,2017-08-04,2017-06-30,-2682000.0,0.0,-2232000.0,-0.03,-149000.0,0.0,36754000.0,35402000.0,24989000.0,1352000.0,1352000.0,0.0,-420462000.0,85430787.96,83364787.96,0.3605227194488819,18.482988165680474,0.0,0.0,-0.06304728546409807,0.3605227194488819,-0.07575843172702107,0.0,-7.9633471252796415,2.413162758036269,0.0,0.0,0.0,0.0,18.056213017751478,-0.07297164934428906,-51.90205829890644,0.0,0.0,0.9354319556272191,0.0,-0.7478203376652914,0.11834319526627218,0.05795574288724974,0.13622291021671826,0.23016339858102933,0.0,-0.2540467514312725,Gold,Basic Materials,VGZ
2017Q1,2017,Q1,2017-04-28,2017-03-31,-2847000.0,0.0,-2584000.0,-0.03,-169000.0,0.0,39073000.0,37918000.0,27159000.0,1155000.0,1155000.0,0.0,-417780000.0,99852554.22,98492554.22,0.38733470868242753,23.514285714285716,0.0,0.0,-0.06814705416952371,0.38733470868242753,-0.07508307400179334,0.0,-8.768225695468916,2.633381355029274,0.0,0.0,0.0,0.0,22.966233766233767,-0.07286361426048678,-41.72693448391141,0.0,-0.48883374689826287,0.8146454395181493,0.0,-0.7895063420173686,0.0962566844919786,-0.44298023314749113,-0.20973782771535582,-1.0989043393393294,0.0,-0.24733001397074847,Gold,Basic Materials,VGZ
2016Q4,2016,Q4,2017-02-22,2016-12-31,-1973000.0,0.0,-2136000.0,-0.02015,-187000.0,0.0,41608000.0,40525000.0,29521000.0,1083000.0,1083000.0,0.0,-414933000.0,93577506.4499,91673506.4499,0.41396537447532505,27.25854108956602,0.0,0.0,-0.05270820481184454,0.41396537447532505,-0.04868599629858112,0.0,-11.857261334249872,2.3091303257223936,0.0,0.0,0.0,0.0,26.660203139427516,-0.04741876562199577,-103.74446391341463,0.0,-0.007500000000000041,0.5309014735291515,-1.0,-0.7902710236184909,-0.2986111111111111,0.052808449351896304,-0.12836767036450078,0.7937561220011286,0.0,-0.20816750713868756,Gold,Basic Materials,VGZ
2016Q3,2016,Q3,2016-10-26,2016-09-30,-2083000.0,0.0,-1893000.0,-0.02,-144000.0,0.0,42953000.0,42350000.0,30679000.0,603000.0,603000.0,0.0,-412960000.0,98095825.92,96790825.92,0.4576239567686592,50.87728026533997,0.0,0.0,-0.04469893742621015,0.4576239567686592,-0.04918536009445101,0.0,-11.773382851656265,2.3163123003541917,0.0,0.0,0.0,0.0,50.024875621890544,-0.048494866481968664,-68.79090176718093,0.0,-2.0,-1.1493434125851885,0.0,-0.772623087763734,-0.07462686567164178,-2.272449602932193,-0.17723880597014927,0.39182829857024265,0.0,-0.26676859514557455,Gold,Basic Materials,VGZ
2016Q2,2016,Q2,2016-08-01,2016-06-30,1637000.0,0.0,-1608000.0,0.02,-134000.0,0.0,28891000.0,28360000.0,16488000.0,531000.0,531000.0,0.0,-410877000.0,159175933.44,157821933.44,0.342081863905167,31.050847457627118,0.0,0.0,-0.056699576868829336,0.342081863905167,0.05772214386459803,0.0,24.309091850946853,5.612691588152328,0.0,0.0,0.0,0.0,29.994350282485875,0.05666124398601641,-96.64598265938069,0.0,3.0,-0.9714386792071199,0.0,-0.8210646382926935,0.12418300653594772,3.2927170868347337,0.22617901828681425,1.0768080669943934,0.0,-0.4779005826009131,Gold,Basic Materials,VGZ
2016Q1,2016,Q1,2016-04-29,2016-03-31,-714000.0,0.0,-2078000.0,-0.01,-153000.0,0.0,27349000.0,26510000.0,14836000.0,839000.0,839000.0,0.0,-412514000.0,39629224.684700005,37082224.684700005,0.319825358705373,17.68295589988081,0.0,0.0,-0.07838551490003773,0.319825358705373,-0.02693323274236137,0.0,-13.87577895122549,1.4948783358996607,0.0,0.0,0.0,0.0,17.04052443384982,-0.026106987458407987,-36.4909987888582,0.0,0.6174445294567713,0.8624240691408961,-1.0,-0.6371457953151424,0.06134969325153374,0.6705122288878634,0.12578880942364326,0.9743532508627812,0.0,-0.6513528782752036,Gold,Basic Materials,VGZ
2015Q4,2015,Q4,2016-02-26,2015-12-31,-2167000.0,0.0,-2377000.0,-0.02614,-163000.0,0.0,27868000.0,27065000.0,15202000.0,803000.0,803000.0,0.0,-411800000.0,22827627.0198,21925627.0198,0.32652106123579483,18.931506849315067,0.0,0.0,-0.08782560502493995,0.32652106123579483,-0.08006650655828561,0.0,-2.6335518020073834,0.8434371705080361,0.0,0.0,0.0,0.0,18.29389788293898,-0.07775943734749534,-12.299368006357758,0.0,-3.614,0.33078896730273966,-1.0,-0.7900624009829168,0.0,-5.042910447761194,0.17264183780020884,0.9482186838122014,0.0,-0.7370979088720797,Gold,Basic Materials,VGZ
2015Q3,2015,Q3,2015-10-29,2015-09-30,536000.0,0.0,-2873000.0,0.01,-163000.0,0.0,30209000.0,29100000.0,17063000.0,1109000.0,1109000.0,0.0,-409633000.0,24653439.7744,21785439.7744,0.3522202207667929,15.385933273219116,0.0,0.0,-0.09872852233676976,0.3522202207667929,0.018419243986254295,0.0,11.498805864925373,0.8471972431065291,0.0,0.0,0.0,0.0,14.846708746618575,0.017743056704955476,11.482738600093153,0.0,-0.75,1.2248789679736118,-1.0,-0.7481732289237386,0.07909604519774012,-0.8506547784898301,-0.4665645737621235,-0.9598870174769324,0.0,-0.7960278300181407,Gold,Basic Materials,VGZ
2015Q2,2015,Q2,2015-07-31,2015-06-30,3589000.0,0.0,-1959000.0,0.04,-177000.0,0.0,29710000.0,28365000.0,16206000.0,1345000.0,1345000.0,0.0,-410169000.0,27188771.610000003,23380771.610000003,0.3442763113489554,12.04907063197026,0.0,0.0,-0.06906398730830249,0.3442763113489554,0.12652917327692578,0.0,1.8938960441627195,0.9585324029613961,0.0,0.0,0.0,0.0,11.109293680297398,0.12080107707842477,6.891957315589354,0.0,5.0,1.4868636697082167,-1.0,-0.758853143667704,0.07329842931937172,4.78986272439282,-6.773809523809524,1.102979749317006,0.0,-0.7591844306551987,Gold,Basic Materials,VGZ
2015Q1,2015,Q1,2015-05-08,2015-03-31,-947000.0,0.0,-252000.0,-0.01,-191000.0,0.0,26421000.0,24540000.0,12666000.0,1881000.0,1881000.0,0.0,-413758000.0,24717065.099999998,16057065.099999998,0.29785089654515656,6.7336523125996814,0.0,0.0,-0.010268948655256724,0.29785089654515656,-0.03859005704971475,0.0,-6.525096383315734,1.0072153667481663,0.0,0.0,0.0,0.0,6.014354066985646,-0.035842700881874266,-18.160958927259365,0.0,0.9172733289212442,0.6977372488313767,-1.0,-0.7944314237030005,0.059113300492610835,0.9049101315393112,0.9680284191829485,0.9267429969155018,0.0,-0.8381355366771429,Gold,Basic Materials,VGZ
2014Q4,2014,Q4,2015-03-03,2014-12-31,-9959000.0,0.0,-7882000.0,-0.12088,-203000.0,0.0,28026000.0,25283000.0,11362000.0,2743000.0,2743000.0,0.0,-412811000.0,23489450.8667,19775450.8667,0.30686895751227355,4.14218009478673,0.0,0.0,-0.311750978918641,0.30686895751227355,-0.3939010402246569,0.0,-0.5896538524625967,0.9290610634299729,0.0,0.0,0.0,0.0,3.6507473569084943,-0.3553486048669093,-15.183872570588235,0.0,-1.0146666666666668,-1.4163855818663225,-1.0,-0.7937634549105618,0.0730593607305936,-1.0291361043194784,-6.113718411552346,-1.8134297529932493,-1.0,-0.8445297208157052,Gold,Basic Materials,VGZ
2014Q3,2014,Q3,2014-10-30,2014-09-30,-4908000.0,0.0,-1108000.0,-0.06,-219000.0,0.0,37804000.0,34235000.0,14652000.0,3569000.0,3569000.0,0.0,-402852000.0,33749294.0134,28487294.013400003,0.41610343002802413,4.105351639114598,0.0,0.0,-0.03236453921425442,0.41610343002802413,-0.14336205637505478,0.0,-1.719096068327221,0.9858125898466481,0.0,0.0,0.0,0.0,3.77780891005884,-0.12982753147815046,-25.901223341059097,0.0,-0.4999999999999999,-0.23018943033567896,-1.0,-0.7842278092096916,0.022321428571428572,-0.6813977389516958,0.5213822894168466,-1.3958010860154013,0.0,-0.7932531466255377,Gold,Basic Materials,VGZ
2014Q2,2014,Q2,2014-08-01,2014-06-30,-2919000.0,0.0,-2315000.0,-0.04,-224000.0,0.0,44605000.0,39764000.0,19075000.0,4841000.0,4841000.0,0.0,-397944000.0,41137608.5,35426608.5,0.4833047113081452,3.9403015905804586,0.0,0.0,-0.05821848908560507,0.4833047113081452,-0.07340810783623378,0.0,-3.5232621188763273,1.034544022231164,0.0,0.0,0.0,0.0,3.670316050402809,-0.06544109404775249,-21.19402807831015,0.0,-3.0,-1.3144344884737929,-1.0,-0.6608453137260278,-0.03225806451612903,-1.5605263157894738,0.20446735395189003,-1.0513181324041618,0.0,-0.7471941296579737,Gold,Basic Materials,VGZ
2014Q1,2014,Q1,2014-05-02,2014-03-31,-1140000.0,0.0,-2910000.0,-0.01,-217000.0,0.0,47708000.0,42340000.0,21607000.0,5368000.0,5368000.0,0.0,-395025000.0,42560969.754099995,35064969.754099995,0.5146142610599252,4.025149031296572,0.0,0.0,-0.0687293339631554,0.5146142610599252,-0.0269248937175248,0.0,-9.333545998706139,1.0052189360911667,0.0,0.0,0.0,0.0,3.761736214605067,-0.02389536346105475,-18.716345538302548,0.0,0.8976668031109293,0.745907010090551,-1.0,-0.6500502334359671,0.05240174672489083,0.8582089552238806,-0.4984552008238929,0.7787023025482526,-1.0,-0.4161502728481178,Gold,Basic Materials,VGZ
2013Q4,2013,Q4,2014-03-17,2013-12-31,-8040000.0,0.0,-1942000.0,-0.09772,-229000.0,0.0,53094000.0,43013000.0,9844000.0,1222000.0,10081000.0,0.0,-393885000.0,31272809.9817,32303809.9817,0.5227941240191442,8.055646481178396,0.12253738652201755,0.15125659684281495,-0.039217270138734626,0.5227941240191442,-0.18692023341780392,0.0,-0.9724132456996268,0.7270548434589543,0.0,0.0,0.0,0.0,4.624386252045826,-0.15142954006102385,-10.583015222233502,0.0,-1.443,-0.1309182879805725,0.0,-0.6482344974064405,0.084,-1.6560951437066402,0.44876525688333807,-1.5014281061059793,-1.0,-0.663868104674693,Gold,Basic Materials,VGZ
2013Q3,2013,Q3,2013-10-30,2013-09-30,-3027000.0,0.0,-3523000.0,-0.04,-250000.0,0.0,72375000.0,51046000.0,33067000.0,20694000.0,21329000.0,0.0,-385845000.0,37704652.935,43073652.935,0.6241194167883672,1.5979027737508456,0.13399654576856648,0.189985503271559,-0.058016664085759576,0.6241194167883672,-0.059299455393174785,0.0,-3.1140281578295346,0.7386406953532109,0.0,0.0,0.0,0.0,1.511259302213202,-0.041823834196891195,-7.444156551826259,0.0,0.8461538461538461,0.5483243415400847,0.0,-0.607061215014544,0.06367041198501873,0.8559600285510349,0.4642639902676399,-0.28286557923829087,-1.0,-0.553773553506807,Gold,Basic Materials,VGZ
2013Q2,2013,Q2,2013-08-02,2013-06-30,-21015000.0,0.0,-6576000.0,-0.26,-267000.0,0.0,75212000.0,53560000.0,33905000.0,21017000.0,21652000.0,0.0,-382818000.0,80110566.48,80311566.48,0.6552044543724964,1.6132178712470857,0.1263096314417912,0.1773711725168036,-0.08619045826387622,0.6552044543724964,-0.39236370425690814,0.0,-0.953016493932905,1.4957163271097833,0.0,0.0,0.0,0.0,1.5085407051434554,-0.2794102004999202,-11.260973640708462,0.0,0.23529411764705885,-2.973360376195815,0.0,-0.6066998745037513,0.02909090909090909,0.2331971101218711,0.3245686113393591,-1.8732619650420508,-1.0,-0.5410648679028718,Gold,Basic Materials,VGZ
2013Q1,2013,Q1,2013-05-07,2013-03-31,-27406000.0,0.0,-9736000.0,-0.34,-275000.0,0.0,104623000.0,74852000.0,60821000.0,29136000.0,29771000.0,0.0,-361803000.0,164010878.51999998,157480878.51999998,0.9173325657276651,2.087486271279517,0.0933255593894268,0.13044407631058622,-0.0821851300673592,0.9173325657276651,-0.36613584139368355,0.0,-1.4961220035758591,2.191135554427403,0.0,0.0,0.0,0.0,1.9721993410214167,-0.26195004922435794,-14.15473189954259,0.0,0.32657265092695287,-5.16979998620132,0.0,-0.5002014468075796,0.533106960950764,0.3347573852464985,0.09692978387904647,-7.832412720559044,-1.0,-0.3668820483173516,Gold,Basic Materials,VGZ
2012Q4,2012,Q4,2013-03-14,2012-12-31,-41197000.0,0.0,-10781000.0,-0.50488,-589000.0,0.0,133065000.0,101343000.0,91429000.0,31087000.0,31722000.0,0.0,-334397000.0,220313120.4,202032120.4,1.2419873110743702,2.9410686138900504,0.0,0.0,-0.0795850653951613,1.2419873110743702,-0.4065105631370692,0.0,-1.3369488093793238,2.1739352535448924,0.0,0.0,0.0,0.0,2.843503715379419,-0.30960057114943823,-26.98262344151868,0.0,-4.1555,-1.1466950064694528,0.0,-0.16626312778978533,0.0,-4.3578123726465074,-0.5441134345459754,-9.092880798261351,-1.0,-0.1653011299761243,Gold,Basic Materials,VGZ
2012Q3,2012,Q3,2012-11-02,2012-09-30,12269000.0,0.0,-6982000.0,0.16,0.0,0.0,162742000.0,130994000.0,124211000.0,1868000.0,31748000.0,0.0,-293200000.0,271575796.38,256723796.38,1.7268052832801566,66.4941113490364,0.0,0.0,-0.02946470012090707,1.7268052832801566,0.09366077835626059,0.0,5.533780185426685,2.0731926376780616,0.0,0.0,0.0,0.0,65.51659528907923,0.07538926644627693,-32.8704667610748,0.0,1.380952380952381,3.381297632949278,0.0,0.013817704085628421,0.0,1.4022095462890112,0.22014967050150788,4.335320747347801,-1.0,-0.10455782828672057,Gold,Basic Materials,VGZ
2012Q2,2012,Q2,2012-08-07,2012-06-30,-30504000.0,0.0,-8953000.0,-0.42,0.0,0.0,126048000.0,103094000.0,10120000.0,2999000.0,22954000.0,0.0,-305469000.0,209847500.13000003,202344500.13000003,1.429626465953364,3.3744581527175725,0.0,0.0,-0.06059983454907407,1.429626465953364,-0.2958853085533591,0.0,-1.719835924223053,2.035496732399558,0.0,0.0,0.0,0.0,2.7715905301767254,-0.242003046458492,-24.97292635130311,0.0,-1.625,-3.1993255866292634,0.0,-0.14316789100793142,0.0,-1.717263495456975,-0.27954837787623266,-4.7489625143056164,-1.0,0.0032273723072420873,Gold,Basic Materials,VGZ
2012Q1,2012,Q1,2012-05-08,2012-03-31,-11226000.0,0.0,-6997000.0,-0.16,0.0,0.0,167876000.0,131658000.0,17158000.0,3052000.0,36218000.0,0.0,-274967000.0,224661938.32000002,209828938.32000002,1.8401253149127552,5.621887287024902,0.0,0.0,-0.041964465402699457,1.8401253149127552,-0.08526637196372419,0.0,-5.003160928202388,1.7064055227939054,0.0,0.0,0.0,0.0,5.1569462647444295,-0.06687078557983274,-30.396690342308215,0.0,-2.7243947858473,-5.455717575420974,0.0,-0.3333395526991286,-1.0,-2.6519193233571894,0.9362657582161334,-1.8772795108479,-1.0,0.2513283698667264,Gold,Basic Materials,VGZ
2011Q4,2011,Q4,2012-03-14,2011-12-31,-3074000.0,568000.0,-109784000.0,-0.04296,568000.0,1.0,180603000.0,141223000.0,20170000.0,3223000.0,39380000.0,0.0,-263741000.0,219653551.16,201780551.16,1.9738110661556763,6.258144585789637,0.0,0.0,-2.1763820753615173,1.9738110661556763,-0.021766992628679465,386.71399852112677,-17.86382166232921,1.555366697775858,0.0,0.0,0.0,0.00314501973942847,5.8513807012100525,-0.017020758237681545,-23.88317398716973,1.0,-1.2864,-0.7677601841122463,0.0,-0.2766743291009574,0.0,-1.2864064101369608,-14.268984700973574,0.5027804176497398,0.0,0.3280919004467539,Gold,Basic Materials,VGZ
2011Q3,2011,Q3,2011-11-09,2011-09-30,10733000.0,0.0,-7190000.0,0.15,0.0,0.0,179301000.0,143326000.0,29003000.0,2429000.0,35975000.0,0.0,-260667000.0,237853233.62,210907233.62,2.0126227956387455,11.940304652120215,0.0,0.0,-0.02602343063665822,2.0126227956387455,0.07488522668601649,0.0,5.540231846175346,1.6595260707757138,0.0,0.0,0.0,0.0,11.480444627418692,0.05986023502378682,-32.418322695924765,0.0,-0.7826086956521738,4.062606656948987,0.0,-0.0387814737858576,0.0,-0.7752910141529186,0.9148104265402843,2.8393603637742006,0.0,0.26712538446866746,Gold,Basic Materials,VGZ
2011Q2,2011,Q2,2011-08-09,2011-06-30,47764000.0,0.0,-84400000.0,0.69,0.0,0.0,157478000.0,132081000.0,35171000.0,1808000.0,25397000.0,0.0,-271400000.0,195520774.79,162529774.79,1.9117622176030657,19.452986725663717,0.0,0.0,-0.4277505241826582,1.9117622176030657,0.36162657763039346,0.0,1.023368932616615,1.480309619021661,0.0,0.0,0.0,0.0,18.871681415929203,0.30330585859612136,-35.0144653993553,0.0,12.5,19.89748808543138,0.0,-0.15985380999490173,-1.0,13.31983492391024,-21.518676627534685,11.685294709612794,0.0,0.14757510435789073,Gold,Basic Materials,VGZ
2011Q1,2011,Q1,2011-05-10,2011-03-31,-3877000.0,366000.0,-3748000.0,-0.06,366000.0,1.0,55878000.0,54578000.0,15255000.0,1300000.0,1300000.0,0.0,-319164000.0,247683384.0,234997384.0,0.8814156059818692,11.734615384615385,0.0,0.0,-0.06867235882590055,0.8814156059818692,-0.07103594855069809,676.7305573770492,-15.97132989424813,4.538154274616145,0.0,0.0,0.0,0.006549983893482229,11.033076923076923,-0.06938329933068471,-54.47182405981966,1.0,-0.5357051446122344,-0.21520763004514723,0.0,-0.49835944746416583,1.9516129032258065,-0.6027284001653576,0.05377429941933855,-0.15016712214708072,0.0,-0.5197704070589575,Gold,Basic Materials,VGZ
2010Q4,2010,Q4,2010-12-31,2010-12-31,-2419000.0,124000.0,-3961000.0,-0.03907,124000.0,1.0,120442000.0,96307000.0,42625000.0,24135000.0,24135000.0,0.0,-202673000.0,147990821.94,130657821.94,1.5553243571639832,1.766107313030868,0.18685342322445658,0.23367979482280624,-0.032849510904732135,1.5553243571639832,-0.025117592698350066,1193.4743704838709,-15.294628145928069,1.5366569609685694,0.0,0.0,0.0,0.0010295411899503496,1.7211932877563705,-0.020084355955563675,-23.667171268191268,1.0,-0.3023333333333334,0.303400741789341,0.0,0.001306022226143768,0.3626373626373626,-0.7998511904761905,-2.1995153473344105,0.8338959050917958,0.0,0.04407770776058585,Gold,Basic Materials,VGZ
2010Q3,2010,Q3,2010-09-30,2010-09-30,-1344000.0,91000.0,-1238000.0,-0.03,91000.0,1.0,89177000.0,65159000.0,15158000.0,23790000.0,24018000.0,0.0,-195533000.0,119727839.55999999,128573839.55999999,1.3986607510451263,0.6371584699453552,0.24483891586395595,0.3350880154698507,-0.013991590659393587,1.3986607510451263,-0.02062646756395893,1315.6905446153844,-22.270803489583333,1.837472023204776,0.0,0.0,0.0,0.0010204424907767698,0.5948297604035309,-0.015071150633010753,-31.71598398940397,1.0,0.6666666666666666,0.4525563572790568,0.0,-0.21651271915037779,0.18181818181818182,0.6763005780346821,0.19295958279009126,0.5752339527637563,0.0,-0.17883791232922888,Gold,Basic Materials,VGZ
2010Q2,2010,Q2,2010-06-30,2010-06-30,-4152000.0,77000.0,-1534000.0,-0.09,77000.0,1.0,88725000.0,66251000.0,18594000.0,22246000.0,22474000.0,0.0,-198910000.0,79120912.035,83570912.035,1.4276624484565068,0.8358356558482424,0.23867004790081714,0.31963291120134035,-0.017575698480716283,1.4276624484565068,-0.06267075213959035,1027.544312142857,-4.764024086885838,1.1942598909450424,0.0,0.0,0.0,0.0008678500986193294,0.79344601276634,-0.04679628064243449,-12.7903187900097,1.0,-1.2499999999999998,-0.12414844313803793,0.0,-0.01874345829040571,3.0526315789473686,-1.4437904649793996,-0.06675938803894298,0.11177291895544271,0.0,-0.14434500495622926,Gold,Basic Materials,VGZ
2010Q1,2010,Q1,2010-03-31,2010-03-31,-1699000.0,19000.0,-1438000.0,-0.04,19000.0,1.0,92087000.0,64736000.0,26890000.0,27123000.0,27351000.0,0.0,-194758000.0,89804838.24,90309838.24,1.4489125814386634,0.9914095048482837,0.27861696004864966,0.39633279782501235,-0.016097808940928823,1.4489125814386634,-0.02624505684626792,4726.57043368421,-13.214367015891701,1.3872472540781018,0.0,0.0,0.0,0.00020632662590810863,0.9632415293293515,-0.018449944074625083,-24.050572640599892,1.0,0.20031987205117954,0.2806340565872272,0.0,-0.057691232559466336,-0.6833333333333333,0.23982102908277406,0.19439775910364146,-0.5646205842658799,0.0,-0.4750723215350381,Gold,Basic Materials,VGZ
2009Q4,2009,Q4,2010-03-16,2009-12-31,-2235000.0,60000.0,-1785000.0,-0.05002,60000.0,1.0,92573000.0,66480000.0,30317000.0,926000.0,26093000.0,0.0,-193059000.0,109463608.80000001,105994608.80000001,1.4879465585461311,32.73974082073434,0.26939820466010606,0.37513537906137184,-0.019131719122121794,1.4879465585461311,-0.03361913357400722,1824.3934800000002,-12.244251543624161,1.6465645126353792,0.0,0.0,0.0,0.0006481371458200555,32.190064794816415,-0.024143108681797067,-22.10939381943042,1.0,-0.0003999999999999837,0.3234580471307132,0.0,-0.048624693114424106,-0.9030694668820679,-0.30168899242865466,-0.5139949109414759,-1.0582266073185649,0.0,-0.45472494243407213,Gold,Basic Materials,VGZ
2009Q3,2009,Q3,2009-11-09,2009-09-30,-1717000.0,619000.0,-1179000.0,-0.05,619000.0,1.0,94266000.0,68283000.0,35114000.0,1518000.0,25983000.0,0.0,-190824000.0,84272082.44,74786082.44,1.928438639400021,23.131752305665348,0.257112850868818,0.35494925530512716,-0.012567523472578264,1.928438639400021,-0.02514535096583337,136.1422979644588,-12.270250792079207,1.2341590504225062,0.0,0.0,0.0,0.0065665245157320775,22.772727272727273,-0.01821441452909851,-34.67986931687243,1.0,-1.4545454545454546,0.2719791738731108,0.0,0.058091719682650214,-0.9104326436116337,-1.441388174807198,-1.2102728731942216,0.014637086804069067,0.0,-0.07898740346414411,Gold,Basic Materials,VGZ
2009Q2,2009,Q2,2009-08-07,2009-06-30,3890000.0,6911000.0,5607000.0,0.11,6911000.0,1.0,74589000.0,49129000.0,17651000.0,514000.0,25460000.0,0.0,-189107000.0,59298425.88,67716425.88,1.425027372075665,34.340466926070036,0.3313893469546448,0.5031244275275296,0.060536384904855536,1.425027372075665,0.07917930346638441,8.580296032412097,3.810952820051414,1.2069943593396975,0.0,0.0,0.0,0.09265441284907962,33.025291828793776,0.052152462159299626,-15.259502285126095,1.0,3.1999999999999997,2.2478646518899477,0.0,-0.032263301427613626,229.36666666666667,3.0691489361702127,5.1016825164594,4.08421573085506,0.0,-0.37375511123793664,Gold,Basic Materials,VGZ
2009Q1,2009,Q1,2009-05-06,2009-03-31,-1880000.0,30000.0,-1367000.0,-0.05,30000.0,1.0,76604000.0,50698000.0,20939000.0,1580000.0,25906000.0,0.0,-192997000.0,70330691.16,83446691.16,1.4705375177490294,13.25253164556962,0.3145788731658921,0.4753244703933094,-0.016455743018199798,1.4705375177490294,-0.03708233066393152,2344.3563719999997,-9.352485526595745,1.3872478433074282,0.0,0.0,0.0,0.00039162445825283274,12.979746835443038,-0.024541799383844185,-30.551994422241528,1.0,0.42136326814026154,0.2991551311673132,0.0,-0.05485012790814236,0.0,0.3689157435381,0.03255484784147204,-0.05836312347940774,0.0,-0.16307216717981357,Gold,Basic Materials,VGZ
2008Q4,2008,Q4,2009-03-13,2008-12-31,-2979000.0,0.0,-1413000.0,-0.08641,0.0,0.0,75765000.0,51238000.0,22012000.0,803000.0,24527000.0,0.0,-191117000.0,38612928.480000004,48842928.480000004,1.4862006653995181,27.412204234122044,0.3101168085527618,0.45856590811507086,-0.01965252019859745,1.4862006653995181,-0.058140442640227954,0.0,-3.2404270292044317,0.753599447285218,0.0,0.0,0.0,0.0,26.831880448318806,-0.03931894674321917,-7.977877785123968,0.0,-0.08012499999999999,-0.6767850520235541,0.0,0.008604880590084012,0.0,-0.05526036131774708,0.3032544378698225,-0.5407770673619634,0.0,-0.04319528614947317,Gold,Basic Materials,VGZ
2008Q3,2008,Q3,2008-11-07,2008-09-30,-2823000.0,0.0,-2028000.0,-0.08,0.0,0.0,79020000.0,54722000.0,28501000.0,1326000.0,24298000.0,0.0,-188138000.0,78206891.25,82951891.25,1.5883375239007471,21.49396681749623,0.2907112123513035,0.4197945981506524,-0.027200841669768966,1.5883375239007471,-0.05158802675340814,0.0,-6.925867096174283,1.429167268191952,0.0,0.0,0.0,0.0,21.021116138763198,-0.03572513287775247,-13.195021300826726,0.0,-0.3333333333333334,-1.0075952386823674,0.0,0.06303568099310222,0.0,-0.2676246070947463,-0.20930232558139536,-0.5548692799035335,0.0,-0.11026155074235898,Gold,Basic Materials,VGZ
2008Q2,2008,Q2,2008-08-08,2008-06-30,-2227000.0,0.0,-1677000.0,-0.06,0.0,0.0,80896000.0,57341000.0,34521000.0,1140000.0,23555000.0,0.0,-186353000.0,125633474.5,124843474.5,1.6659146842269335,30.28157894736842,0.27708415743670883,0.3909070298739122,,1.6659146842269335,-0.03883782982508153,0.0,-14.103443477772789,2.1909885509495823,0.0,0.0,0.0,0.0,29.772807017543858,-0.02752917325949367,-26.510545368221145,0.0,-0.1999999999999999,-0.27489870017559487,0.0,0.18881696755943764,0.0,-0.20313344138303618,-0.06679389312977099,0.18709287381020032,0.0,0.1450113320519628,Gold,Basic Materials,VGZ
2008Q1,2008,Q1,2008-05-12,2008-03-31,-1851000.0,0.0,-1572000.0,-0.05,0.0,0.0,80936000.0,62408000.0,38087000.0,1009000.0,18528000.0,0.0,-184126000.0,149270149.67999998,138070149.67999998,1.8354046042516168,37.74727452923687,0.21608431353167934,0.2802365081399821,,1.8354046042516168,-0.029659659018074606,0.0,-20.160744149108588,2.3918431880528135,0.0,0.0,0.0,0.0,37.50445986124876,-0.022869921913610754,-7.713422368747415,0.0,0.7874059271227519,0.24268595679196456,0.0,0.15938374614229997,0.0,0.7685382018256847,0.19135802469135801,-0.02981246127037893,0.0,0.19366611384500348,Gold,Basic Materials,VGZ
2007Q4,2007,Q4,2008-03-17,2007-12-31,-7997000.0,0.0,-1944000.0,-0.23519,0.0,0.0,51346000.0,50652000.0,27948000.0,664000.0,694000.0,0.0,-181275000.0,170691606.23999998,154005606.23999998,1.4896634087705565,42.09036144578313,0.0,0.0,,1.4896634087705565,-0.15788122877675118,0.0,-5.336113737651619,3.36988877517176,0.0,0.0,0.0,0.0,41.65512048192771,-0.15574728313792702,-60.35771083451201,0.0,-2.359857142857143,-0.7566390167906775,0.0,0.0949609365127381,0.0,-2.635,0.20555782590927665,-2.180823202529691,0.0,-0.04752695953000344,Gold,Basic Materials,VGZ
2007Q3,2007,Q3,2007-11-09,2007-09-30,-2200000.0,0.0,-2447000.0,-0.07,0.0,0.0,55746000.0,55172000.0,28456000.0,549000.0,574000.0,452000.0,-174278000.0,150621921.15,132019921.15,1.7032700024089422,51.83242258652095,0.0,0.0,,1.7032700024089422,-0.039875299064742985,0.0,-17.11612740340909,2.7300427961647213,0.0,0.0,0.0,0.0,51.00910746812386,-0.039464714957126966,-28.323038952613764,0.0,0.3,-0.1332485988271463,0.0,-0.020469097412252918,0.0,0.3184634448574969,0.30045740423098916,-0.019688984814112905,0.0,-0.06545334183230336,Gold,Basic Materials,VGZ
2007Q2,2007,Q2,2007-08-09,2007-06-30,-3228000.0,0.0,-3498000.0,-0.1,0.0,0.0,53908000.0,53468000.0,27904000.0,415000.0,440000.0,720000.0,-172078000.0,137795662.9,118838662.9,1.6685024416686485,67.23855421686747,0.0,0.0,,1.6685024416686485,-0.06037255928779831,0.0,-10.671906978004957,2.5771613469738908,0.0,0.0,0.0,0.0,65.4433734939759,-0.059879795206648365,-210.05436417682927,0.0,-4.0,-0.6151904845371975,0.0,-0.20187107289302147,0.0,-3.1597938144329896,-1.1381418092909537,-0.11403550554829993,0.0,0.13308072258884934,Gold,Basic Materials,VGZ
2007Q1,2007,Q1,2007-05-11,2007-03-31,-776000.0,0.0,-1636000.0,-0.02,0.0,0.0,94006000.0,88130000.0,49617000.0,1168000.0,5876000.0,510000.0,-132691000.0,239145865.63,192400865.63,2.7602137225373533,42.480308219178085,0.00021275237750781865,0.00022693747872461136,,2.7602137225373533,-0.00880517417451492,0.0,-77.04441547358248,2.713557989674345,0.0,0.0,0.0,0.0,42.022260273972606,-0.008254792247303364,-80.08903738446081,0.0,0.176954732510288,0.7186417376238137,0.0,0.1478872284105983,0.0,0.0,0.02386634844868735,0.6876371127118774,0.0,0.7740558233398337,Gold,Basic Materials,VGZ
