Quarters,Year,Quarter,FillingDate,Date,NetIncome,Revenue,OperatingIncome,EPSDiluted,GrossProfit,GrossProfitRatio,TotalAssets,CommonStockEquity,CurrentAssets,CurrentLiability,TotalLiability,Inventory,RetainedEarnings,MarketCap,EnterpriseValue,bookValuePerShare,currentRatio,debtToAssets,debtToEquity,roic,shareholdersEquityPerShare,roe,priceToSalesRatio,peRatio,pbRatio,payoutRatio,inventoryTurnover,dividendYield,assetTurnover,quickRatio,returnOnAssets,priceToFreeCashFlowsRatio,grossProfitMargin,epsdilutedGrowth,fiveYNetIncomeGrowthPerShare,fiveYRevenueGrowthPerShare,fiveYShareholdersEquityGrowthPerShare,grossProfitGrowth,netIncomeGrowth,operatingIncomeGrowth,threeYNetIncomeGrowthPerShare,threeYRevenueGrowthPerShare,threeYShareholdersEquityGrowthPerShare,Industry,Sector,Symbol
2023Q1,2023,Q1,2023-05-15,2023-03-31,9607000.0,20678000.0,19602000.0,1.04,20678000.0,1.0,1660539000.0,153829000.0,372620000.0,10905000.0,1506710000.0,0.0,65442000.0,224557180.6,42192180.599999994,16.81755150251472,34.169646950939935,0.0,0.0,0.09751419376617192,16.81755150251472,0.06245246344967464,10.859714701615243,5.843582299365046,1.4597844398650452,0.15228479233891953,0.0,0.006515044391325957,0.012452583167272796,34.169646950939935,0.005785470862171861,16.815724172532573,1.0,0.14285714285714285,0.6852899654018638,1.2746033287782876,0.0,-0.020557029177718834,0.14559980920581922,0.09118236472945891,1.0738456204699942,0.9168730767800356,0.7182375700250851,Banks—Regional,Financial Services,BSVN
2022Q4,2022,Q4,2023-03-24,2022-12-31,8386000.0,21112000.0,17964000.0,0.91,21112000.0,1.0,1584169000.0,144100000.0,304193000.0,1054000.0,1440069000.0,0.0,58049000.0,233439436.8,118850436.80000001,15.802642649281786,288.6081593927894,0.0,0.0,0.0920437862136117,15.802642649281786,0.058195697432338656,11.057191966654036,6.959200953970904,1.619982212352533,0.13009778201764846,0.0,0.004673589068563071,0.013326860959910211,288.6081593927894,0.005293627131953724,23.92287731092437,1.0,0.045977011494252915,1.0508553410987747,1.7324166855501524,1.3272516756092712,0.06170480261503646,0.042905111304564106,0.37655172413793103,1.0544965025441826,1.1288619369144979,0.5873516695064965,Banks—Regional,Financial Services,BSVN
2022Q3,2022,Q3,2022-11-14,2022-09-30,8041000.0,19885000.0,13050000.0,0.87,19885000.0,1.0,1580952000.0,135819000.0,336725000.0,7351000.0,1445133000.0,0.0,51123000.0,201855500.02,53120500.02000001,14.923870886359413,45.806692966943274,0.0,0.0,0.07426081337489383,14.923870886359413,0.059203793283708464,10.151144079456877,6.275820794055465,1.4862095879074355,0.1361770924014426,0.0,0.005424672599416447,0.01257786447659385,45.806692966943274,0.005086175924379741,40.59028755680676,1.0,0.14473684210526314,0.5128005463513737,1.2632879300141493,0.0,0.206687298986589,0.14593130967649992,0.281673541543901,2.3755411519575875,0.9961590182715795,0.5053666957487242,Banks—Regional,Financial Services,BSVN
2022Q2,2022,Q2,2022-08-15,2022-06-30,7017000.0,16479000.0,10182000.0,0.76,16479000.0,1.0,1487820000.0,131491000.0,320363000.0,6820000.0,1356329000.0,0.0,44167000.0,207781875.2,82103875.19999999,14.45388072039115,46.97404692082112,0.0,0.0,0.05844477755805165,14.45388072039115,0.05336486907849206,12.608888597609077,7.402803021234146,1.5801984561681028,0.15547954966509905,0.0,0.005250698594138013,0.011075936605234505,47.024780058651025,0.004716296326168488,16.497171512504963,1.0,0.13432835820895517,0.17479806293982258,0.6894499793215165,0.0,0.1072364442652691,0.13470245795601551,0.14353099730458221,0.5329533350581562,0.6964374810699678,0.48680705028408394,Banks—Regional,Financial Services,BSVN
2022Q1,2022,Q1,2022-05-13,2022-03-31,6184000.0,14883000.0,8904000.0,0.67,14883000.0,1.0,1421232000.0,128648000.0,335983000.0,6695000.0,1292584000.0,0.0,38242000.0,214499810.0,85983810.0,14.154291325479496,50.18416728902166,0.0,0.0,0.052278943564583916,14.154291325479496,0.048069149928487036,14.412404085197878,8.671564117076326,1.6673388626329209,0.17609961190168175,0.0,0.0050769275739684806,0.010471900435678342,50.18416728902166,0.004351154491314578,17.736051761203903,1.0,0.08064516129032265,0.09173407773390552,0.6475862647185596,0.0,0.009907036710320961,0.08758353851565248,0.06443514644351464,0.35485137989299576,0.5773270546780841,0.5380504397546998,Banks—Regional,Financial Services,BSVN
2021Q4,2021,Q4,2022-03-31,2021-12-31,5686000.0,14737000.0,8365000.0,0.62,14737000.0,1.0,1350549000.0,127408000.0,293926000.0,5670000.0,1223141000.0,0.0,33149000.0,208212514.0,94424514.0,14.074005177229646,51.83880070546737,0.0,0.0,0.048558216555811,14.074005177229646,0.04462828079869396,14.12855492976861,9.15461282096377,1.63421852630918,0.1748153359127682,0.0,0.004773968580966272,0.010911858807048097,51.83880070546737,0.004210139728362318,30.66909913094712,1.0,-0.10144927536231878,0.4006908605595888,0.921241258587293,1.0726756187661988,0.06358256351039261,-0.09227330779054917,0.0,0.15044139660759828,0.5367236556815244,0.6207235292996973,Banks—Regional,Financial Services,BSVN
2021Q3,2021,Q3,2021-11-05,2021-09-30,6264000.0,13856000.0,0.0,0.69,13856000.0,1.0,1146230000.0,122409000.0,0.0,0.0,1023821000.0,0.0,28552000.0,193909219.56,-17081780.439999998,13.521795332628278,0.0,0.0,0.0,0.0,13.521795332628278,0.0511727078891258,13.994603028290994,7.73903334770115,1.5841091713844573,0.15932311621966794,0.0,0.005146738263732713,0.012088324332812787,0.0,0.005464871797108783,35.71729960582059,1.0,0.029850746268656577,0.1847409861237442,0.5854485029032201,0.0,-0.02723953945520921,0.026044226044226043,0.0,-0.21274398244644857,0.15463341616091691,0.2472496499531055,Banks—Regional,Financial Services,BSVN
2021Q2,2021,Q2,2021-08-13,2021-06-30,6105000.0,14244000.0,0.0,0.67,14244000.0,1.0,1133031000.0,117011000.0,0.0,0.0,1016020000.0,0.0,23286000.0,156122953.5,-37087046.5,12.928526553912523,0.0,0.0,0.0,0.0,12.928526553912523,0.05217458187691756,10.960611731255266,6.393241339066338,1.3342587748160428,0.16298116298116297,0.0,0.006373182019004015,0.01257158895034646,0.0,0.0053882020880276,19.47641635479042,1.0,0.1964285714285714,0.027380494675631323,0.4678455203338729,0.0,0.12600790513833993,0.1961206896551724,0.0,0.0772057329211939,0.6153694043197458,0.6983035755437254,Banks—Regional,Financial Services,BSVN
2021Q1,2021,Q1,2021-05-11,2021-03-31,5104000.0,12650000.0,0.0,0.56,12650000.0,1.0,1046076000.0,111730000.0,0.0,0.0,934346000.0,0.0,18176000.0,159353013.26999998,-17741986.73000002,12.347211135984313,0.0,0.0,0.0,0.0,12.347211135984313,0.0456815537456368,12.597076147826085,7.805300414870689,1.4262330016110265,0.19494514106583072,0.0,0.006243998651686117,0.0120928116121582,0.0,0.004879186598296874,17.469087181539134,1.0,0.07692307692307698,-0.09495111802939037,0.4065727233665622,0.0,-0.019303822001705558,0.07702046845326019,0.0,-0.09495111802939037,0.4065727233665622,0.0,Banks—Regional,Financial Services,BSVN
2020Q4,2020,Q4,2021-03-25,2020-12-31,4739000.0,12899000.0,0.0,0.52,12899000.0,1.0,1016669000.0,107319000.0,0.0,0.0,909350000.0,0.0,14067000.0,128747665.39999999,-41565334.60000001,11.836562591371074,0.0,0.0,0.0,0.0,11.836562591371074,0.0441580707982743,9.9812129157299,6.791921576281915,1.1996726152871346,0.19518885840894704,0.0,0.007184596296376805,0.012687511864726869,0.0,0.004661300777342478,19.2046040274463,1.0,0.08333333333333341,0.16560156510633858,0.6790237425982582,0.7431679457406648,0.08077084206116464,0.06734234234234235,0.0,0.16560156510633858,0.6790237425982582,0.7431679457406648,Banks—Regional,Financial Services,BSVN
2020Q3,2020,Q3,2020-11-16,2020-09-30,4440000.0,11935000.0,0.0,0.48,11935000.0,1.0,973354000.0,105230000.0,0.0,0.0,868124000.0,0.0,12178000.0,86744403.2,2642403.200000003,11.403179496426578,0.0,0.0,0.0,0.0,11.403179496426578,0.042193290886629285,7.268068973607038,4.8842569369369375,0.8243314948208685,0.2078828828828829,0.0,0.010640455936643069,0.012261725949654493,0.0,0.004561546980851776,31.56637671033479,1.0,-0.1111111111111112,-0.17620335995164624,0.3396830759082006,0.0,-0.0241210139002453,-0.11834789515488484,0.0,-0.17620335995164624,0.3396830759082006,0.0,Banks—Regional,Financial Services,BSVN
2020Q2,2020,Q2,2020-08-14,2020-06-30,5036000.0,12230000.0,0.0,0.54,12230000.0,1.0,1004085000.0,101619000.0,0.0,0.0,902466000.0,0.0,8765000.0,100218885.19500001,-55426114.80499999,11.006650521542952,0.0,0.0,0.0,0.0,11.006650521542952,0.04955766146094726,8.194512280866721,4.9751233714753775,0.9862219190800934,0.18387609213661638,0.0,0.009239775499380619,0.01218024370446725,0.0,0.005015511634971143,14.07568612289326,1.0,0.058823529411764754,-0.16921377158113637,0.23547159043236493,0.0,0.03978915150484612,-0.002969708968521085,0.0,-0.16921377158113637,0.23547159043236493,0.0,Banks—Regional,Financial Services,BSVN
2020Q1,2020,Q1,2020-05-14,2020-03-31,5051000.0,11762000.0,0.0,0.51,11762000.0,1.0,974350000.0,97616000.0,0.0,0.0,876734000.0,0.0,4952000.0,79188470.46000001,-99539529.53999999,9.787675345888983,0.0,0.0,0.0,0.0,9.787675345888983,0.05174356662842157,6.732568479850366,3.91944518214215,0.8112242917144731,0.995644426846169,0.0,0.06350671973820064,0.01207163750192436,0.0,0.005183968799712629,9.627777563525838,1.0,0.13333333333333333,-0.18735997088349915,0.18662177289232287,0.0,0.07533369903090144,0.12194580186583741,0.0,-0.18735997088349915,0.18662177289232287,0.0,Banks—Regional,Financial Services,BSVN
2019Q4,2019,Q4,2020-03-30,2019-12-31,4502000.0,10938000.0,0.0,0.45,10938000.0,1.0,866392000.0,100126000.0,0.0,0.0,766266000.0,0.0,7634000.0,190690313.76000002,43415313.76000002,9.955350759920004,0.0,0.0,0.0,0.0,9.955350759920004,0.0449633461838084,17.433746001097095,10.58920000888494,1.9045034632363225,0.22345624167036873,0.0,0.005275569483126115,0.0126247703118219,0.0,0.005196262200020314,61.354669806949815,1.0,1.703125,-0.0017722889481189546,0.28351051713124564,0.4661222968523463,-0.01539292465568458,1.6905967172879275,0.0,-0.0017722889481189546,0.28351051713124564,0.4661222968523463,Banks—Regional,Financial Services,BSVN
2019Q3,2019,Q3,2019-11-14,2019-09-30,-6519000.0,11109000.0,0.0,-0.64,11109000.0,1.0,826821000.0,100615000.0,0.0,0.0,726206000.0,0.0,8161000.0,190801331.6,48317331.599999994,9.913777771559326,0.0,0.0,0.0,0.0,9.913777771559326,-0.06479153207772201,17.17538316680169,-7.3171242368461415,1.896350758833176,0.0,0.0,0.0,0.013435798074794907,0.0,-0.007884415127337114,38.545723555555554,1.0,-2.2800000000000002,-2.0997857419230583,0.13382145876026935,0.0,0.021235521235521235,-2.2717518532969176,0.0,-2.0997857419230583,0.13382145876026935,0.0,Banks—Regional,Financial Services,BSVN
2019Q2,2019,Q2,2019-08-13,2019-06-30,5126000.0,10878000.0,0.0,0.5,10878000.0,1.0,798448000.0,99037000.0,0.0,0.0,699411000.0,0.0,18331000.0,186023750.00000003,29628750.00000003,9.721423312883436,0.0,0.0,0.0,0.0,9.721423312883436,0.05175843371669174,17.10091469020041,9.072559012875537,1.8783257772347708,0.0,0.0,0.0,0.013623930425024548,0.0,0.006419954712141554,123.52174634794159,1.0,0.0,-0.23363742648092165,-0.004118926766487247,0.0,0.028555219364599094,0.001954652071931196,0.0,-0.23363742648092165,-0.004118926766487247,0.0,Banks—Regional,Financial Services,BSVN
2019Q1,2019,Q1,2019-05-15,2019-03-31,5116000.0,10576000.0,0.0,0.5,10576000.0,1.0,787236000.0,93753000.0,0.0,0.0,693483000.0,0.0,13205000.0,174002499.99999997,-16423500.00000003,9.202748466257669,0.0,0.0,0.0,0.0,9.202748466257669,0.05456892046121191,16.45258131618759,8.5028586786552,1.8559672757138437,0.0,0.0,0.0,0.013434344974061145,0.0,0.006498686543806431,26.703882750153465,1.0,-0.07407407407407414,-0.1942038116238778,0.044543209876543165,0.0,-0.02001482579688658,-0.08018698309960445,0.0,-0.1942038116238778,0.044543209876543165,0.0,Banks—Regional,Financial Services,BSVN
2018Q4,2018,Q4,2019-03-29,2018-12-31,5562000.0,10792000.0,0.0,0.54,10792000.0,1.0,770511000.0,88466000.0,0.0,0.0,682045000.0,0.0,8089000.0,136003125.0,-23845875.0,8.683779141104294,0.0,0.0,0.0,0.0,8.683779141104294,0.06287161169262767,12.602216919940696,6.113049487594391,1.5373490945674044,0.0,0.0,0.0,0.014006289332663648,0.0,0.007218586107141884,20.92033917858791,1.0,-0.3793103448275862,0.21752473849595627,0.25021909533580927,0.2788582267709698,0.06640316205533597,-0.17108792846497764,0.0,0.21752473849595627,0.25021909533580927,0.2788582267709698,Banks—Regional,Financial Services,BSVN
2018Q3,2018,Q3,2018-11-14,2018-09-30,6710000.0,10120000.0,0.0,0.87,10120000.0,1.0,751173000.0,82765000.0,0.0,0.0,668408000.0,0.0,2527000.0,145203225.78,-11811774.219999999,10.841290140379414,0.0,0.0,0.0,0.0,10.841290140379414,0.08107291729595843,14.348144839920948,5.409956251117735,1.7544037428864858,7.720566318926974,0.0,0.35677582038356837,0.013472262714447937,0.0,0.008932695930231785,20.093978192705826,1.0,0.38977635782747605,0.5048992446007625,0.3731184986614506,0.0,0.0196014345751884,0.051829980383606,0.0,0.5048992446007625,0.3731184986614506,0.0,Banks—Regional,Financial Services,BSVN
2018Q2,2018,Q2,2018-06-30,2018-06-30,6379358.0,9925447.0,0.0,0.626,9925447.0,1.0,727607471.0,77553487.0,0.0,0.0,650053984.0,0.0,70493943.0,194479375.0,71681543.0,7.612612220858896,0.0,0.006596963598247605,0.06189276827745992,0.0,7.612612220858896,0.0822575263443667,19.594016773249606,7.6214320861127405,2.5076806024208813,0.0,0.0,0.0,0.013641210949028312,0.0,0.008767581772122843,35.797303376494675,1.0,0.004468762786518357,-0.046254152501068874,-0.09132516908601308,0.0,-0.01970893827160494,0.004781540400063002,0.0,-0.046254152501068874,-0.09132516908601308,0.0,Banks—Regional,Financial Services,BSVN
2018Q1,2018,Q1,2018-03-31,2018-03-31,6349000.0,10125000.0,0.0,0.623215,10125000.0,1.0,,,,,,,,194479375.0,,,0.0,0.0,0.0,0.0,,0.0,19.20783950617284,7.657874271538826,0.0,0.0,0.0,0.0,0.0,0.0,0.0,26.059141766045826,1.0,0.3849222222222221,0.0,0.0,0.0,0.17294925317597007,0.3897994542809829,0.0,0.0,0.0,0.0,Banks—Regional,Financial Services,BSVN
2017Q4,2017,Q4,2017-12-31,2017-12-31,4568285.0,8632087.0,0.0,0.45,8632087.0,1.0,703594176.0,69175768.0,0.0,0.0,634418408.0,0.0,62116224.0,194479375.0,69857063.0,6.790259435582822,0.0,0.007959133533248576,0.08095320315055989,0.0,6.790259435582822,0.06603880422404562,22.529821003889325,10.642909483537037,2.811380063030164,0.42674307754441765,0.0,0.010024116953275894,0.012268559482789125,0.0,0.006492783988024369,100.88632458857877,1.0,-0.22951670150963363,0.0,0.0,0.0,-0.12230940518556177,-0.23222100840336135,0.0,0.0,0.0,0.0,Banks—Regional,Financial Services,BSVN
2017Q3,2017,Q3,2017-09-30,2017-09-30,5950000.0,9835000.0,0.0,0.584049,9835000.0,1.0,,,,,,,,194479375.0,,,0.0,0.0,0.0,0.0,,0.0,19.774211997966447,8.17140231092437,0.0,0.4117647058823529,0.0,0.012597736906548574,0.0,0.0,0.0,38.41055001840742,1.0,-0.11044484687684193,0.0,0.0,0.0,-0.09960559337639296,-0.11044531556018024,0.0,0.0,0.0,0.0,Banks—Regional,Financial Services,BSVN
2017Q2,2017,Q2,2017-06-30,2017-06-30,6688740.0,10922991.0,0.0,0.656563,10922991.0,1.0,,,,,,,,194479375.0,,,0.0,0.0,0.0,0.0,,0.0,17.80458987835841,7.268909204125142,0.0,,0.0,,0.0,0.0,0.0,0.0,1.0,0.0,0.0,0.0,0.0,0.0,0.0,0.0,0.0,0.0,0.0,Banks—Regional,Financial Services,BSVN
