Year,Date,FillingDate,NetIncome,Revenue,OperatingIncome,EPSDiluted,GrossProfit,GrossProfitRatio,TotalAssets,CommonStockEquity,CurrentAssets,CurrentLiability,TotalLiability,Inventory,RetainedEarnings,EnterpriseValue,bookValuePerShare,currentRatio,debtToAssets,debtToEquity,roic,shareholdersEquityPerShare,roe,priceToSalesRatio,peRatio,pbRatio,payoutRatio,inventoryTurnover,dividendYield,assetTurnover,quickRatio,returnOnAssets,priceToFreeCashFlowsRatio,grossProfitMargin,epsdilutedGrowth,fiveYNetIncomeGrowthPerShare,fiveYRevenueGrowthPerShare,fiveYShareholdersEquityGrowthPerShare,grossProfitGrowth,netIncomeGrowth,operatingIncomeGrowth,threeYNetIncomeGrowthPerShare,threeYRevenueGrowthPerShare,threeYShareholdersEquityGrowthPerShare,Industry,Sector,Price,MarketCap,AvgVolume,Symbol
2022,2022-12-31,2022-12-31,-117776000.0,28997548000.0,-12805856000.0,-0.14,6678233000.0,0.2303033691,46048349000.0,6250632000.0,13785635000.0,28130018000.0,39704910000.0,13618000.0,-46498897000.0,46005500798.05615,7.306991892953521,0.49006847418298843,0.4741419068032168,3.4929991079302063,-1.5560846964427606,7.306991892953521,-0.018842254671207648,1.078366584583502,-265.503895513994,5.00269201547238,-0.5454421953538922,1638.9568952856514,0.00205436607360491,0.6297196018906128,0.3705305840899213,-0.0025576595590864723,-5.026023270811981,0.2303033690986562,0.9817708333333334,0.9785711424763894,0.13451475482335115,-0.48664830389491337,1.1961644428454827,0.9807194296895834,-1.858956060749146,0.9902297906481027,-0.14736989990011626,-0.4432395520076537,Entertainment,Communication Services,5.17,4946108063,11214845,IQ
2021,2021-12-31,2021-12-31,-6108533000.0,30554359000.0,-4479207000.0,-7.68,3040862000.0,0.0995230173,42472165000.0,5187599000.0,11524117000.0,22476470000.0,36799052000.0,77652000.0,-47163773000.0,37693961790.5785,6.518562074643433,0.5127191680900071,0.41361734208745893,3.3863881923024506,-0.19323700489611992,6.518562074643433,-1.1775260578159568,0.7568134481426528,-3.785516062625593,4.457543806022498,-0.0045554309029680285,354.31794416112916,0.0012033843807833246,0.7193972570034987,0.3225040675871256,-0.1438243847470455,-3.64008678527542,0.0995230173213583,0.18987341772151906,-0.45230582201814196,0.9871707766283906,1.2477253600266116,0.668218474671114,0.12824323944403668,0.25847192678630226,0.5344188374470473,-0.15103759560896546,-0.800303741405702,Entertainment,Communication Services,5.17,4946108063,11214845,IQ
2020,2020-12-31,2020-12-31,-7007153000.0,29707215000.0,-6040509000.0,-9.48,1822820000.0,0.0613595048,48185429000.0,9256658000.0,22290424000.0,24854578000.0,38849760000.0,25230000.0,-40973853000.0,94911214559.79247,12.518228746670852,0.8968337342118623,0.44666511114801943,2.325110207161159,-0.1908960024125301,12.518228746670852,-0.7569851883908858,2.83782059542749,-12.031098301948374,9.107363214649657,-0.008908753669286227,1105.2078874355925,0.0007404771738789218,0.6165186367854066,0.7127057236699009,-0.1454205793207735,-14.543155034320229,0.061359504753306565,0.32718239886444284,-1.140310884232361,3.3933651325154135,0.0,2.3455684130025896,0.3181540369955878,0.347524805200178,-0.4748837393127206,0.34457422597394793,-0.12053358571095767,Entertainment,Communication Services,5.17,4946108063,11214845,IQ
2019,2019-12-31,2019-12-31,-10276739000.0,28993658000.0,-9257837000.0,-14.09,-1354684000.0,-0.0467234593,44792550000.0,9571014000.0,20272838000.0,20173166000.0,35179160000.0,974932000.0,-33834357000.0,118362325234.752,13.124121728298432,1.004940820890484,0.380873024643607,1.7824938924966571,-0.34259865737663736,13.124121728298432,-1.0737356564309697,3.69862930833881,-10.43490481121998,11.204329367269967,0.0,31.12867564096778,0.0,0.6472875065161505,0.7115292165840503,-0.22942964845716532,-12.02342341843101,-0.04672345931651674,0.17166372721928286,-2.1828356961961397,3.347724384485976,0.0,0.3680612213957676,-0.12810007622580402,-0.11456464757322089,-1.6662653667745497,1.0577467157447407,1.4987568949941532,Entertainment,Communication Services,5.17,4946108063,11214845,IQ
2018,2018-12-31,2019-03-15,-9109776000.0,24989116000.0,-8306236000.0,-17.01,-2143695000.0,-0.08578514742178155,44759698000.0,18036931000.0,19853443000.0,19812356000.0,26604135000.0,0.0,-23509486000.0,60412295115.70001,32.64238459212456,1.0020738068708235,0.18960409429035915,0.4705136367156918,-0.3159118572815984,32.64238459212456,-0.5050624188782449,2.2614676771959443,-6.203454192035021,3.1331315796295955,0.0,0.0,0.0,0.5582950090503291,0.7909242595883095,-0.20352630618732057,-5.065023068328513,-0.08578514742178155,-1.7303370786516854,-2.72369006969158,3.9455753300048966,0.0,-260.0124193352003,-1.4377687364929306,-1.101243887883888,-2.72369006969158,3.9455753300048966,0.0,Entertainment,Communication Services,5.17,4946108063,11214845,IQ
2017,2017-12-31,2017-12-31,-3736932000.0,17378350000.0,-3953009000.0,-6.23,-8213000.0,-0.000472599527573101,20200899000.0,8278780000.0,5700528000.0,11625612000.0,11918299000.0,0.0,-15016867000.0,58807694989.5903,14.233890621952341,0.49034218585653816,0.029373643222512028,0.07167408724473896,-0.44465219422614766,14.233890621952341,-0.45138679853794883,3.391998146520832,-15.77425839956154,7.120291998288431,0.0,0.0,0.0,0.860276069891741,0.37370342309720983,-0.1849884007637482,-9.494985790636362,-0.000472599527573101,-0.17875566499524093,-0.4511726091913672,2.267476832179392,0.0,0.9587675964415527,-0.21564907473010927,-0.4171061131517042,-0.4511726091913672,2.267476832179392,0.0,Entertainment,Communication Services,5.17,4946108063,11214845,IQ
2016,2016-12-31,2016-12-31,-3074022000.0,11237407000.0,-2789494000.0,-5.285234408629674,-199188000.0,-0.017725441465277533,13631636000.0,-15304673000.0,5154305000.0,11889853000.0,28936309000.0,0.0,-15989796000.0,61950902421.647606,-26.313664753351,0.4335045185167554,0.007335876632856101,-0.006533952081171548,0.18424739365778592,-26.313664753351,0.20085512444467124,5.589822404906008,-20.434176925749917,-4.104309149345929,0.0,0.0,0.0,0.8243623142519357,0.3616107785352771,-0.22550646158685575,-20.128389975668323,-0.017725441465277533,-0.19374312298479782,-0.19374302942939955,1.1128569183075796,0.0,0.7245664979673111,-0.19374302942939958,-0.14907433305555567,-0.19374302942939955,1.1128569183075796,0.0,Entertainment,Communication Services,5.17,4946108063,11214845,IQ
2015,2015-12-31,2015-12-31,-2575112000.0,5318584000.0,-2427601000.0,-4.427447,-723180000.0,-0.13597228134405698,,,,,,,,,,0.0,0.0,0.0,0.0,,0.0,11.073497473377131,-22.870976674390874,0.0,0.0,0.0,0.0,0.0,0.0,0.0,-31.984462944739622,-0.13597228134405698,0.0,0.0,0.0,0.0,0.0,0.0,0.0,0.0,0.0,0.0,Entertainment,Communication Services,5.17,4946108063,11214845,IQ
TTM,,,,,,,,,,,,,,,,54910117804.5544,11.261405118749023,0.7320305638941346,0.45709472643731586,2.2503256668222145,-0.03460624957017286,11.261405118749023,0.04584971595258044,1.1857778048596281,107.26568399973725,3.3094889675845436,0.030467048974209574,3645.6642156862745,0.0,0.577892087051843,0.2923944932787572,0.006267018378705491,25.407963831880394,0.2579984247053872,,,,,,,,,,,Entertainment,Communication Services,5.17,4946108063,11214845,IQ
