Quarters,Year,Quarter,FillingDate,Date,NetIncome,Revenue,OperatingIncome,EPSDiluted,GrossProfit,GrossProfitRatio,TotalAssets,CommonStockEquity,CurrentAssets,CurrentLiability,TotalLiability,Inventory,RetainedEarnings,MarketCap,EnterpriseValue,bookValuePerShare,currentRatio,debtToAssets,debtToEquity,roic,shareholdersEquityPerShare,roe,priceToSalesRatio,peRatio,pbRatio,payoutRatio,inventoryTurnover,dividendYield,assetTurnover,quickRatio,returnOnAssets,priceToFreeCashFlowsRatio,grossProfitMargin,epsdilutedGrowth,fiveYNetIncomeGrowthPerShare,fiveYRevenueGrowthPerShare,fiveYShareholdersEquityGrowthPerShare,grossProfitGrowth,netIncomeGrowth,operatingIncomeGrowth,threeYNetIncomeGrowthPerShare,threeYRevenueGrowthPerShare,threeYShareholdersEquityGrowthPerShare,Industry,Sector,Symbol
2023Q3,2023,Q3,2023-03-16,2023-01-31,-1374927.0,1950.0,-1309303.0,-0.0002,1190.0,0.6102564103,3480323.0,-257912.0,2870435.0,1985430.0,3738235.0,676909.0,-59124837.0,1897031699.6,1896779974.6,-3.12969690556667e-05,1.4457497871997502,0.4824917112578344,-6.510852538850461,-0.6806821741920793,-3.12969690556667e-05,5.330992741710351,972836.769025641,-344.93316728815415,-7355.344844753248,0.0,0.0011227506208367742,0.0,0.0005602928233959894,1.084476410651597,-0.39505729784275767,-1853.4895237090275,0.6102564102564103,0.0,0.0,0.0,0.0,0.0,0.25199157616190915,0.26232502584645373,0.0,0.0,0.0,Medical Devices,Healthcare,HSCSW
2023Q2,2023,Q2,2022-12-15,2022-10-31,-1838117.0,0.0,-1774905.0,-0.0002,0.0,0.0,4770725.0,1082676.0,4127019.0,3138822.0,3688049.0,677669.0,-57782722.0,3609334481.2,3607968974.2,0.00013186485544054155,1.3148305319639024,0.35853229855001073,1.579843831395542,-0.5353216877783249,0.00013186485544054155,-1.697753529218344,0.0,-490.90107990949434,3333.716163653761,0.0,0.0,0.0,0.0,1.0860685951608597,-0.38529091490287115,-3319.2922269794853,0.0,0.33333333333333326,0.0,0.0,0.0,-1.0,-0.07084611848816406,-0.2411081206379707,0.0,0.0,0.0,Medical Devices,Healthcare,HSCSW
2023Q1,2023,Q1,2022-09-12,2022-07-31,-1716509.0,3200.0,-1430097.0,-0.0003,1164.0,0.36375,5567259.0,2887269.0,5436466.0,1542023.0,2679990.0,677669.0,-55976211.0,4233922500.0,4230841547.0,0.0005114528548881091,3.525541447825357,0.21402740558684263,0.4126896385477072,-0.37684347556777514,0.0005114528548881091,-0.5945095521061599,1323100.78125,-616.6472911007166,1466.410819359055,0.0,0.003004416610469123,0.0,0.0005747891377067243,3.059891454277919,-0.30832210249244735,-2327.6675343810043,0.36375,0.9997931034482759,0.0,0.0,0.0,-0.5942837225514116,0.19354491647020242,0.2769290275607869,0.0,0.0,0.0,Medical Devices,Healthcare,HSCSW
2022Q4,2022,Q4,2022-07-29,2022-04-30,-2128462.0,4149.0,-1977810.0,-1.45,2869.0,0.6914919258,2089447.0,-6055797.0,1930877.0,3470569.0,8145244.0,674139.0,-54402908.0,0.0,5244515.0,0.0,0.5563574733710812,2.94947658399567,-1.0176653873965722,-10.358241235813592,0.0,0.3514751237533226,0.0,0.0,0.0,0.0,0.0018987182168662545,,0.001985692865145658,0.26525362267685787,-1.01867240470804,0.0,0.6914919257652447,0.0,0.0,0.0,0.0,0.0,0.0,0.0,0.0,0.0,0.0,Medical Devices,Healthcare,HSCSW
2022Q2,2022,Q2,2021-10-31,2021-10-31,-1034770.0,0.0,-956856.0,0.0,0.0,0.0,,,,,,,,0.0,,0.0,0.0,0.0,0.0,0.0,0.0,0.0,0.0,0.0,0.0,0.0,0.0,,0.0,0.0,0.0,0.0,0.0,0.0,0.0,0.0,0.0,-1.0,-1.0619068209488474,-0.41872885301417756,0.0,0.0,0.0,Medical Devices,Healthcare,HSCSW
2022Q1,2022,Q1,2021-07-31,2021-07-31,-501851.0,7484.0,-674446.0,0.0,1728.0,0.23089257081774453,,,,,,,,0.0,,0.0,0.0,0.0,0.0,0.0,0.0,0.0,0.0,0.0,0.0,0.0,0.0,,0.0,0.0,0.0,0.0,0.23089257081774453,0.0,0.0,0.0,0.0,-0.8020391797456753,0.4106776518278527,0.14218595387147404,0.0,0.0,0.0,Medical Devices,Healthcare,HSCSW
2021Q4,2021,Q4,2021-04-30,2021-04-30,-851573.0,14950.0,-786238.0,0.0,8729.0,0.5838795986622074,1927371.0,-1909590.0,1638042.0,1245994.0,3836961.0,750774.0,-49574648.0,0.0,2355318.0,0.0,1.3146467800005457,1.5974085944013892,-1.6122827413214356,-0.5748160560546509,0.0,0.44594546473326735,0.0,0.0,0.0,0.0,0.00828611539557843,,0.0077566799541966755,0.5806456531893412,-0.4418313858618813,0.0,0.5838795986622074,0.0,0.0,0.0,0.0,0.0,0.0,0.0,0.0,0.0,0.0,Medical Devices,Healthcare,HSCSW
2022Q3,2022,Q3,2022-01-31,2022-01-31,,,,,,,2589833.0,-4101798.0,2397022.0,4062254.0,6691631.0,673966.0,-52349772.0,0.0,4050693.0,0.0,0.59007191573939,2.0769296707548324,-1.3113519973436039,,0.0,,0.0,0.0,0.0,0.0,,,,0.32696330657807215,,0.0,0.0,0.0,0.0,0.0,0.0,0.0,0.0,0.0,0.0,0.0,0.0,Medical Devices,Healthcare,HSCSW
