Quarters,Year,Quarter,FillingDate,Date,NetIncome,Revenue,OperatingIncome,EPSDiluted,GrossProfit,GrossProfitRatio,TotalAssets,CommonStockEquity,CurrentAssets,CurrentLiability,TotalLiability,Inventory,RetainedEarnings,MarketCap,EnterpriseValue,bookValuePerShare,currentRatio,debtToAssets,debtToEquity,roic,shareholdersEquityPerShare,roe,priceToSalesRatio,peRatio,pbRatio,payoutRatio,inventoryTurnover,dividendYield,assetTurnover,quickRatio,returnOnAssets,priceToFreeCashFlowsRatio,grossProfitMargin,epsdilutedGrowth,fiveYNetIncomeGrowthPerShare,fiveYRevenueGrowthPerShare,fiveYShareholdersEquityGrowthPerShare,grossProfitGrowth,netIncomeGrowth,operatingIncomeGrowth,threeYNetIncomeGrowthPerShare,threeYRevenueGrowthPerShare,threeYShareholdersEquityGrowthPerShare,Industry,Sector,Symbol
2023Q1,2023,Q1,2023-05-04,2023-03-31,151000000.0,3239000000.0,658000000.0,712.0,594000000.0,0.1833899352,39357000000.0,2362000000.0,7643000000.0,6776000000.0,34894000000.0,864000000.0,-1484000000.0,0.0,23390000000.0,0.0,1.1279515938606848,0.6309169906242854,10.512701100762065,0.01762301480195028,0.0,0.06392887383573242,0.0,0.0,0.0,0.7350993377483444,3.0613425925925926,,0.08229793937546052,0.6083234946871311,0.0038366745432832786,0.0,0.18338993516517443,0.0658682634730539,0.0,0.0,0.0,0.055062166962699825,1.1558307533539731,0.38526315789473686,0.0,0.0,0.0,Utilities—Diversified,Utilities,AESC
2022Q4,2022,Q4,2023-03-01,2022-12-31,-969000000.0,3060000000.0,475000000.0,668.0,563000000.0,0.1839869281,38363000000.0,2437000000.0,7643000000.0,6491000000.0,33859000000.0,1055000000.0,-1635000000.0,0.0,22124000000.0,0.0,1.1774765059312895,0.6125172692438027,9.642183011899878,0.019940733423879493,0.0,-0.39762002462043494,0.0,0.0,0.0,-0.10939112487100103,2.366824644549763,,0.07976435628079138,0.6012940995224156,-0.025258712822250607,0.0,0.18398692810457518,-0.06047819971870605,0.0,0.0,0.0,-0.3688340807174888,-3.3016627078384797,-0.4941427050053248,0.0,0.0,0.0,Utilities—Diversified,Utilities,AESC
2022Q3,2022,Q3,2022-11-04,2022-09-30,421000000.0,3627000000.0,939000000.0,711.0,892000000.0,0.2459332782,37775000000.0,3409000000.0,7628000000.0,5902000000.0,32314000000.0,998000000.0,-732000000.0,0.0,20652000000.0,0.0,1.2924432395798036,0.5878226340172071,6.513640363743034,0.028044326953996872,0.0,0.1234966265767087,0.0,0.0,0.0,0.2494061757719715,2.7404809619238475,,0.09601588352084713,0.6796001355472722,0.01114493712772998,0.0,0.2459332781913427,0.06437125748502993,0.0,0.0,0.0,0.5843694493783304,3.9858156028368796,0.5520661157024793,0.0,0.0,0.0,Utilities—Diversified,Utilities,AESC
2022Q2,2022,Q2,2022-08-04,2022-06-30,-141000000.0,3078000000.0,605000000.0,668.0,563000000.0,0.1829109812,36070000000.0,2995000000.0,6923000000.0,5989000000.0,31217000000.0,871000000.0,-1153000000.0,0.0,20301000000.0,0.0,1.155952579729504,0.5926254505128916,7.137228714524207,0.021876666940215832,0.0,-0.04707846410684474,0.0,0.0,0.0,-0.75177304964539,2.8874856486796787,,0.08533407263654007,0.5585239605944231,-0.003909065705572498,0.0,0.18291098115659518,0.0,0.0,0.0,0.0,0.062264150943396226,-1.6911764705882353,0.10401459854014598,0.0,0.0,0.0,Utilities—Diversified,Utilities,AESC
2022Q1,2022,Q1,2022-05-05,2022-03-31,204000000.0,2852000000.0,548000000.0,0.0,530000000.0,0.1858345021,34648000000.0,3044000000.0,6142000000.0,5753000000.0,29934000000.0,688000000.0,-974000000.0,0.0,19196000000.0,0.0,1.0676168955327656,0.5845070422535211,6.6530880420499345,0.018177135364635364,0.0,0.06701708278580815,0.0,0.0,0.0,0.5147058823529411,3.375,,0.08231355345185869,0.5247696853815401,0.005887785730778111,0.0,0.18583450210378682,0.0,0.0,0.0,0.0,-0.0518783542039356,1.1544284632853898,-0.23570432357043236,0.0,0.0,0.0,Utilities—Diversified,Utilities,AESC
2021Q4,2021,Q4,2022-02-28,2021-12-31,-1321000000.0,2770000000.0,717000000.0,0.0,559000000.0,0.2018050542,32963000000.0,2798000000.0,5356000000.0,4732000000.0,28396000000.0,604000000.0,-1089000000.0,0.0,17756000000.0,0.0,1.1318681318681318,0.5672723963231502,6.682987848463188,0.028816194803886582,0.0,-0.4721229449606862,0.0,0.0,0.0,-0.0757002271006813,3.660596026490066,,0.08403361344537816,0.547971259509721,-0.040075235870521496,0.0,0.20180505415162456,0.0,0.0,0.0,0.0,-0.2644736842105263,-3.871739130434783,0.008438818565400843,0.0,0.0,0.0,Utilities—Diversified,Utilities,AESC
2021Q3,2021,Q3,2021-11-03,2021-09-30,460000000.0,3036000000.0,711000000.0,0.0,760000000.0,0.2503293808,35030000000.0,3482000000.0,5690000000.0,4658000000.0,29266000000.0,577000000.0,-457000000.0,0.0,18600000000.0,0.0,1.2215543151567196,0.5712532115329717,5.746984491671453,0.023756985778495634,0.0,0.13210798391728892,0.0,0.0,0.0,0.21956521739130436,3.9445407279029463,,0.08666856979731659,0.6399742378703306,0.013131601484441906,0.0,0.2503293807641634,0.0,0.0,0.0,0.0,0.04395604395604396,7.47887323943662,2.4514563106796117,0.0,0.0,0.0,Utilities—Diversified,Utilities,AESC
2021Q2,2021,Q2,2021-08-04,2021-06-30,-71000000.0,2700000000.0,206000000.0,0.0,728000000.0,0.2696296296,34727000000.0,3265000000.0,5530000000.0,4337000000.0,29330000000.0,445000000.0,-800000000.0,0.0,18796000000.0,0.0,1.2750749365921143,0.5761799176433323,6.12833078101072,0.004834050541707155,0.0,-0.021745788667687595,0.0,0.0,0.0,-1.408450704225352,4.431460674157304,,0.07774930169608661,0.661517177772654,-0.0020445186742304258,0.0,0.2696296296296296,0.0,0.0,0.0,0.0,0.0963855421686747,-72.0,3.12,0.0,0.0,0.0,Utilities—Diversified,Utilities,AESC
2021Q1,2021,Q1,2021-05-06,2021-03-31,1000000.0,2635000000.0,50000000.0,0.0,664000000.0,0.2519924099,35203000000.0,3377000000.0,6237000000.0,5021000000.0,29535000000.0,446000000.0,-828000000.0,0.0,17998000000.0,0.0,1.2421828321051582,0.5648382240149987,5.888066331063074,0.00023883562854372373,0.0,0.0002961208172934557,0.0,0.0,0.0,100.0,4.4192825112107625,,0.07485157514984518,0.6801433977295359,2.8406669886089252e-05,0.0,0.2519924098671727,0.0,0.0,0.0,0.0,-0.2671081677704194,-0.9968553459119497,-0.9355670103092784,0.0,0.0,0.0,Utilities—Diversified,Utilities,AESC
2020Q4,2020,Q4,2021-02-25,2020-12-31,318000000.0,2560000000.0,776000000.0,0.0,906000000.0,0.35390625,34603000000.0,2634000000.0,5414000000.0,5362000000.0,29883000000.0,461000000.0,-680000000.0,0.0,18792000000.0,0.0,1.009697873927639,0.5745455596335578,7.547835990888383,0.024882126174183627,0.0,0.12072892938496584,0.0,0.0,0.0,0.29874213836477986,3.5878524945770067,,0.07398202467994104,0.5080193957478553,0.009189954628211428,0.0,0.35390625,0.0,0.0,0.0,0.0,0.1984126984126984,1.8617886178861789,5.08421052631579,0.0,0.0,0.0,Utilities—Diversified,Utilities,AESC
2020Q3,2020,Q3,2020-11-06,2020-09-30,-369000000.0,2545000000.0,-190000000.0,0.0,756000000.0,0.2970530452,34267000000.0,2004000000.0,5885000000.0,5777000000.0,30194000000.0,474000000.0,-998000000.0,0.0,19841000000.0,0.0,1.0186948243032716,0.6229316835439344,10.651696606786427,-0.005818933320053781,0.0,-0.18413173652694612,0.0,0.0,0.0,-0.2601626016260163,3.7742616033755274,,0.0742697055476114,0.5700190410247533,-0.010768377739516152,0.0,0.2970530451866405,0.0,0.0,0.0,0.0,0.44274809160305345,-45.125,-1.7661290322580645,0.0,0.0,0.0,Utilities—Diversified,Utilities,AESC
2020Q2,2020,Q2,2020-08-06,2020-06-30,-8000000.0,2217000000.0,248000000.0,0.0,524000000.0,0.2363554353,34566000000.0,2462000000.0,5966000000.0,5448000000.0,29924000000.0,504000000.0,-665000000.0,0.0,19956000000.0,0.0,1.0950807635829662,0.6183243649829312,8.681153533712429,-0.0007927517556214845,0.0,-0.003249390739236393,0.0,0.0,0.0,-11.875,3.359126984126984,,0.06413817045651797,0.5970998531571219,-0.00023144130070010992,0.0,0.2363554352728913,0.0,0.0,0.0,0.0,0.03353057199211045,-1.0346320346320346,-0.4678111587982833,0.0,0.0,0.0,Utilities—Diversified,Utilities,AESC
2020Q1,2020,Q1,2020-05-07,2020-03-31,231000000.0,2338000000.0,466000000.0,0.0,507000000.0,0.2168520103,34142000000.0,2539000000.0,5751000000.0,5432000000.0,29425000000.0,461000000.0,-583000000.0,0.0,19546000000.0,0.0,1.0587260677466863,0.617714252240642,8.306419850334777,0.014236478479834102,0.0,0.09098070106341079,0.0,0.0,0.0,0.41125541125541126,3.9718004338394794,,0.06847870657840782,0.6108247422680413,0.006765860230800773,0.0,0.21685201026518391,0.0,0.0,0.0,0.0,-0.09464285714285714,3.2,0.9914529914529915,0.0,0.0,0.0,Utilities—Diversified,Utilities,AESC
2019Q4,2019,Q4,2020-02-28,2019-12-31,55000000.0,2431000000.0,234000000.0,0.0,560000000.0,0.2303578774,33648000000.0,2996000000.0,5231000000.0,5096000000.0,28419000000.0,487000000.0,-692000000.0,0.0,19144000000.0,0.0,1.02649136577708,0.5995304327151688,6.733311081441922,0.00529032019385509,0.0,0.018357810413885182,0.0,0.0,0.0,1.6363636363636365,3.841889117043121,,0.07224797907750832,0.5706436420722135,0.0016345696623870662,0.0,0.23035787741670094,0.0,0.0,0.0,0.0,-0.20114122681883023,-0.8129251700680272,-0.6033898305084746,0.0,0.0,0.0,Utilities—Diversified,Utilities,AESC
2019Q3,2019,Q3,2019-11-06,2019-09-30,294000000.0,2625000000.0,590000000.0,0.0,701000000.0,0.267047619,33423000000.0,3140000000.0,5470000000.0,4991000000.0,28037000000.0,495000000.0,-614000000.0,0.0,18616000000.0,0.0,1.095972750951713,0.5912395655686205,6.2933121019108285,0.01786401351840119,0.0,0.09363057324840764,0.0,0.0,0.0,0.30952380952380953,3.886868686868687,,0.07853873081411004,0.5974754558204769,0.008796337851180325,0.0,0.26704761904761903,0.0,0.0,0.0,0.0,0.39641434262948205,3.819672131147541,0.7002881844380403,0.0,0.0,0.0,Utilities—Diversified,Utilities,AESC
2019Q2,2019,Q2,2019-08-06,2019-06-30,61000000.0,2483000000.0,347000000.0,0.0,502000000.0,0.2021747886,33238000000.0,3208000000.0,5517000000.0,4042000000.0,27770000000.0,496000000.0,-824000000.0,0.0,18586000000.0,0.0,1.3649183572488868,0.5943498405439557,6.158042394014963,0.007811756126473169,0.0,0.019014962593516208,0.0,0.0,0.0,1.4918032786885247,3.993951612903226,,0.07470365244599554,0.7711528946066304,0.0018352488116011793,0.0,0.20217478856222312,0.0,0.0,0.0,0.0,-0.14334470989761092,-0.7447698744769874,-0.350187265917603,0.0,0.0,0.0,Utilities—Diversified,Utilities,AESC
2019Q1,2019,Q1,2019-05-07,2019-03-31,239000000.0,2650000000.0,534000000.0,0.0,586000000.0,0.2211320755,33471000000.0,3234000000.0,5855000000.0,4357000000.0,27822000000.0,579000000.0,-839000000.0,0.0,18284000000.0,0.0,1.3438145512967639,0.5888679752621673,6.094619666048238,0.015713276836158193,0.0,0.07390228818800247,0.0,0.0,0.0,0.37656903765690375,3.564766839378238,,0.07917301544620717,0.7730089511131513,0.007140509694959816,0.0,0.2211320754716981,0.0,0.0,0.0,0.0,-0.09287925696594428,0.8671875,-0.08561643835616438,0.0,0.0,0.0,Utilities—Diversified,Utilities,AESC
2018Q4,2018,Q4,2019-02-27,2018-12-31,128000000.0,2622000000.0,584000000.0,0.0,646000000.0,0.2463768116,32521000000.0,3208000000.0,5015000000.0,4399000000.0,26917000000.0,577000000.0,-1005000000.0,0.0,18129000000.0,0.0,1.140031825414867,0.5933089388395191,6.014650872817955,0.011025890189593218,0.0,0.0399002493765586,0.0,0.0,0.0,0.671875,3.4246100519930676,,0.08062482703483903,0.6987951807228916,0.003935918329694659,0.0,0.2463768115942029,0.0,0.0,0.0,0.0,-0.037257824143070044,-0.3118279569892473,0.16334661354581673,0.0,0.0,0.0,Utilities—Diversified,Utilities,AESC
2018Q3,2018,Q3,2018-11-06,2018-09-30,186000000.0,2837000000.0,502000000.0,0.0,671000000.0,0.236517448,32489000000.0,3305000000.0,5015000000.0,4047000000.0,26780000000.0,562000000.0,-1133000000.0,0.0,18209000000.0,0.0,1.2391895231035335,0.5970020622364492,5.868683812405446,0.012388924005789248,0.0,0.05627836611195159,0.0,0.0,0.0,0.46236559139784944,3.8540925266903914,,0.087321862784327,0.7655053125772177,0.005725014620333035,0.0,0.23651744800845964,0.0,0.0,0.0,0.0,0.11833333333333333,-0.11428571428571428,-0.2671532846715328,0.0,0.0,0.0,Utilities—Diversified,Utilities,AESC
2018Q2,2018,Q2,2018-08-07,2018-06-30,210000000.0,2537000000.0,685000000.0,0.0,600000000.0,0.2364998029,32597000000.0,3309000000.0,5287000000.0,3994000000.0,26940000000.0,583000000.0,-1234000000.0,0.0,18451000000.0,0.0,1.3237356034051078,0.601006227566954,5.920519794499849,0.018367425113000845,0.0,0.06346328195829556,0.0,0.0,0.0,0.4095238095238095,3.322469982847341,,0.07782924809031506,0.8560340510766149,0.006442310642083627,0.0,0.2364998029168309,0.0,0.0,0.0,0.0,-0.08536585365853659,-0.6929824561403509,-0.42725752508361203,0.0,0.0,0.0,Utilities—Diversified,Utilities,AESC
2018Q1,2018,Q1,2018-05-08,2018-03-31,684000000.0,2740000000.0,1196000000.0,0.0,656000000.0,0.2394160584,32573000000.0,3193000000.0,5438000000.0,4876000000.0,27048000000.0,569000000.0,-1525000000.0,0.0,18474000000.0,0.0,1.1152584085315833,0.6043655788536518,6.16536172878171,0.0401752847887304,0.0,0.21421860319448793,0.0,0.0,0.0,0.12573099415204678,3.662565905096661,,0.08411874865686304,0.6823215750615258,0.02099898689098333,0.0,0.23941605839416058,0.0,0.0,0.0,0.0,2.0614886731391584,1.9841726618705036,3.460905349794239,0.0,0.0,0.0,Utilities—Diversified,Utilities,AESC
2017Q4,2017,Q4,2018-02-27,2017-12-31,-695000000.0,-64000000.0,-486000000.0,0.0,-618000000.0,9.65625,33112000000.0,2465000000.0,6398000000.0,6028000000.0,28267000000.0,562000000.0,-2276000000.0,0.0,19016000000.0,0.0,1.0613802256138023,0.6029536119835709,8.099391480730223,0.6023539901917075,0.0,-0.281947261663286,0.0,0.0,0.0,-0.11366906474820145,0.9857651245551602,,-0.0019328340178787146,0.47047113470471136,-0.02098936941290167,0.0,9.65625,0.0,0.0,0.0,0.0,-1.869198312236287,-3.932489451476793,-1.7902439024390244,0.0,0.0,0.0,Utilities—Diversified,Utilities,AESC
2017Q3,2017,Q3,2017-11-02,2017-09-30,237000000.0,3632000000.0,615000000.0,0.0,711000000.0,0.1957599119,38834000000.0,3186000000.0,6660000000.0,6736000000.0,32655000000.0,660000000.0,-934000000.0,0.0,20635000000.0,0.0,0.9887173396674585,0.567363650409435,6.915568110483365,0.016655824087620685,0.0,0.0743879472693032,0.0,0.0,0.0,0.33755274261603374,4.425757575757576,,0.09352629139413916,0.6410332541567696,0.006102899521038266,0.0,0.19575991189427314,0.0,0.0,0.0,0.0,0.06119402985074627,0.6013513513513513,0.28661087866108786,0.0,0.0,0.0,Utilities—Diversified,Utilities,AESC
2017Q2,2017,Q2,2017-08-08,2017-06-30,148000000.0,3470000000.0,478000000.0,0.0,670000000.0,0.1930835735,36469000000.0,3021000000.0,6318000000.0,6411000000.0,30395000000.0,633000000.0,-1086000000.0,0.0,19554000000.0,0.0,0.985493682732803,0.5694425402396556,6.8742138364779874,0.012391401827251836,0.0,0.04899040052962595,0.0,0.0,0.0,0.5337837837837838,4.423380726698262,,0.09514930488908388,0.6435813445640306,0.004058241245989745,0.0,0.1930835734870317,0.0,0.0,0.0,0.0,0.12984822934232715,0.6263736263736264,0.21628498727735368,0.0,0.0,0.0,Utilities—Diversified,Utilities,AESC
2017Q1,2017,Q1,2017-05-08,2017-03-31,91000000.0,3492000000.0,393000000.0,0.0,593000000.0,0.1698167239,36508000000.0,2991000000.0,6401000000.0,5243000000.0,30379000000.0,645000000.0,-1139000000.0,0.0,18746000000.0,0.0,1.220865916460042,0.5569738139585845,6.79839518555667,0.009582797427652733,0.0,0.030424607154797726,0.0,0.0,0.0,0.8681318681318682,4.4945736434108525,,0.09565026843431576,0.8308220484455464,0.002492604360688068,0.0,0.1698167239404353,0.0,0.0,0.0,0.0,-0.1042296072507553,1.0222222222222221,1.4106583072100314,0.0,0.0,0.0,Utilities—Diversified,Utilities,AESC
2016Q4,2016,Q4,2017-02-27,2016-12-31,45000000.0,3544000000.0,-957000000.0,0.0,662000000.0,0.1867945824,36119000000.0,2794000000.0,6411000000.0,5272000000.0,30419000000.0,630000000.0,-1146000000.0,0.0,19158000000.0,0.0,1.2160470409711683,0.5665439242503946,7.323908375089477,0.006012014815815821,0.0,0.016105941302791697,0.0,0.0,0.0,1.6,4.574603174603174,,0.09812010299288464,0.8097496206373292,0.001245881668927711,0.0,0.18679458239277652,0.0,0.0,0.0,0.0,-0.0377906976744186,-0.7428571428571429,-2.584437086092715,0.0,0.0,0.0,Utilities—Diversified,Utilities,AESC
2016Q3,2016,Q3,2016-11-04,2016-09-30,175000000.0,3542000000.0,604000000.0,0.0,688000000.0,0.1942405421,37108000000.0,2882000000.0,7294000000.0,5713000000.0,31340000000.0,637000000.0,-114000000.0,0.0,19506000000.0,0.0,1.2767372658848242,0.5613614314972513,7.227966689798751,0.018973489956856524,0.0,0.06072172102706454,0.0,0.0,0.0,0.41714285714285715,4.480376766091052,,0.09545111566239085,0.700507614213198,0.004715964212568718,0.0,0.19424054206662902,0.0,0.0,0.0,0.0,0.1986062717770035,12.666666666666666,7.101010101010101,0.0,0.0,0.0,Utilities—Diversified,Utilities,AESC
2016Q2,2016,Q2,2016-08-05,2016-06-30,-15000000.0,3229000000.0,-99000000.0,0.0,574000000.0,0.1777640136,36974000000.0,2766000000.0,7381000000.0,6216000000.0,31301000000.0,655000000.0,-284000000.0,0.0,19515000000.0,0.0,1.1874195624195625,0.5620165521717964,7.512653651482285,-0.0028667289560859593,0.0,-0.005422993492407809,0.0,0.0,0.0,-4.8,4.0534351145038165,,0.08733163844863959,0.6267696267696268,-0.0004056904852058203,0.0,0.17776401362650976,0.0,0.0,0.0,0.0,0.1388888888888889,-1.2205882352941178,-1.1701030927835052,0.0,0.0,0.0,Utilities—Diversified,Utilities,AESC
2016Q1,2016,Q1,2016-05-09,2016-03-31,68000000.0,3471000000.0,582000000.0,0.0,504000000.0,0.1452031115,36900000000.0,3201000000.0,6947000000.0,6572000000.0,30716000000.0,682000000.0,198000000.0,0.0,19372000000.0,0.0,1.0570602556299453,0.55710027100271,6.422055607622618,0.010411229901506861,0.0,0.021243361449547016,0.0,0.0,0.0,1.0735294117647058,4.350439882697947,,0.09406504065040651,0.6685940353012781,0.0018428184281842818,0.0,0.14520311149524634,0.0,0.0,0.0,0.0,-0.298050139275766,1.0606060606060606,0.17813765182186234,0.0,0.0,0.0,Utilities—Diversified,Utilities,AESC
2015Q4,2015,Q4,2016-02-24,2015-12-31,33000000.0,3400000000.0,494000000.0,0.0,718000000.0,0.2111764706,36850000000.0,3149000000.0,6866000000.0,6950000000.0,30679000000.0,675000000.0,143000000.0,0.0,19545000000.0,0.0,0.9879136690647482,0.564640434192673,6.607494442680216,0.002871297801243207,0.0,0.010479517307081613,0.0,0.0,0.0,2.0303030303030303,3.973333333333333,,0.09226594301221167,0.6070503597122302,0.0008955223880597015,0.0,0.2111764705882353,0.0,0.0,0.0,0.0,0.06686478454680535,-0.7272727272727273,-0.19412724306688417,0.0,0.0,0.0,Utilities—Diversified,Utilities,AESC
2015Q3,2015,Q3,2015-11-05,2015-09-30,121000000.0,3721000000.0,613000000.0,0.0,673000000.0,0.1808653588,37000000000.0,3567000000.0,7220000000.0,6534000000.0,30539000000.0,670000000.0,370000000.0,0.0,19261000000.0,0.0,1.1049892868074687,0.5594054054054054,5.802635267731987,0.01841439526910444,0.0,0.03392206335856462,0.0,0.0,0.0,0.5619834710743802,4.549253731343284,,0.10056756756756757,0.6683501683501684,0.00327027027027027,0.0,0.18086535877452298,0.0,0.0,0.0,0.0,-0.10742705570291777,-0.5416666666666666,0.22845691382765532,0.0,0.0,0.0,Utilities—Diversified,Utilities,AESC
2015Q2,2015,Q2,2015-08-10,2015-06-30,264000000.0,3858000000.0,499000000.0,0.0,754000000.0,0.1954380508,38584000000.0,3864000000.0,7515000000.0,6563000000.0,31500000000.0,734000000.0,258000000.0,0.0,19741000000.0,0.0,1.1450556148103002,0.5381246112378187,5.373447204968944,0.013930340682990214,0.0,0.06832298136645963,0.0,0.0,0.0,0.2689393939393939,4.228882833787466,,0.09998963300850093,0.6609782111839098,0.0068422143893842,0.0,0.19543805080352514,0.0,0.0,0.0,0.0,0.04576976421636616,0.10460251046025104,-0.16971713810316139,0.0,0.0,0.0,Utilities—Diversified,Utilities,AESC
2015Q1,2015,Q1,2015-05-11,2015-03-31,239000000.0,3984000000.0,601000000.0,0.0,721000000.0,0.1809738956,37997000000.0,4022000000.0,7642000000.0,6582000000.0,30962000000.0,707000000.0,423000000.0,0.0,19064000000.0,0.0,1.1610452749924036,0.5369108087480591,5.072352063649926,0.017556120637446593,0.0,0.05942317255096967,0.0,0.0,0.0,0.2928870292887029,4.615275813295615,,0.10485038292496776,0.718018839258584,0.006289970260810064,0.0,0.18097389558232932,0.0,0.0,0.0,0.0,0.018361581920903956,-0.24842767295597484,-0.14992927864214992,0.0,0.0,0.0,Utilities—Diversified,Utilities,AESC
2014Q4,2014,Q4,2015-02-26,2014-12-31,318000000.0,4132000000.0,707000000.0,0.0,708000000.0,0.1713455954,38966000000.0,4272000000.0,7826000000.0,6997000000.0,31641000000.0,702000000.0,512000000.0,0.0,19319000000.0,0.0,1.1184793482921251,0.5352871734332495,4.882490636704119,0.020614097018086596,0.0,0.07443820224719101,0.0,0.0,0.0,0.11320754716981132,4.877492877492878,,0.10604116409177232,0.7084464770615978,0.00816096083765334,0.0,0.1713455953533398,0.0,0.0,0.0,0.0,-0.07692307692307693,-0.3483606557377049,-0.2711340206185567,0.0,0.0,0.0,Utilities—Diversified,Utilities,AESC
2014Q3,2014,Q3,2014-11-06,2014-09-30,488000000.0,4441000000.0,970000000.0,0.0,767000000.0,0.1727088494,38983000000.0,4397000000.0,7887000000.0,7073000000.0,31417000000.0,741000000.0,413000000.0,0.0,19396000000.0,0.0,1.115085536547434,0.5403894005079137,4.790993859449625,0.032311168123449426,0.0,0.1109847623379577,0.0,0.0,0.0,0.07377049180327869,4.958164642375169,,0.11392145294102557,0.7226070974126961,0.012518277197752867,0.0,0.17270884935825265,0.0,0.0,0.0,0.0,-0.06349206349206349,0.8697318007662835,0.5823817292006526,0.0,0.0,0.0,Utilities—Diversified,Utilities,AESC
2014Q2,2014,Q2,2014-08-07,2014-06-30,261000000.0,4311000000.0,613000000.0,0.0,819000000.0,0.1899791232,39433000000.0,4211000000.0,7407000000.0,6667000000.0,31925000000.0,710000000.0,-75000000.0,0.0,20208000000.0,0.0,1.1109944502774862,0.5508837775467248,5.158632153882688,0.014758940896342316,0.0,0.06198052719069105,0.0,0.0,0.0,0.13793103448275862,4.918309859154929,,0.10932467730073796,0.6941652917354132,0.006618821799000837,0.0,0.18997912317327767,0.0,0.0,0.0,0.0,0.031486146095717885,3.078125,0.6612466124661247,0.0,0.0,0.0,Utilities—Diversified,Utilities,AESC
2014Q1,2014,Q1,2014-05-08,2014-03-31,64000000.0,4262000000.0,369000000.0,0.0,794000000.0,0.1862975129,40973000000.0,4193000000.0,7989000000.0,7840000000.0,33332000000.0,687000000.0,-208000000.0,0.0,20072000000.0,0.0,1.0190051020408164,0.5243697068801406,5.124016217505366,0.007794049116766842,0.0,0.015263534462198903,0.0,0.0,0.0,0.5625,5.048034934497816,,0.10401972030361457,0.5892857142857143,0.0015620042466990456,0.0,0.18629751290473956,0.0,0.0,0.0,0.0,0.2329192546583851,1.5565217391304347,0.37174721189591076,0.0,0.0,0.0,Utilities—Diversified,Utilities,AESC
2013Q4,2013,Q4,2014-02-26,2013-12-31,-115000000.0,3783000000.0,269000000.0,0.0,644000000.0,0.170235263,40411000000.0,4330000000.0,7739000000.0,7653000000.0,32760000000.0,684000000.0,-150000000.0,0.0,19407000000.0,0.0,1.0112374232327193,0.5208730296206479,4.861200923787528,0.021384581671681866,0.0,-0.026558891454965358,0.0,0.0,0.0,-0.2608695652173913,4.5891812865497075,,0.09361312513919477,0.6106102182150791,-0.0028457598178713715,0.0,0.17023526301876818,0.0,0.0,0.0,0.0,-0.3127001067235859,-1.4423076923076923,-0.5144404332129964,0.0,0.0,0.0,Utilities—Diversified,Utilities,AESC
2013Q3,2013,Q3,2013-11-07,2013-09-30,260000000.0,4003000000.0,554000000.0,0.0,937000000.0,0.2340744442,41250000000.0,4813000000.0,8251000000.0,8009000000.0,33284000000.0,711000000.0,56000000.0,0.0,19005000000.0,0.0,1.0302160069921338,0.5099636363636364,4.370662788281737,0.01443617245393083,0.0,0.054020361520880945,0.0,0.0,0.0,0.11153846153846154,4.312236286919831,,0.09704242424242424,0.6561368460481958,0.006303030303030303,0.0,0.23407444416687484,0.0,0.0,0.0,0.0,0.020697167755991286,-0.2073170731707317,-0.06734006734006734,0.0,0.0,0.0,Utilities—Diversified,Utilities,AESC
2013Q2,2013,Q2,2013-08-08,2013-06-30,328000000.0,4068000000.0,594000000.0,0.0,918000000.0,0.2256637168,40836000000.0,4749000000.0,7810000000.0,8273000000.0,33029000000.0,763000000.0,-15000000.0,0.0,19459000000.0,0.0,0.9440348120391635,0.5159663042413557,4.436723520741209,0.018450050667752783,0.0,0.06906717203621815,0.0,0.0,0.0,0.09146341463414634,4.128440366972477,,0.09961798413164855,0.5718602683428019,0.008032128514056224,0.0,0.22566371681415928,0.0,0.0,0.0,0.0,0.21589403973509932,0.511520737327189,0.09796672828096119,0.0,0.0,0.0,Utilities—Diversified,Utilities,AESC
2013Q1,2013,Q1,2013-05-09,2013-03-31,217000000.0,4265000000.0,541000000.0,0.0,755000000.0,0.1770222743,42718000000.0,4633000000.0,9258000000.0,9286000000.0,34977000000.0,755000000.0,-182000000.0,0.0,19583000000.0,0.0,0.9969847081628258,0.5122899012126035,4.723505288150227,0.014806807218893967,0.0,0.04683790200733866,0.0,0.0,0.0,0.1382488479262673,4.6490066225165565,,0.09984081651762723,0.6229808313590351,0.0050798258345428155,0.0,0.17702227432590856,0.0,0.0,0.0,0.0,-0.19680851063829788,-0.4601990049751244,-0.26294277929155313,0.0,0.0,0.0,Utilities—Diversified,Utilities,AESC
2012Q4,2012,Q4,2013-02-27,2012-12-31,402000000.0,4622000000.0,734000000.0,0.0,940000000.0,0.2033751623,41830000000.0,4569000000.0,8465000000.0,8319000000.0,34316000000.0,769000000.0,-264000000.0,0.0,19403000000.0,0.0,1.0175501863204712,0.5109490796079369,4.677828846574743,0.019245587677626817,0.0,0.08798424162836507,0.0,0.0,0.0,0.0,4.788036410923277,,0.11049486014821898,0.6464719317225628,0.009610327516136745,0.0,0.2033751622674167,0.0,0.0,0.0,0.0,-0.06374501992031872,1.2817098808689558,1.7406659939455096,0.0,0.0,0.0,Utilities—Diversified,Utilities,AESC
2012Q3,2012,Q3,2012-11-07,2012-09-30,-1427000000.0,4587000000.0,-991000000.0,0.0,1004000000.0,0.2188794419,41356000000.0,4424000000.0,8684000000.0,7526000000.0,33520000000.0,796000000.0,-439000000.0,0.0,19617000000.0,0.0,1.1538665958012224,0.5213270142180095,4.8734177215189876,-0.043504512892149336,0.0,-0.3225587703435805,0.0,0.0,0.0,0.0,4.501256281407035,,0.11091498210658671,0.7290725484985384,-0.03450527130283393,0.0,0.21887944190102462,0.0,0.0,0.0,0.0,0.4508670520231214,-11.192857142857143,-2.64891846921797,0.0,0.0,0.0,Utilities—Diversified,Utilities,AESC
2012Q2,2012,Q2,2012-08-06,2012-06-30,140000000.0,4192000000.0,601000000.0,0.0,692000000.0,0.1650763359,42749000000.0,6123000000.0,8317000000.0,7039000000.0,33248000000.0,826000000.0,1159000000.0,0.0,19999000000.0,0.0,1.1815598806648673,0.5082224145594049,3.5482606565409114,0.013420812916279671,0.0,0.02286460885187,0.0,0.0,0.0,0.0,4.237288135593221,,0.09806077335142342,0.7441397925841738,0.0032749304077288356,0.0,0.1650763358778626,0.0,0.0,0.0,0.0,-0.3580705009276438,-0.7233201581027668,-0.4130859375,0.0,0.0,0.0,Utilities—Diversified,Utilities,AESC
2012Q1,2012,Q1,2012-05-04,2012-03-31,506000000.0,4740000000.0,1024000000.0,0.0,1078000000.0,0.2274261603,45431000000.0,6489000000.0,9559000000.0,7978000000.0,34960000000.0,799000000.0,1019000000.0,0.0,20547000000.0,0.0,1.1981699674103785,0.48942352138407696,3.4265680382185235,0.023335980945837203,0.0,0.07797811681306827,0.0,0.0,0.0,0.0,4.58322903629537,,0.1043340450353283,0.7724993732765104,0.011137769364530826,0.0,0.22742616033755275,0.0,0.0,0.0,0.0,-0.033183856502242155,0.02636916835699797,1.6736292428198434,0.0,0.0,0.0,Utilities—Diversified,Utilities,AESC
2011Q4,2011,Q4,2012-02-27,2011-12-31,493000000.0,4157000000.0,383000000.0,0.0,1115000000.0,0.2682222757,45333000000.0,5946000000.0,9228000000.0,8446000000.0,35604000000.0,789000000.0,678000000.0,0.0,20863000000.0,0.0,1.0925882074354725,0.49793748483444733,3.796333669693912,0.010031536657645567,0.0,0.08291288261015808,0.0,0.0,0.0,0.0,3.8555133079847907,,0.09169920367061522,0.665403741416055,0.010875079963823264,0.0,0.2682222756795766,0.0,0.0,0.0,0.0,0.09313725490196079,2.423611111111111,-0.005194805194805195,0.0,0.0,0.0,Utilities—Diversified,Utilities,AESC
2011Q3,2011,Q3,2011-11-04,2011-09-30,144000000.0,4381000000.0,385000000.0,0.0,1020000000.0,0.2328235563,40883000000.0,6233000000.0,10067000000.0,7241000000.0,31026000000.0,668000000.0,887000000.0,0.0,17486000000.0,0.0,1.3902775859687888,0.5106768094317932,3.34959088721322,0.008968975498389662,0.0,0.023102839724049414,0.0,0.0,0.0,0.0,5.031437125748503,,0.10715945503020816,0.9442066012981633,0.003522246410488467,0.0,0.23282355626569276,0.0,0.0,0.0,0.0,0.0009813542688910696,-0.6778523489932886,-0.4852941176470588,0.0,0.0,0.0,Utilities—Diversified,Utilities,AESC
2011Q2,2011,Q2,2011-08-05,2011-06-30,447000000.0,4544000000.0,748000000.0,0.0,1019000000.0,0.2242517606,42635000000.0,6911000000.0,10173000000.0,7193000000.0,31798000000.0,654000000.0,1018000000.0,0.0,17811000000.0,0.0,1.4142916724593355,0.5027559516828897,3.1015771957748517,0.01887284272913286,0.0,0.06467949645492693,0.0,0.0,0.0,0.0,5.389908256880734,,0.10657910167702592,1.0418462393994161,0.010484343848950393,0.0,0.22425176056338028,0.0,0.0,0.0,0.0,0.002952755905511811,-0.07835051546391752,-0.05674653215636822,0.0,0.0,0.0,Utilities—Diversified,Utilities,AESC
2011Q1,2011,Q1,2011-05-09,2011-03-31,485000000.0,4264000000.0,793000000.0,0.0,1016000000.0,0.2382739212,40500000000.0,6852000000.0,8746000000.0,7551000000.0,29398000000.0,634000000.0,844000000.0,0.0,17444000000.0,0.0,1.158257184478877,0.4802962962962963,2.8388791593695273,0.020798777311695098,0.0,0.07078225335668419,0.0,0.0,0.0,0.0,5.1230283911671926,,0.10528395061728395,0.8233346576612369,0.011975308641975308,0.0,0.23827392120075047,0.0,0.0,0.0,0.0,0.004945598417408506,3.5797872340425534,3.38855421686747,0.0,0.0,0.0,Utilities—Diversified,Utilities,AESC
2010Q4,2010,Q4,2011-02-28,2010-12-31,-188000000.0,4404000000.0,-332000000.0,0.0,1011000000.0,0.2295640327,40511000000.0,6473000000.0,9446000000.0,8065000000.0,30098000000.0,600000000.0,620000000.0,0.0,17179000000.0,0.0,1.1712337259764414,0.4871022685196613,3.0485091920284257,-0.005376398732804456,0.0,-0.029043720067974663,0.0,0.0,0.0,0.0,5.655,,0.10871121423810817,0.8274023558586485,-0.004640714867566834,0.0,0.2295640326975477,0.0,0.0,0.0,0.0,0.026395939086294416,-1.6962962962962962,-1.542483660130719,0.0,0.0,0.0,Utilities—Diversified,Utilities,AESC
2010Q3,2010,Q3,2010-11-04,2010-09-30,270000000.0,4151000000.0,612000000.0,0.0,985000000.0,0.2372922187,41780000000.0,6890000000.0,9768000000.0,7029000000.0,30997000000.0,611000000.0,1056000000.0,0.0,17127000000.0,0.0,1.3896713615023475,0.47809956917185253,2.8991291727140784,0.01614371067938116,0.0,0.03918722786647315,0.0,0.0,0.0,1.5148148148148148,5.181669394435352,,0.09935375777884155,0.9779484990752596,0.00646242221158449,0.0,0.2372922187424717,0.0,0.0,0.0,0.0,0.003054989816700611,-0.02527075812274368,-0.22824716267339218,0.0,0.0,0.0,Utilities—Diversified,Utilities,AESC
2010Q2,2010,Q2,2010-08-06,2010-06-30,277000000.0,4021000000.0,793000000.0,0.0,982000000.0,0.2442178563,40701000000.0,6687000000.0,9564000000.0,6364000000.0,30047000000.0,551000000.0,942000000.0,0.0,16781000000.0,0.0,1.502828409805154,0.4833296479201985,2.941827426349634,0.01566435056494379,0.0,0.04142365784357709,0.0,0.0,0.0,0.0,5.5154264972776765,,0.0987936414338714,1.069610307982401,0.006805729588953588,0.0,0.24421785625466302,0.0,0.0,0.0,0.0,-0.018,-0.2786458333333333,0.02190721649484536,0.0,0.0,0.0,Utilities—Diversified,Utilities,AESC
2010Q1,2010,Q1,2010-05-07,2010-03-31,384000000.0,4112000000.0,776000000.0,0.0,1000000000.0,0.2431906615,41882000000.0,6247000000.0,10460000000.0,6894000000.0,31346000000.0,575000000.0,791000000.0,0.0,17250000000.0,0.0,1.5172613867130837,0.4928608948951817,3.304306066912118,0.019106903092021992,0.0,0.061469505362574034,0.0,0.0,0.0,0.1875,5.412173913043478,,0.09818060264552791,1.0707861908906295,0.009168616589465642,0.0,0.24319066147859922,0.0,0.0,0.0,0.0,0.32100396301188905,0.10662824207492795,1.0103626943005182,0.0,0.0,0.0,Utilities—Diversified,Utilities,AESC
2009Q4,2009,Q4,2010-02-26,2009-12-31,347000000.0,3408000000.0,386000000.0,0.0,757000000.0,0.2221244131,39535000000.0,4675000000.0,8787000000.0,6621000000.0,30655000000.0,569000000.0,650000000.0,0.0,18107000000.0,0.0,1.3271409152695968,0.5037561654230429,4.260106951871657,0.011815161552764618,0.0,0.07422459893048128,0.0,0.0,0.0,0.8213256484149856,4.659050966608084,,0.08620209940558998,0.8507778281226401,0.008777033008726445,0.0,0.2221244131455399,0.0,0.0,0.0,0.0,-0.2490079365079365,-0.17772511848341233,-0.5240443896424167,0.0,0.0,0.0,Utilities—Diversified,Utilities,AESC
2009Q3,2009,Q3,2009-11-06,2009-09-30,422000000.0,3838000000.0,811000000.0,0.0,1008000000.0,0.26263679,39261000000.0,4583000000.0,8728000000.0,6238000000.0,30696000000.0,578000000.0,698000000.0,0.0,17640000000.0,0.0,1.3991663994870152,0.5007513817783551,4.289766528474798,0.022515386312206665,0.0,0.09207942395810605,0.0,0.0,0.0,0.5379146919431279,4.896193771626297,,0.09775604289243779,0.9285027252324463,0.010748580015791752,0.0,0.26263678999478896,0.0,0.0,0.0,0.0,0.19008264462809918,-0.12266112266112267,0.025284450063211124,0.0,0.0,0.0,Utilities—Diversified,Utilities,AESC
2009Q2,2009,Q2,2009-08-07,2009-06-30,481000000.0,3495000000.0,791000000.0,0.0,847000000.0,0.2423462089,37418000000.0,4392000000.0,8022000000.0,5397000000.0,29187000000.0,577000000.0,513000000.0,0.0,17485000000.0,0.0,1.4863813229571985,0.5136565289432893,4.376138433515482,0.02749737074744779,0.0,0.10951730418943534,0.0,0.0,0.0,0.6694386694386695,4.589254766031196,,0.0934042439467636,0.9636835278858625,0.012854775776364317,0.0,0.24234620886981403,0.0,0.0,0.0,0.0,-0.04077010192525481,-0.02631578947368421,0.008928571428571428,0.0,0.0,0.0,Utilities—Diversified,Utilities,AESC
2009Q1,2009,Q1,2009-05-08,2009-03-31,494000000.0,3378000000.0,784000000.0,0.0,883000000.0,0.2613972765,34838000000.0,3915000000.0,7213000000.0,4525000000.0,27141000000.0,502000000.0,210000000.0,0.0,16690000000.0,0.0,1.5940331491712707,0.5154429071703313,4.586717752234994,0.026468443111873623,0.0,0.12618135376756068,0.0,0.0,0.0,0.024291497975708502,4.97011952191235,,0.096963086285091,1.0172375690607736,0.014179918479820886,0.0,0.2613972764949674,0.0,0.0,0.0,0.0,-0.7458992805755396,11.51063829787234,391.0,0.0,0.0,0.0,Utilities—Diversified,Utilities,AESC
2008Q4,2008,Q4,2009-02-26,2008-12-31,-47000000.0,3475000000.0,2000000.0,0.0,3475000000.0,1.0,34806000000.0,3669000000.0,7326000000.0,5182000000.0,31137000000.0,574000000.0,-8000000.0,0.0,17188000000.0,0.0,1.4137398687765341,0.5197667068896167,4.930771327337149,8.585843611638204e-05,0.0,-0.012810029980921232,0.0,0.0,0.0,0.0,0.0,,0.09983910819973568,0.8778463913546893,-0.0013503418950755618,0.0,1.0,0.0,0.0,0.0,0.0,-0.2002301495972382,-1.3241379310344827,-0.9976359338061466,0.0,0.0,0.0,Utilities—Diversified,Utilities,AESC
2008Q3,2008,Q3,2008-11-06,2008-09-30,145000000.0,4345000000.0,846000000.0,0.0,4345000000.0,1.0,36653000000.0,4229000000.0,8393000000.0,5415000000.0,28719000000.0,597000000.0,40000000.0,0.0,16937000000.0,0.0,1.5499538319482917,0.5086623195918478,4.408607235753133,0.017134478770049765,0.0,0.03428706550011823,0.0,0.0,0.0,0.0,0.0,,0.11854418465064251,0.7678670360110803,0.00395601997108013,0.0,1.0,0.0,0.0,0.0,0.0,0.04799807042932947,-0.8394241417497231,1.261111111111111,0.0,0.0,0.0,Utilities—Diversified,Utilities,AESC
2008Q2,2008,Q2,2008-08-07,2008-06-30,903000000.0,4146000000.0,-3240000000.0,0.0,4146000000.0,1.0,38115000000.0,4289000000.0,8904000000.0,5825000000.0,30017000000.0,600000000.0,-105000000.0,0.0,16816000000.0,0.0,1.5285836909871244,0.5011675193493376,4.453718815574726,-0.10252366925488365,0.0,0.2105385870832362,0.0,0.0,0.0,0.0,0.0,,0.10877607241243605,0.8472103004291845,0.023691460055096418,0.0,1.0,0.0,0.0,0.0,0.0,0.01023391812865497,2.875536480686695,-0.011235955056179775,0.0,0.0,0.0,Utilities—Diversified,Utilities,AESC
2008Q1,2008,Q1,2008-05-08,2008-03-31,233000000.0,4104000000.0,-3204000000.0,0.0,4104000000.0,1.0,35745000000.0,3321000000.0,8363000000.0,6033000000.0,28985000000.0,514000000.0,-1008000000.0,0.0,16679000000.0,0.0,1.3862091828277805,0.5160162260456008,5.554049984944294,-0.07266937053144086,0.0,0.07015959048479374,0.0,0.0,0.0,0.0,0.0,,0.11481326059588753,0.7173877009779546,0.006518394181004336,0.0,1.0,0.0,0.0,0.0,0.0,0.12008733624454149,-0.47874720357941836,-1.4434602076124567,0.0,0.0,0.0,Utilities—Diversified,Utilities,AESC
2007Q4,2007,Q4,2008-03-17,2007-12-31,447000000.0,3664000000.0,7225000000.0,0.0,3664000000.0,1.0,34453000000.0,3164000000.0,8336000000.0,5482000000.0,31289000000.0,480000000.0,-1241000000.0,0.0,15936000000.0,0.0,1.5206129149945276,0.5222767248135141,5.687104930467762,0.28745921858836637,0.0,0.14127686472819218,0.0,0.0,0.0,0.0,0.0,,0.10634777813252837,1.0379423568040862,0.012974196731779526,0.0,1.0,0.0,0.0,0.0,0.0,0.055603572457505045,3.3398058252427183,3.6523494860499266,0.0,0.0,0.0,Utilities—Diversified,Utilities,AESC
2007Q3,2007,Q3,2007-11-06,2007-09-30,103000000.0,3471000000.0,-2724000000.0,0.0,3471000000.0,1.0,33350000000.0,3199000000.0,7620000000.0,5578000000.0,26914000000.0,511000000.0,-1260000000.0,0.0,13722000000.0,0.0,1.366081032628182,0.47961019490254875,5.0,-0.054492239795400195,0.0,0.03219756173804314,0.0,0.0,0.0,0.0,0.0,,0.10407796101949025,0.787378988884905,0.003088455772113943,0.0,1.0,0.0,0.0,0.0,0.0,0.03797846889952153,-0.582995951417004,-4.405,0.0,0.0,0.0,Utilities—Diversified,Utilities,AESC
2007Q2,2007,Q2,2007-08-09,2007-06-30,247000000.0,3344000000.0,800000000.0,0.0,3344000000.0,1.0,32622000000.0,3061000000.0,7555000000.0,5660000000.0,26298000000.0,497000000.0,-1364000000.0,0.0,14999000000.0,0.0,1.3348056537102473,0.52538164428913,5.599150604377654,0.01998102161029846,0.0,0.08069258412283567,0.0,0.0,0.0,0.0,0.0,,0.10250751026914352,0.7378091872791519,0.007571577463061738,0.0,1.0,0.0,0.0,0.0,0.0,0.07145145786606857,1.542857142857143,1.3421727972626176,0.0,0.0,0.0,Utilities—Diversified,Utilities,AESC
2007Q1,2007,Q1,2007-06-21,2007-03-31,-455000000.0,3121000000.0,-2338000000.0,0.0,3121000000.0,1.0,31955000000.0,2545000000.0,6834000000.0,5022000000.0,26140000000.0,496000000.0,-1533000000.0,0.0,15027000000.0,0.0,1.3608124253285543,0.5310905961508371,6.668369351669941,-0.04752032520325202,0.0,-0.1787819253438114,0.0,0.0,0.0,0.0,0.0,,0.09766859646377718,0.7574671445639187,-0.014238773274917854,0.0,1.0,0.0,0.0,0.0,0.0,-0.002556727388942154,-6.617283950617284,-6.412037037037037,0.0,0.0,0.0,Utilities—Diversified,Utilities,AESC
