Quarters,Year,Quarter,FillingDate,Date,NetIncome,Revenue,OperatingIncome,EPSDiluted,GrossProfit,GrossProfitRatio,TotalAssets,CommonStockEquity,CurrentAssets,CurrentLiability,TotalLiability,Inventory,RetainedEarnings,MarketCap,EnterpriseValue,bookValuePerShare,currentRatio,debtToAssets,debtToEquity,roic,shareholdersEquityPerShare,roe,priceToSalesRatio,peRatio,pbRatio,payoutRatio,inventoryTurnover,dividendYield,assetTurnover,quickRatio,returnOnAssets,priceToFreeCashFlowsRatio,grossProfitMargin,epsdilutedGrowth,fiveYNetIncomeGrowthPerShare,fiveYRevenueGrowthPerShare,fiveYShareholdersEquityGrowthPerShare,grossProfitGrowth,netIncomeGrowth,operatingIncomeGrowth,threeYNetIncomeGrowthPerShare,threeYRevenueGrowthPerShare,threeYShareholdersEquityGrowthPerShare,Industry,Sector,Symbol
2020Q2,2020,Q2,2020-03-31,2020-03-31,-27133040.0,6278020.0,5014750.0,-0.12848,6152440.0,0.9799968779965658,535525616.0,211190271.0,0.0,0.0,324335345.0,0.0,-123798543.0,861656301.6,861540959.6,1.0000000047350666,0.0,0.0,0.0,0.023745175268987652,1.0000000047350666,-0.12847675165869737,137.24969044380234,-7.939179516928439,4.079999980680928,-0.3430452319386254,0.0,0.01080228854906108,0.011723099348435276,0.0,-0.0506661851260538,-31.756718067713756,0.9799968779965658,-6.72039180765806,0.22339903576453152,-0.814793945239398,-0.8128458489161842,-0.10612547926815626,-3.6955832358077996,-0.12401370205198885,-1.3974540776372137,-0.8053945668951501,-0.8012987003578375,Asset Management,Financial Services,PIM
2019Q4,2019,Q4,2019-09-30,2019-09-30,10065740.0,7001840.0,5724690.0,0.02246,6882890.0,0.9830116083772266,486261966.0,249960984.0,0.0,0.0,236300982.0,0.0,-87357642.0,2056899441.6,2056725774.6,0.5577914473385892,0.0,0.0,0.0,0.022902334229889253,0.5577914473385892,0.040269244579386035,293.7655589959211,51.08664245251715,8.228881998640237,0.9262339380909899,0.0,0.004532662030744557,0.014399316602113191,0.0,0.020700241235811562,204.3465698100686,0.9830116083772266,0.0,-0.7277234324979884,-0.9172617746317276,-0.9047689800869574,0.0,0.0,0.0,-0.922464418982678,-0.914087920181839,-0.8852204225385335,Asset Management,Financial Services,PIM
2019Q2,2019,Q2,2019-03-31,2019-03-31,0.0,0.0,0.0,0.0,0.0,0.0,414225285.0,249218473.0,0.0,0.0,165006812.0,0.0,-88106984.0,0.0,-156390.0,0.0,0.0,0.0,0.0,,0.0,0.0,0.0,0.0,0.0,0.0,0.0,,0.0,0.0,0.0,0.0,0.0,-1.0,-1.0,-1.0,-1.0,-1.0,-1.0,-1.0,1.0,-1.0,-1.0,Asset Management,Financial Services,PIM
2018Q4,2018,Q4,2018-09-30,2018-09-30,1618920.0,8020000.0,6653000.0,0.03069,7876450.0,0.9821009975062344,395584530.0,262509146.0,0.0,0.0,133075384.0,0.0,-80827488.0,238980648.3,238953167.3,4.975994666677788,0.0,0.0,0.0,0.025343878875747818,4.975994666677788,0.0061670994122239075,29.798085822942646,36.90433256430213,0.9103707506632931,4.550700466977985,0.0,0.030827684385355315,0.02027379584333088,0.0,0.004092475507067984,147.61733025720844,0.9821009975062344,0.0,3.11108518273363,-0.2223429234554791,-0.13702323732058647,0.0,0.0,0.0,1.17451256786851,0.051444802770503714,-0.03843957789548973,Asset Management,Financial Services,PIM
2018Q2,2018,Q2,2018-03-31,2018-03-31,0.0,0.0,0.0,0.0,0.0,0.0,420257881.0,270100905.0,0.0,0.0,150156976.0,0.0,4000998.0,0.0,-47383.0,0.0,0.0,0.0,0.0,,0.0,0.0,0.0,0.0,0.0,0.0,0.0,,0.0,0.0,0.0,0.0,0.0,-1.0,-1.0,-1.0,-1.0,-1.0,-1.0,-1.0,1.0,-1.0,-1.0,Asset Management,Financial Services,PIM
2017Q4,2017,Q4,2017-09-30,2017-09-30,8446210.0,8525050.0,7191000.0,0.15772,8395360.0,0.9847871859989091,508244780.0,269544230.0,0.0,0.0,238700550.0,0.0,5283140.0,253299162.60000002,253295992.60000002,5.033353426096166,0.0,0.0,0.0,0.026678367405601672,5.033353426096166,0.03133515416004268,29.712337476026537,7.497420813595684,0.9397313479869335,0.986592803162602,0.0,0.03289774002592775,0.016773512164748646,0.0,0.01661839006000219,29.953191343936627,0.9847871859989091,-0.5120804331013148,0.2005430226528687,0.16842421277527714,-0.07201519348791147,0.04031722428748451,-0.5120618139803582,0.046724890829694325,0.9118516724773139,-0.15701719617766718,-0.1406620115152412,Asset Management,Financial Services,PIM
2017Q2,2017,Q2,2017-03-31,2017-03-31,17310000.0,8180000.0,6870000.0,0.32325,8070000.0,0.9865525672371638,695000000.0,269500000.0,0.0,0.0,425500000.0,0.0,1000000.0,251149500.00000003,250849500.00000003,5.032679738562091,0.0,0.0,0.0,0.02549165120593692,5.032679738562091,0.06423005565862709,30.7028728606357,3.62723136915078,0.931909090909091,0.4852686308492201,0.0,0.03344621430661816,0.011769784172661871,0.0,0.024906474820143885,14.517312138728325,0.9865525672371638,0.11580945806006201,0.12291097295607839,-0.1588902898404402,-0.07783338346961288,-0.17060637204522097,0.10325047801147227,-0.19649122807017544,-0.07497160664169923,-0.1352594573182808,-0.1187651002599829,Asset Management,Financial Services,PIM
2016Q4,2016,Q4,2016-09-30,2016-09-30,15690000.0,9850000.0,8550000.0,0.2897,9730000.0,0.9878172588832488,511200000.0,263200000.0,0.0,0.0,248000000.0,0.0,2500000.0,239387200.0,236987200.0,4.859675036927622,0.0,0.0,0.0,0.03248480243161094,4.859675036927622,0.059612462006079024,24.303269035532995,3.8143275971956663,0.9095258358662613,0.5417463352453792,0.0,0.035507328712646294,0.019268388106416276,0.0,0.030692488262910798,15.247592356687898,0.9878172588832488,2.8181247646541983,1.664807551170397,0.052022315066339815,-0.08939935276715187,0.21321695760598502,2.818076477404403,0.25735294117647056,20.929169001171495,-0.06967248039995445,-0.15719631712512835,Asset Management,Financial Services,PIM
2016Q2,2016,Q2,2016-03-31,2016-03-31,-8630000.0,8140000.0,6800000.0,-0.15934,8020000.0,0.9852579852579852,440500000.0,256000000.0,0.0,0.0,184500000.0,0.0,8000000.0,238304000.00000003,238204000.00000003,4.726735598227474,0.0,0.0,0.0,0.0265625,4.726735598227474,-0.0337109375,29.27567567567568,-6.903360370799538,0.930875,-0.984936268829664,0.0,0.035668725661340134,0.01847900113507378,0.0,-0.019591373439273554,-27.709767441860468,0.9852579852579852,0.09388683537105486,-1.3902379164385397,-0.3465286567155414,-0.2088746872456515,0.05111402359108781,0.08677248677248678,0.07765451664025357,-1.4254967966038596,-0.10082821458647802,-0.16239746035186728,Asset Management,Financial Services,PIM
2015Q4,2015,Q4,2015-09-30,2015-09-30,-9450000.0,7770000.0,6310000.0,-0.17585,7630000.0,0.9819819819819819,575000000.0,278100000.0,0.0,0.0,296900000.0,0.0,9800000.0,242367400.0,242267400.0,5.174916263490882,0.0,0.0,0.0,0.02268967997123337,5.174916263490882,-0.03398058252427184,31.192715572715574,-6.411835978835979,0.8715116864437252,-0.931216931216931,0.0,0.03630851343868853,0.013513043478260869,0.0,-0.01643478260869565,-25.512357894736848,0.9819819819819819,-0.06298736625763171,-1.5328121631141878,-0.5229637761441186,-0.10870411812082835,-0.15222222222222223,-0.005319148936170213,-0.17516339869281045,-2.338513058669246,0.061205722566547445,-0.04591566278777429,Asset Management,Financial Services,PIM
2015Q2,2015,Q2,2015-03-31,2015-03-31,-9400000.0,9120000.0,7650000.0,-0.16543,9000000.0,0.9868421052631579,553900000.0,303600000.0,0.0,0.0,250300000.0,0.0,2200000.0,278418000.0,274418000.0,5.343189017951426,0.0,0.0,0.0,0.025197628458498024,5.343189017951426,-0.030961791831357048,30.52828947368421,-7.4047340425531925,0.9170553359683795,-0.9468085106382979,0.0,0.03196632401640698,0.016465065896371187,0.0,-0.0169705723054703,-29.618936170212766,0.9868421052631579,-3.005212121212121,-1.2619617363009876,-0.508984636435296,-0.08112378883685699,-0.13378248315688163,-3.0434782608695654,-0.13559322033898305,-1.5746909488637242,-0.11620319516078928,-0.020936996961703865,Asset Management,Financial Services,PIM
2014Q4,2014,Q4,2014-09-30,2014-09-30,4600000.0,10530000.0,8850000.0,0.0825,10390000.0,0.9867046533713201,393600000.0,326600000.0,0.0,0.0,67000000.0,0.0,3500000.0,280472800.0,280372800.0,5.857245337159254,0.0,0.0,0.0,0.02709736680955297,5.857245337159254,0.014084507042253521,26.63559354226021,15.243086956521742,0.8587654623392529,2.0217391304347827,0.0,0.03315829556377659,0.026753048780487804,0.0,0.011686991869918699,60.972347826086946,0.9867046533713201,-0.7639147231363571,-0.9561362520491579,-0.24868723098995696,-0.012334608640204008,-0.003835091083413231,-0.7797989468645284,-0.002254791431792559,1.1893157395717464,0.09237809609975653,0.09752429009961291,Asset Management,Financial Services,PIM
2014Q2,2014,Q2,2014-03-31,2014-03-31,20890000.0,10560000.0,8870000.0,0.34945,10430000.0,0.9876893939393939,490900000.0,341400000.0,0.0,0.0,149500000.0,0.0,3600000.0,307867000.0,307367000.0,5.710940113750418,0.0,0.0,0.0,0.025981253661394258,5.710940113750418,0.0611892208553017,29.154071969696968,3.684382479655338,0.9017779730521384,0.4547630445189086,0.0,0.030857480665352245,0.021511509472397636,0.0,0.04255449174984722,14.730478468899522,0.9876893939393939,25.03370013755158,1.2643407494930183,0.27123261482578975,0.3208085313293649,-0.09696969696969697,25.011494252873565,-0.11122244488977956,-0.14418508027006083,-0.23195121675434183,-0.044145967185803735,Asset Management,Financial Services,PIM
2013Q4,2013,Q4,2013-09-30,2013-09-30,-870000.0,11700000.0,9980000.0,-0.01454,11550000.0,0.9871794871794872,420400000.0,345100000.0,0.0,0.0,75300000.0,0.0,4200000.0,292068000.0,291368000.0,5.766081871345029,0.0,0.0,0.0,0.02891915386844393,5.766081871345029,-0.0025210084033613447,24.963076923076922,-83.92758620689655,0.8463286004056796,-11.609195402298853,0.0,0.034580987989098436,0.027830637488106564,0.0,-0.002069457659372027,-324.51999999999924,0.9871794871794872,-1.0388261368794893,0.9795256752469726,-0.509781631111271,-0.22908073755818117,0.06451612903225806,-1.0353658536585366,0.07543103448275862,-1.0440448445837842,-0.3550148601035487,-0.006885374597129085,Asset Management,Financial Services,PIM
2013Q2,2013,Q2,2013-03-31,2013-03-31,24600000.0,10980000.0,9280000.0,0.37449,10850000.0,0.98816029143898,554700000.0,370700000.0,0.0,0.0,184000000.0,0.0,-1200000.0,342238331.0,342238331.0,5.6431724767848985,0.0,0.0,0.0,0.025033719989209603,5.6431724767848985,0.0663609387644996,31.169246903460838,3.478031819105691,0.9232218262746157,0.4146341463414634,0.0,0.029803791907809418,0.01979448350459708,0.0,0.04434829637641969,13.912127276422764,0.98816029143898,1.8506508335236358,2.5007284870025757,-0.35323838735076524,-0.15237117719614646,0.23435722411831628,1.850521436848204,0.281767955801105,-0.40701039363984926,-0.4886661420800644,-0.02953518451490113,Asset Management,Financial Services,PIM
2012Q4,2012,Q4,2012-09-30,2012-09-30,8630000.0,8950000.0,7240000.0,0.13137,8790000.0,0.982122905027933,513200000.0,356300000.0,0.0,0.0,156900000.0,0.0,-300000.0,340274200.0,339574200.0,5.423961029075963,0.0,0.0,0.0,0.02031995509402189,5.423961029075963,0.024221161942183555,38.01946368715084,9.857305909617612,0.9550216110019645,0.6373117033603708,0.0,0.016163435253098823,0.017439594699922057,0.0,0.016816056118472332,39.566767441860456,0.982122905027933,-0.5436481745232223,-0.11819750250257172,-0.46497968085640223,-0.3357803079804695,-0.2544529262086514,-0.5436277102062401,-0.29296875,-0.9301474596923388,-0.4579505134840802,-0.08539624274971042,Asset Management,Financial Services,PIM
2012Q2,2012,Q2,2012-03-31,2012-03-31,18910000.0,11930000.0,10240000.0,0.28787,11790000.0,0.9882648784576697,555100000.0,358500000.0,0.0,0.0,196600000.0,0.0,-6800000.0,338303500.0,338103500.0,5.457451666920384,0.0,0.0,0.0,0.028563458856345886,5.457451666920384,0.052747559274755926,28.357376362112323,4.47254759386568,0.9436638772663878,0.6028556319407721,0.0,0.03369755264134128,0.021491623130967395,0.0,0.03406593406593406,17.899656084656083,0.9882648784576697,1.660615935377272,0.18079840489016877,-0.14446431457972694,-0.23807438460150648,0.05361930294906166,1.659804605722261,0.06889352818371608,1.217757867446024,0.30694767631515996,0.2621825089061202,Asset Management,Financial Services,PIM
2011Q4,2011,Q4,2011-09-30,2011-09-30,-28660000.0,11370000.0,9580000.0,-0.43576,11190000.0,0.9841688654353562,560200000.0,351000000.0,0.0,0.0,209200000.0,0.0,-5600000.0,332138500.0,331838500.0,5.336779686787289,0.0,0.0,0.0,0.027293447293447293,5.336779686787289,-0.08165242165242165,29.21182937554969,-2.897230460572226,0.9462635327635327,-0.44312630844382417,0.0,0.038237060744237716,0.0202963227418779,0.0,-0.051160299892895396,-11.572770034843206,0.9841688654353562,-2.0672021943573666,-2.6081400487664745,-0.21236044413130106,-0.2761129058198819,-0.25100401606425704,-2.0698021649869354,-0.27915726109857036,0.3862339898672894,-0.5664886260878674,-0.28647800157009734,Asset Management,Financial Services,PIM
2011Q2,2011,Q2,2011-03-31,2011-03-31,26790000.0,15090000.0,13290000.0,0.40832,14940000.0,0.9900596421471173,583600000.0,392000000.0,0.0,0.0,191600000.0,0.0,-5400000.0,387755100.0,385255100.0,5.974698978814205,0.0,0.0,0.0,0.03390306122448979,5.974698978814205,0.06834183673469388,25.696163021868788,3.6184686450167973,0.9891711734693879,0.6457633445315416,0.0,0.044615789708504154,0.025856751199451678,0.0,0.045904729266620974,14.468473880597015,0.9900596421471173,0.23718337171251974,8.112959980914892,0.18309356786071895,-0.1420606722559638,-0.24430955993930198,0.2357011070110701,-0.26897689768976896,2.636322706976942,-0.11006075483008557,-0.10257446802246516,Asset Management,Financial Services,PIM
2010Q4,2010,Q4,2010-09-30,2010-09-30,21680000.0,19910000.0,18180000.0,0.33004,19770000.0,0.9929683576092416,521300000.0,381400000.0,0.0,0.0,139900000.0,0.0,-1300000.0,412533200.0,412333200.0,5.806058760846399,0.0,0.0,0.0,0.04766649187205034,5.806058760846399,0.05684320922915574,20.719899547965845,4.757071033210332,1.0816287362349242,0.9547970479704799,0.0,0.0501777796308273,0.0381929790907347,0.0,0.041588336850182234,19.098759259259264,0.9929683576092416,-0.4773878895363567,1.0575395990035876,0.5347291889789659,-0.17890067066050705,-0.06568998109640832,-0.47314702308626977,-0.065775950668037,1.2152350110943502,0.1901960395697242,-0.2889885194042972,Asset Management,Financial Services,PIM
2010Q2,2010,Q2,2010-03-31,2010-03-31,41150000.0,21300000.0,19460000.0,0.63152,21160000.0,0.9934272300469483,552600000.0,378900000.0,0.0,0.0,173700000.0,0.0,-6100000.0,405946800.0,405246800.0,5.814917127071824,0.0,0.0,0.0,0.051359197677487464,5.814917127071824,0.10860385325943521,19.058535211267607,2.466262454434994,1.0713824228028503,1.1956257594167679,0.0,0.12119814714637483,0.03854505971769816,0.0,0.07446615997104597,9.853077669902913,0.9934272300469483,-0.6642172761785256,2.2140036826183467,0.806617150916498,-0.1832899229675516,0.31184128952262863,-0.6615675631219673,0.33745704467353954,1.590432348270188,0.5399104820489454,-0.1881679250792943,Asset Management,Financial Services,PIM
2009Q4,2009,Q4,2009-09-30,2009-09-30,121590000.0,16250000.0,14550000.0,1.88074,16130000.0,0.9926153846153846,616900000.0,383400000.0,0.0,0.0,233500000.0,0.0,23600000.0,387253500.0,385553500.0,5.930394431554524,0.0,0.0,0.0,0.037949921752738654,5.930394431554524,0.3171361502347418,23.830984615384615,0.7962281026400198,1.0100508607198748,0.14392630972941853,0.0,0.045190037017096035,0.02634138434106014,0.0,0.19709839520181552,3.1846504934210524,0.9926153846153846,2.422690550394868,13.949071006504608,0.15923051621907527,-0.168700579333099,0.8267270668176671,2.4264429845143125,0.9425901201602136,5.9407252432774476,0.14519576126251874,-0.19559430136710762,Asset Management,Financial Services,PIM
2009Q2,2009,Q2,2009-03-31,2009-03-31,-85240000.0,8960000.0,7490000.0,-1.32196,8830000.0,0.9854910714285714,679400000.0,278800000.0,0.0,0.0,400600000.0,0.0,22200000.0,275974400.0,274774400.0,4.323821339950372,0.0,0.0,0.0,0.02686513629842181,4.323821339950372,-0.30573888091822093,30.800714285714285,-0.8094040356640076,0.9898651362984218,-0.2041295166588456,0.0,0.0630493263143248,0.013188107153370621,0.0,-0.1254636443921107,-3.2391361502347418,0.9854910714285714,-0.8619679427589508,-3.6031770213777503,-0.42685614470419225,-0.4025037627628849,-0.5740472744814279,-1.290782047836603,-0.599250936329588,-30.50361277830459,-0.28520275151553226,-0.37911911765995315,Asset Management,Financial Services,PIM
2008Q4,2008,Q4,2008-09-30,2008-09-30,-37210000.0,20900000.0,18690000.0,-0.70998,20730000.0,0.991866028708134,567800000.0,392000000.0,0.0,0.0,175800000.0,0.0,32200000.0,282489900.0,273589900.0,7.4794886472047315,0.0,0.0,0.0,0.04767857142857143,7.4794886472047315,-0.0949234693877551,13.516263157894738,-1.8979434291857025,0.7206375,-0.47299113141628596,0.0,0.062303112429860336,0.036808735470236,0.0,-0.06553363860514265,-7.593814516129032,0.991866028708134,-1.845155085357057,-2.11995588390483,0.47989298357108195,0.07073998316127676,0.00048262548262548264,-0.8439048562933598,0.017973856209150325,-5.426227138440529,1.0192583213491342,0.057757657128304864,Asset Management,Financial Services,PIM
2008Q2,2008,Q2,2008-03-31,2008-03-31,-20180000.0,20900000.0,18360000.0,-0.24954,20720000.0,0.9913875598086125,1102600000.0,538400000.0,0.0,0.0,564200000.0,0.0,12800000.0,498967900.0,495367900.0,6.657598615061209,0.0,0.0,0.0,0.034101040118870725,6.657598615061209,-0.037481426448737,23.87406220095694,-6.1814655599603565,0.9267605869242199,-0.9167492566897919,0.0,0.03707653338020342,0.0189551968075458,0.0,-0.018302194812261925,-24.701381188118813,0.9913875598086125,-2.674989931534434,-1.4376811598589938,-0.03376581023154777,0.011854116783014925,0.16143497757847533,-2.9109848484848486,0.19375812743823148,-2.2699637510063853,0.42832304746488015,-0.06493458824308328,Asset Management,Financial Services,PIM
2007Q4,2007,Q4,2007-09-30,2007-09-30,10560000.0,18050000.0,15380000.0,0.14898,17840000.0,0.9883656509695291,657700000.0,578800000.0,0.0,0.0,78900000.0,0.0,13000000.0,457176000.0,453176000.0,8.165914221218962,0.0,0.0,0.0,0.02657221838286109,8.165914221218962,0.01824464409122322,25.328310249307478,10.823295454545455,0.7898686938493434,1.4678030303030303,0.0,0.0339037919750818,0.027444123460544322,0.0,0.01605595256195834,43.54057142857145,0.9883656509695291,-0.3889002830304771,3.760200781931295,-0.11220360192364308,0.3041261669738314,-0.06596858638743455,-0.526032315978456,-0.07237635705669482,0.18420007655625628,0.1744606393191666,0.14466581264739256,Asset Management,Financial Services,PIM
2007Q2,2007,Q2,2007-03-31,2007-03-31,22280000.0,19400000.0,16580000.0,0.24379,19100000.0,0.9845360824742269,804900000.0,654600000.0,0.0,0.0,150300000.0,0.0,7500000.0,599518400.0,588418400.0,7.162709267972426,0.0,0.0,0.0,0.025328444851817903,7.162709267972426,0.03403605255117629,30.90301030927835,6.727091561938958,0.9158545676749159,0.7450628366247756,0.0,0.027688891617004583,0.02410237296558579,0.0,0.02768045719965213,26.8842331838565,0.9845360824742269,-0.10030630697125137,-0.227997227997228,-0.26756369899030136,0.08716398211623319,-0.019507186858316223,-0.08763308763308764,-0.017772511848341232,-0.519933060197148,-0.12444443564595925,-0.010206134907956984,Asset Management,Financial Services,PIM
2023Q2,2023,Q2,2023-03-31,2023-03-31,,,,,,,593734675.0,173043525.0,96444508.0,2051279.0,420691150.0,0.0,-135364031.0,0.0,-6017.0,0.0,47.016767587441784,0.0,0.0,,0.0,,0.0,0.0,0.0,0.0,0.0,,,47.016767587441784,,0.0,0.0,0.0,0.0,0.0,0.0,0.0,0.0,0.0,1.0,-1.0,-1.0,Asset Management,Financial Services,PIM
2022Q4,2022,Q4,2022-09-30,2022-09-30,,,,,,,413067639.0,176942354.0,48782244.0,145963791.0,236125285.0,0.0,-134285549.0,0.0,-65763.0,0.0,0.33420784473869963,0.0,0.0,,0.0,,0.0,0.0,0.0,0.0,0.0,,,0.33420784473869963,,0.0,0.0,0.0,-1.0,-1.0,-1.0,0.0,0.0,0.0,-1.0,-1.0,-1.0,Asset Management,Financial Services,PIM
2022Q2,2022,Q2,2022-03-31,2022-03-31,,,,,,,479834263.0,194355353.0,91977637.0,107383171.0,285478910.0,0.0,-118138420.0,0.0,-282302.0,0.0,0.8565367938333652,0.0,0.0,,0.0,,0.0,0.0,0.0,0.0,0.0,,,0.8565367938333652,,0.0,0.0,0.0,-1.0,-1.0,-1.0,0.0,0.0,0.0,0.0,0.0,0.0,Asset Management,Financial Services,PIM
2021Q4,2021,Q4,2021-09-30,2021-09-30,,,,,,,379014217.0,208743232.0,0.0,0.0,170270985.0,0.0,-105707909.0,0.0,-47214.0,0.0,0.0,0.0,0.0,,0.0,,0.0,0.0,0.0,0.0,0.0,,,0.0,,0.0,0.0,0.0,-1.0,-1.0,-1.0,0.0,0.0,0.0,-1.0,-1.0,-1.0,Asset Management,Financial Services,PIM
2021Q2,2021,Q2,2021-03-31,2021-03-31,,,,,,,487970788.0,228536872.0,0.0,0.0,259433916.0,0.0,-98621350.0,0.0,-1815539.0,0.0,0.0,0.0,0.0,,0.0,,0.0,0.0,0.0,0.0,0.0,,,0.0,,0.0,0.0,0.0,1.0,-1.0,-1.0,0.0,0.0,0.0,0.0,0.0,0.0,Asset Management,Financial Services,PIM
2020Q4,2020,Q4,2020-09-30,2020-09-30,,,,,,,636836352.0,220090967.0,0.0,0.0,416745385.0,0.0,-107292311.0,0.0,0.0,0.0,0.0,0.0,0.0,,0.0,,0.0,0.0,0.0,0.0,0.0,,,0.0,,0.0,0.0,0.0,1.0,-1.0,-1.0,0.0,0.0,0.0,-1.0,-1.0,-1.0,Asset Management,Financial Services,PIM
