Quarters,Year,Quarter,FillingDate,Date,NetIncome,Revenue,OperatingIncome,EPSDiluted,GrossProfit,GrossProfitRatio,TotalAssets,CommonStockEquity,CurrentAssets,CurrentLiability,TotalLiability,Inventory,RetainedEarnings,MarketCap,EnterpriseValue,bookValuePerShare,currentRatio,debtToAssets,debtToEquity,roic,shareholdersEquityPerShare,roe,priceToSalesRatio,peRatio,pbRatio,payoutRatio,inventoryTurnover,dividendYield,assetTurnover,quickRatio,returnOnAssets,priceToFreeCashFlowsRatio,grossProfitMargin,epsdilutedGrowth,fiveYNetIncomeGrowthPerShare,fiveYRevenueGrowthPerShare,fiveYShareholdersEquityGrowthPerShare,grossProfitGrowth,netIncomeGrowth,operatingIncomeGrowth,threeYNetIncomeGrowthPerShare,threeYRevenueGrowthPerShare,threeYShareholdersEquityGrowthPerShare,Industry,Sector,Symbol
2023Q1,2023,Q1,2023-05-02,2023-03-31,638000000.0,5483000000.0,811000000.0,1.6,1884000000.0,0.3436075141,35517000000.0,17449000000.0,9138000000.0,6087000000.0,18032000000.0,3604000000.0,8757000000.0,68278990000.0,77305990000.0,43.78670012547052,1.5012321340561854,0.26077652954923,0.530804057539114,0.025024489501457203,43.78670012547052,0.03656369992549716,12.452852453036659,26.75509012539185,3.913060347297839,0.5235109717868338,0.9986126526082131,0.004891695088049779,0.1543767773179041,0.7824872679480861,0.017963228876312753,326.69373205741624,0.34360751413459784,-0.11111111111111108,0.439591089536582,0.14977939315854752,0.11299333922588556,0.02558519324986391,-0.11511789181692095,0.2343987823439878,0.4960978097087823,0.17594450687258265,0.25811838268550935,Specialty Industrial Machinery,Industrials,ETN
2022Q4,2022,Q4,2023-02-23,2022-12-31,721000000.0,5384000000.0,657000000.0,1.8,1837000000.0,0.3411961367,35030000000.0,17038000000.0,8761000000.0,6375000000.0,17954000000.0,3430000000.0,8468000000.0,62466099999.99999,71286100000.0,42.80904522613066,1.3742745098039215,0.26017699115044246,0.5349219391947412,0.020946516687898563,42.80904522613066,0.042317173377156944,11.60217310549777,21.659535367545075,3.6662812536682705,0.44660194174757284,1.0341107871720117,0.005154795961329425,0.1536968312874679,0.7264313725490196,0.02058235797887525,63.93664278403275,0.3411961367013373,0.1842105263157895,0.24824553125565235,0.14257032332196176,0.09249536967862561,0.03902714932126697,0.18780889621087316,-0.13210039630118892,0.6576555343087116,0.06816173268020134,0.10097134097299085,Specialty Industrial Machinery,Industrials,ETN
2022Q3,2022,Q3,2022-11-01,2022-09-30,607000000.0,5313000000.0,757000000.0,1.52,1768000000.0,0.3327686806,34364000000.0,16068000000.0,8540000000.0,6653000000.0,18261000000.0,3428000000.0,8070000000.0,53130624000.00001,62354624000.00001,40.33132530120482,1.2836314444611454,0.2751425910836922,0.588436644261887,0.024614726393702133,40.33132530120482,0.03777694797112273,10.000117447769624,21.882464579901153,3.3066109036594478,0.5321252059308073,1.0341306884480748,0.0060793564178730514,0.15460947503201025,0.6514354426574478,0.017663834245140262,64.01280000000001,0.33276868059476755,0.013333333333333345,-0.5179822219542932,0.13268936425032316,0.07579368277666819,0.035735207967193906,0.009983361064891847,0.46705426356589147,0.056122159185828246,0.045485952088368545,0.060198770853226106,Specialty Industrial Machinery,Industrials,ETN
2022Q2,2022,Q2,2022-08-02,2022-06-30,601000000.0,5212000000.0,516000000.0,1.5,1707000000.0,0.3275134305,35153000000.0,16380000000.0,8687000000.0,8974000000.0,18737000000.0,3445000000.0,7886000000.0,50270010000.0,59991010000.0,41.05263157894737,0.96801872074883,0.28688874349273175,0.6156898656898657,0.016040991645252196,41.05263157894737,0.03669108669108669,9.645051803530315,20.910985856905157,3.0689871794871793,0.5557404326123128,1.0174165457184325,0.00664412042090304,0.1482661508263875,0.49699130822375753,0.0170966916052684,250.09955223880598,0.3275134305448964,0.1278195488721804,0.30533274934910093,0.1359827862719932,0.17809860298895397,0.08449809402795426,0.1275797373358349,0.3472584856396867,-0.0015069119339228062,-0.004660032513961556,0.06143686211727032,Specialty Industrial Machinery,Industrials,ETN
2022Q1,2022,Q1,2022-05-03,2022-03-31,533000000.0,4843000000.0,383000000.0,1.33,1574000000.0,0.3250051621,35208000000.0,16620000000.0,8194000000.0,8256000000.0,18552000000.0,3317000000.0,7707000000.0,60582592000.0,70294592000.0,41.633266533066134,0.9924903100775194,0.282577823221995,0.5986161251504212,0.012254779396381624,41.633266533066134,0.03206979542719615,12.509310757794756,28.41584990619137,3.6451619735258722,0.600375234521576,0.9855290925535122,0.005282045376995425,0.13755396500795275,0.5053294573643411,0.015138604862531243,-829.8985205479452,0.3250051620896139,-0.029197080291970826,0.38709363170786015,0.12308899978174165,0.23276440060962464,0.001272264631043257,-0.032667876588021776,-0.4170471841704718,0.08450617710516813,-0.030373659666174987,0.0874456360512562,Specialty Industrial Machinery,Industrials,ETN
2021Q4,2021,Q4,2022-02-23,2021-12-31,551000000.0,4798000000.0,657000000.0,1.37,1572000000.0,0.3276365152,34027000000.0,16413000000.0,7511000000.0,7212000000.0,17576000000.0,2969000000.0,7594000000.0,68937898000.0,77556898000.0,41.1456505389822,1.0414586799778147,0.26202721368325155,0.5432279290806068,0.02256725629237123,41.1456505389822,0.03357094985682081,14.368048770320968,31.278538112522686,4.200200938280631,0.5499092558983666,1.0865611316941732,0.0043952602094134065,0.14100567196637964,0.535912368275097,0.016193023187468774,109.07895253164557,0.3276365152146728,-0.1273885350318471,0.2346726314826089,0.11334472655772146,0.24428512907373837,-0.008201892744479496,-0.12400635930047695,0.09682804674457429,-0.058921940248520134,-0.05278065697337392,0.09818806523303213,Specialty Industrial Machinery,Industrials,ETN
2021Q3,2021,Q3,2021-11-02,2021-09-30,629000000.0,4923000000.0,599000000.0,1.57,1585000000.0,0.3219581555961812,34128000000.0,15971000000.0,7487000000.0,5914000000.0,18114000000.0,2802000000.0,7345000000.0,59559759000.0,68695759000.0,40.037603409375784,1.265979032803517,0.2756387716830755,0.5890050716924425,0.013182092600349322,40.037603409375784,0.039383883288460333,12.098265082266911,23.67240023847377,3.729244192599086,0.48171701112877585,1.1912919343326196,0.005087327502450102,0.14425105485232068,0.6853229624619547,0.01843061415846226,179.93884894259818,0.3219581555961812,0.24603174603174607,0.3685009493123297,0.12327634703073319,0.17976293089559006,-0.05089820359281437,0.24308300395256918,-0.0640625,0.6431695576296353,-0.011453475994683717,0.03594968831111394,Specialty Industrial Machinery,Industrials,ETN
2021Q2,2021,Q2,2021-08-03,2021-06-30,506000000.0,5215000000.0,640000000.0,1.26,1670000000.0,0.3202301054650048,36804000000.0,15408000000.0,9789000000.0,8906000000.0,21354000000.0,2668000000.0,7068000000.0,59094184000.0,71283184000.0,38.63590772316951,1.0991466427127778,0.3387675252689925,0.809190031152648,0.018494532279766353,38.63590772316951,0.03284008307372793,11.331578906999042,29.196731225296446,3.8352923156801664,0.6185770750988142,1.328710644677661,0.005296629529565887,0.1416965547223128,0.435773635751179,0.013748505597217693,122.0954214876033,0.3202301054650048,0.10526315789473695,0.18094609694664437,0.17639088525418778,0.15252022385694952,0.10742705570291777,0.10480349344978165,0.13274336283185842,-0.09477942022789682,0.0371775066405705,0.007450391918716,Specialty Industrial Machinery,Industrials,ETN
2021Q1,2021,Q1,2021-05-04,2021-03-31,458000000.0,4692000000.0,565000000.0,1.14,1508000000.0,0.3213981244671782,34080000000.0,14995000000.0,9905000000.0,6581000000.0,19043000000.0,2399000000.0,6883000000.0,55076924000.0,65208924000.0,37.64750188300276,1.5050904117915211,0.30768779342723007,0.699299766588863,0.018677024138290137,37.64750188300276,0.030543514504834945,11.738474850809888,30.063823144104802,3.6730192730910303,0.6550218340611353,1.3272196748645269,0.005446927283012392,0.13767605633802818,0.663121106214861,0.013438967136150235,390.61648226950354,0.3213981244671782,-0.0338983050847458,0.30529254281190127,0.12244710912715012,0.11251655155261717,-0.0006626905235255136,-0.035789473684210524,-0.06456953642384106,0.03395578750673991,-0.015598430063630259,-0.04305602582044772,Specialty Industrial Machinery,Industrials,ETN
2020Q4,2020,Q4,2021-02-24,2020-12-31,475000000.0,4687000000.0,604000000.0,1.18,1509000000.0,0.32195434179645827,31824000000.0,14930000000.0,9178000000.0,5881000000.0,16851000000.0,2109000000.0,6794000000.0,47899818000.0,55845818000.0,37.446701780787556,1.560618942356742,0.2634489693313223,0.5615539182853315,0.021992332240998953,37.446701780787556,0.031815137307434696,10.21971794324728,25.210430526315793,3.2082932350971203,0.6126315789473684,1.5068752963489807,0.006075179659346514,0.14727878330819508,0.6811766706342459,0.014925842131724485,56.68617514792899,0.32195434179645827,0.06306306306306292,0.03326883800924421,0.07258903875800814,0.1377524168085986,0.02305084745762712,0.06502242152466367,0.025466893039049237,-0.17909065181715383,-0.007090471617641295,-0.04435270422067115,Specialty Industrial Machinery,Industrials,ETN
2020Q3,2020,Q3,2020-11-03,2020-09-30,446000000.0,4526000000.0,589000000.0,1.11,1475000000.0,0.32589482987185153,30985000000.0,14476000000.0,8671000000.0,5805000000.0,16467000000.0,2096000000.0,6741000000.0,40852812000.0,48947812000.0,36.15384615384615,1.493712316968131,0.2751008552525416,0.588836695219674,0.021502012115569548,36.15384615384615,0.030809615915998893,9.026250994255413,22.899558295964127,2.8221063829787236,0.6547085201793722,1.4556297709923665,0.007147610793597267,0.14607067936098111,0.6268733850129199,0.014394061642730353,49.1019375,0.32589482987185153,7.538461538461539,0.16158841158841145,0.010445733394032562,0.09430911402797389,0.5066394279877426,7.745098039215686,2.6358024691358026,-0.6476011479585461,-0.039912495871045034,-0.03563597253707534,Specialty Industrial Machinery,Industrials,ETN
2020Q2,2020,Q2,2020-07-29,2020-06-30,51000000.0,3856000000.0,162000000.0,0.13,979000000.0,0.2538900414937759,30348000000.0,14188000000.0,8213000000.0,5489000000.0,16113000000.0,2138000000.0,6767000000.0,35026992000.0,43322992000.0,35.434565434565435,1.4962652577883038,0.2829840516673257,0.6053002537355512,0.008058869915763253,35.434565434565435,0.003594586974908373,9.083763485477178,171.70094117647062,2.4687758669298,5.901960784313726,1.3456501403180543,0.008593372790903655,0.12705944378542244,0.5725997449444343,0.0016805061289047055,52.51423088455772,0.2538900414937759,-0.8785046728971962,-0.8886739428795503,-0.16173476560669411,0.05181253076892013,-0.34162743779421656,-0.8835616438356164,-0.6545842217484008,-0.889618633793391,-0.16250312431138625,0.016875421389310353,Specialty Industrial Machinery,Industrials,ETN
2020Q1,2020,Q1,2020-04-30,2020-03-31,438000000.0,4789000000.0,469000000.0,1.07,1487000000.0,0.31050323658383794,30845000000.0,14245000000.0,8670000000.0,4944000000.0,16557000000.0,2346000000.0,7007000000.0,31798517000.0,39988517000.0,34.80332274615197,1.7536407766990292,0.27326957367482574,0.5917163917163917,0.01437727184159427,34.80332274615197,0.030747630747630747,6.639907496345792,18.149838470319633,2.2322581256581255,0.6643835616438356,1.4075021312872975,0.009151370172388857,0.15526017182687632,0.6812297734627831,0.014200032420165343,150.7038720379147,0.31050323658383794,-0.018348623853211024,0.07448286564835385,0.04818058635667678,0.07064265042238699,-0.1159334126040428,-0.030973451327433628,-0.2850609756097561,0.11173548334554939,0.08316178551644547,0.03052921082489963,Specialty Industrial Machinery,Industrials,ETN
2019Q4,2019,Q4,2020-02-26,2019-12-31,452000000.0,5238000000.0,656000000.0,1.09,1682000000.0,0.32111492936235203,32805000000.0,16082000000.0,8728000000.0,5132000000.0,16672000000.0,2805000000.0,8170000000.0,39176192000.0,47128192000.0,38.88297872340426,1.700701480904131,0.25368084133516233,0.5174729511254819,0.022582836715804064,38.88297872340426,0.028105956970526053,7.479227185948836,21.668247787610618,2.4360273597811215,0.6504424778761062,1.2677361853832443,0.00750455787024936,0.15967078189300413,0.7848791893998441,0.01377838744093888,49.52742351453856,0.32111492936235203,-0.24305555555555547,-0.11594429666718822,0.06959078657191853,0.15767135436462693,-0.06659267480577137,-0.24792013311148087,-0.14805194805194805,-0.02316285959902978,0.17224506495607123,0.1758596975829775,Specialty Industrial Machinery,Industrials,ETN
2019Q3,2019,Q3,2019-10-29,2019-09-30,601000000.0,5314000000.0,770000000.0,1.44,1802000000.0,0.3391042529168235,31895000000.0,15848000000.0,8012000000.0,4661000000.0,15995000000.0,2901000000.0,8062000000.0,34640290000.0,42112290000.0,38.04128660585694,1.7189444325252092,0.2514814234205988,0.506120646138314,0.026675435327405662,38.04128660585694,0.03792276627965674,6.518684606699285,14.409438435940102,2.1857830641090357,0.49584026622296173,1.2106170286108238,0.008602699342297652,0.16660918639285155,0.9905599656726024,0.018843078852484714,36.851372340425534,0.3391042529168235,-0.040000000000000036,0.13780915910000738,0.057328613919009105,0.0889252354531184,-0.018518518518518517,-0.055031446540880505,-0.010282776349614395,0.25202701648324916,0.16097561773910288,0.1209387165929931,Specialty Industrial Machinery,Industrials,ETN
2019Q2,2019,Q2,2019-07-30,2019-06-30,636000000.0,5533000000.0,778000000.0,1.5,1836000000.0,0.331827218507139,32244000000.0,16306000000.0,8126000000.0,4450000000.0,15883000000.0,2853000000.0,8300000000.0,35068688000.0,42742688000.0,38.6764705882353,1.8260674157303372,0.25077533804738866,0.4958910830369189,0.02714130043781918,38.6764705882353,0.03900404758984423,6.338096511838063,13.784861635220127,2.150661596958175,0.4827044025157233,1.2958289519803716,0.008754248234208247,0.17159781664805857,1.0653932584269663,0.01972459992556755,47.97358139534884,0.331827218507139,0.21951219512195125,3.1983255101701125,0.0829934285532847,0.08386128565193594,0.06004618937644342,0.21839080459770116,0.18057663125948406,0.4040779573112998,0.18062657816492106,0.153730225771771,Specialty Industrial Machinery,Industrials,ETN
2019Q1,2019,Q1,2019-04-30,2019-03-31,522000000.0,5305000000.0,659000000.0,1.23,1732000000.0,0.32648444863336473,31649000000.0,16233000000.0,7744000000.0,5286000000.0,15382000000.0,2897000000.0,8225000000.0,34869760000.0,42131760000.0,38.285377358490564,1.465001891789633,0.2390280893551139,0.46602599642703135,0.023665378409536985,38.285377358490564,0.03215671779708002,6.572999057492932,16.70007662835249,2.148078605310171,0.578544061302682,1.2333448394891267,0.00866079950077087,0.16761983001042688,0.815550510783201,0.01649341211412683,86.74069651741293,0.32648444863336473,-0.15753424657534246,0.3343340353290068,0.08396046049828908,0.06921303910135643,-0.03186137506987144,-0.17274167987321712,-0.14967741935483872,0.3975177470577247,0.19216871366464264,0.13136632879720164,Specialty Industrial Machinery,Industrials,ETN
2018Q4,2018,Q4,2019-02-27,2018-12-31,631000000.0,5459000000.0,775000000.0,1.46,1789000000.0,0.3277156988459425,31092000000.0,16107000000.0,7590000000.0,5154000000.0,14950000000.0,2785000000.0,8161000000.0,29516934000.0,36754934000.0,37.46685275645499,1.4726426076833528,0.24189502122732537,0.46693983982119575,0.028553226992674798,37.46685275645499,0.039175513751784935,5.407022165231727,11.694506339144215,1.8325531756379212,0.45166402535657685,1.3177737881508078,0.009655474379554463,0.17557571079377332,0.8339154055102833,0.020294609545863887,44.319720720720724,0.3277156988459425,0.5368421052631579,0.4546068634692438,0.09062491885191497,0.05922905148527099,-0.014325068870523415,0.5168269230769231,-0.01649746192893401,0.2729984416729191,0.15859136065186247,0.1383646688942666,Specialty Industrial Machinery,Industrials,ETN
2018Q3,2018,Q3,2018-10-30,2018-09-30,416000000.0,5412000000.0,788000000.0,0.95,1815000000.0,0.3353658536585366,31628000000.0,16754000000.0,7867000000.0,5267000000.0,14839000000.0,2835000000.0,0.0,37909575000.0,44827575000.0,38.648212226066896,1.4936396430605658,0.22906917920829645,0.4324340456010505,0.031114432349639475,38.648212226066896,0.02482989136922526,7.004725609756098,22.782196514423077,2.2627178584218695,0.6875,1.2687830687830688,0.007544268169717017,0.17111420260528645,0.8604518701348016,0.01315290249146326,43.62436708860759,0.3353658536585366,-0.31654676258992803,-0.10810774136644276,0.05539849779964856,0.1398950031208828,-0.0005506607929515419,-0.3180327868852459,0.023376623376623377,0.0007272125415715611,0.11599230414712836,0.169808896677321,Specialty Industrial Machinery,Industrials,ETN
2018Q2,2018,Q2,2018-07-31,2018-06-30,610000000.0,5487000000.0,770000000.0,1.39,1816000000.0,0.3309640969564425,31865000000.0,16690000000.0,7913000000.0,5387000000.0,15140000000.0,2753000000.0,0.0,32526847999.999996,39955848000.0,38.35018382352941,1.468906627065157,0.24117370155342852,0.4604553624925105,0.02781171950048031,38.35018382352941,0.03654883163571001,5.927983962092218,13.330675409836065,1.9488824445775912,0.4819672131147541,1.3334544133672357,0.009038687056304995,0.17219519849364506,0.8509374419899759,0.01914326063078613,92.93385142857142,0.3309640969564425,0.26363636363636345,0.34320485532269585,0.06544545868597351,0.17981394736540315,0.08224076281287247,0.25,0.21642969984202212,0.22507215503023642,0.09744956829530024,0.13835751640210467,Specialty Industrial Machinery,Industrials,ETN
2018Q1,2018,Q1,2018-05-01,2018-03-31,488000000.0,5251000000.0,633000000.0,1.1,1678000000.0,0.31955817939440107,32668000000.0,17263000000.0,8129000000.0,5396000000.0,15367000000.0,2745000000.0,0.0,35064508000.0,42624508000.0,39.341385597082954,1.5064862861378798,0.24112281131382393,0.45629380756531307,0.021702959004794388,39.341385597082954,0.028268551236749116,6.677681965339935,17.963375,2.0311943462897526,0.5819672131147541,1.301639344262295,0.008099357903438999,0.16073833721072608,0.8954781319495922,0.014938165789151463,168.5793653846154,0.31955817939440107,-0.23076923076923067,0.3883896919448423,0.063483743542996,0.2240522096171586,-0.004744958481613286,-0.23630672926447574,-0.06911764705882353,0.11665838553057288,0.07203365277798864,0.21024551748028358,Specialty Industrial Machinery,Industrials,ETN
2017Q4,2017,Q4,2018-02-28,2017-12-31,639000000.0,5213000000.0,680000000.0,1.43,1686000000.0,0.3234222136965279,32623000000.0,17253000000.0,8337000000.0,5075000000.0,15333000000.0,2620000000.0,8669000000.0,34788103000.0,41978103000.0,39.184646831705656,1.6427586206896552,0.23759310915611684,0.44925520199385616,0.02702646892204868,39.184646831705656,0.037037037037037035,6.673336466525993,13.610368935837247,2.01635095345737,0.41471048513302033,1.3461832061068701,0.0076175467227977325,0.15979523648959323,0.9927093596059113,0.019587407657174385,48.99732816901408,0.3234222136965279,-0.5445859872611465,2.091476481880688,0.041878690960294576,-0.009604544814439384,-0.03214695752009185,-0.5432451751250893,0.0014727540500736377,0.17401568246966634,-6.509488037951466e-05,0.1666529843469947,Specialty Industrial Machinery,Industrials,ETN
2017Q3,2017,Q3,2017-10-31,2017-09-30,1399000000.0,5211000000.0,679000000.0,3.14,1742000000.0,0.3342928420648628,32725000000.0,16593000000.0,8449000000.0,5900000000.0,16089000000.0,2457000000.0,0.0,33987254000.000004,41968254000.0,37.4898328061455,1.4320338983050847,0.26805194805194804,0.5286566624480202,0.02214669958173062,37.4898328061455,0.08431266196588923,6.522213394741893,6.073490707648321,2.0482886759476893,0.19013581129378126,1.4118844118844118,0.007826463414784848,0.15923605805958746,0.9484745762711865,0.042750190985485104,52.69341705426357,0.3342928420648628,1.7304347826086959,2.093069280994387,0.006271113729572699,0.5397284130601852,0.0356718192627824,1.716504854368932,0.07777777777777778,1.492989928135316,-0.024072929893695777,0.07313996601904406,Specialty Industrial Machinery,Industrials,ETN
2017Q2,2017,Q2,2017-08-01,2017-06-30,515000000.0,5132000000.0,630000000.0,1.15,1682000000.0,0.32774746687451284,31355000000.0,15552000000.0,7487000000.0,6309000000.0,15761000000.0,2393000000.0,0.0,34735529000.0,43028529000.0,34.846515796549404,1.1867173878586146,0.2744378886939882,0.5533050411522634,0.023608717534200612,34.846515796549404,0.033114711934156375,6.768419524551832,16.861907281553396,2.233508809156379,0.5320388349514563,1.4417049728374425,0.007888176972920147,0.1636740551746133,0.7370423204945317,0.01642481262956466,78.23317342342342,0.32774746687451284,0.19791666666666663,0.017997895435770288,-0.04740407912011592,0.47956102096978076,0.09362808842652796,0.19212962962962962,0.23529411764705882,2.2114409183763053,-0.0510889275872158,-0.0234685627383194,Specialty Industrial Machinery,Industrials,ETN
2017Q1,2017,Q1,2017-05-02,2017-03-31,432000000.0,4848000000.0,510000000.0,0.96,1538000000.0,0.31724422442244227,30611000000.0,15157000000.0,6975000000.0,5557000000.0,15412000000.0,2344000000.0,0.0,33278520000.000004,41269520000.0,33.7722816399287,1.255173654849739,0.26830224429126787,0.5418618460117437,0.020317825682794034,33.7722816399287,0.02850168239097447,6.864381188118813,19.25840277777778,2.1955875173187307,0.6087962962962963,1.4121160409556315,0.007902995686106234,0.1583744405605828,0.7550836782436566,0.014112573911339061,95.9035158501441,0.31724422442244227,-0.14285714285714296,0.03808655879773707,-0.08509155728407061,0.4278612456866364,-0.006459948320413436,-0.14285714285714285,-0.05555555555555555,0.043255819619212356,-0.06415554369797977,-0.05682622502329784,Specialty Industrial Machinery,Industrials,ETN
2016Q4,2016,Q4,2017-02-22,2016-12-31,504000000.0,4867000000.0,540000000.0,1.12,1548000000.0,0.3180604068214506,30419000000.0,14897000000.0,6941000000.0,5485000000.0,15478000000.0,2254000000.0,7498000000.0,30224045000.0,37958045000.0,33.067702552719204,1.2654512306289882,0.2720996745455143,0.5556152245418541,0.021176035755325697,33.067702552719204,0.033832315231254614,6.209994863365523,14.992085813492064,2.028867892864335,0.5099206349206349,1.4724933451641526,0.00850316362353219,0.15999868503238107,0.7850501367365542,0.01656859199842204,62.06169404517454,0.3180604068214506,-0.026086956521738962,0.04489425500211555,-0.09430181028710687,0.4968791314867268,-0.04207920792079208,-0.036328871892925434,-0.12479740680713128,0.10871381601051021,-0.0721103765251282,-0.06513975333358303,Specialty Industrial Machinery,Industrials,ETN
2016Q3,2016,Q3,2016-11-01,2016-09-30,523000000.0,4987000000.0,617000000.0,1.15,1616000000.0,0.32404251052737115,31237000000.0,15404000000.0,7087000000.0,4595000000.0,15791000000.0,2328000000.0,0.0,29825768999.999996,37763769000.0,33.936990526547696,1.5423286180631122,0.2699362934980952,0.5473902882368216,0.023581295923540354,33.936990526547696,0.03395222020254479,5.980703629436534,14.257059751434033,1.9362353284861074,0.49521988527724664,1.4480240549828178,0.00868376604137181,0.15965041457246215,0.9501632208922742,0.016742965073470565,42.73032808022922,0.32404251052737115,0.07476635514018677,0.06731794765004658,-0.09902856623468138,0.4857045833258807,-0.027092113184828417,0.06517311608961303,0.0032520325203252032,0.07090185710768118,-0.07118981077260257,0.000941665707398844,Specialty Industrial Machinery,Industrials,ETN
2016Q2,2016,Q2,2016-08-02,2016-06-30,491000000.0,5080000000.0,615000000.0,1.07,1661000000.0,0.3269685039370079,31154000000.0,15320000000.0,6826000000.0,4816000000.0,15790000000.0,2323000000.0,0.0,27296610000.0,35387610000.0,33.52297592997812,1.4173588039867109,0.2700776786287475,0.5492167101827676,0.023053886421399564,33.52297592997812,0.03204960835509139,5.37334842519685,13.898477596741344,1.7817630548302872,0.539714867617108,1.4718037021093413,0.009708165226377928,0.16306092315593504,0.8507059800664452,0.015760415997945688,44.74854098360656,0.3269685039370079,0.21590909090909097,0.09006655725747634,-0.07348766538443025,0.40186242572737246,0.09132720105124836,0.21534653465346534,0.2785862785862786,0.029595407471717475,-0.060638705932626456,0.03130860444837796,Specialty Industrial Machinery,Industrials,ETN
2016Q1,2016,Q1,2016-04-29,2016-03-31,404000000.0,4813000000.0,481000000.0,0.88,1522000000.0,0.3162268855183877,31583000000.0,15519000000.0,7013000000.0,5022000000.0,16020000000.0,2391000000.0,0.0,28690016000.0,37002016000.0,33.83994766681204,1.3964555953803266,0.273723205521958,0.5570590888588183,0.018149264340730498,33.83994766681204,0.02603260519363361,5.960942447537918,17.75372277227723,1.8487026225916618,0.6336633663366337,1.3764115432873274,0.008922964699636276,0.15239210967925784,0.8271604938271605,0.012791691732894279,110.34621538461539,0.3162268855183877,-0.23478260869565212,0.043931614320815805,-0.061439834665840486,0.47873136341806166,-0.06625766871165645,-0.24060150375939848,-0.20364238410596028,0.09977917609840857,-0.06731011356104687,0.05288265998342446,Specialty Industrial Machinery,Industrials,ETN
2015Q4,2015,Q4,2016-02-24,2015-12-31,532000000.0,5057000000.0,604000000.0,1.15,1630000000.0,0.3223254894206051,31031000000.0,15186000000.0,6616000000.0,4625000000.0,15800000000.0,2323000000.0,7346000000.0,24011256000.0,32192256000.0,32.91287386215865,1.4304864864864866,0.2722761109857884,0.5563677070986435,0.02458836242631461,32.91287386215865,0.035032266561306466,4.7481226023333996,11.283484962406014,1.5811442117740024,0.4793233082706767,1.4752475247524752,0.010620019210990046,0.16296606619187265,0.8484324324324324,0.01714414617640424,39.753735099337746,0.3223254894206051,0.19791666666666663,0.38032076289553535,0.0029573254540745265,0.4985595379782095,0.014943960149439602,0.19282511210762332,0.11233885819521179,1.4561100173627508,-0.03551943727590918,-0.16812416786152107,Specialty Industrial Machinery,Industrials,ETN
2015Q3,2015,Q3,2015-10-30,2015-09-30,446000000.0,5203000000.0,543000000.0,0.96,1606000000.0,0.3086680761099366,32201000000.0,15366000000.0,7579000000.0,5100000000.0,16788000000.0,2395000000.0,0.0,23859630000.0,32113630000.0,33.03805633197162,1.486078431372549,0.2693084065712245,0.5643628790836913,0.020641086247254303,33.03805633197162,0.029025120395678772,4.58574476263694,13.374232062780267,1.5527547832877782,0.5762331838565022,1.5018789144050104,0.01077133216231769,0.16157883295549827,0.8282352941176471,0.013850501537219341,28.03716803760282,0.3086680761099366,-0.15789473684210523,0.19938257540506468,0.05007820891205287,0.536611139513929,-0.05362404242781379,-0.16635514018691588,-0.14890282131661442,-0.061634867365285353,-0.04387906234946072,0.3568914620040899,Specialty Industrial Machinery,Industrials,ETN
2015Q2,2015,Q2,2015-07-29,2015-06-30,535000000.0,5372000000.0,638000000.0,1.14,1697000000.0,0.31589724497393895,32579000000.0,15753000000.0,7644000000.0,5056000000.0,16776000000.0,2439000000.0,0.0,31558323999.999996,40006324000.0,33.689050470487594,1.5118670886075949,0.26860861291015686,0.5555132355741763,0.023293582810041527,33.689050470487594,0.033961785056814575,5.87459493670886,14.746880373831775,2.0033215260585284,0.491588785046729,1.5067650676506765,0.00833377590013969,0.16489149452101046,0.8445411392405063,0.0164216212897879,72.05096803652967,0.31589724497393895,0.15151515151515144,0.6949476521041356,0.13864227900453852,0.7167570924686828,0.041104294478527606,0.148068669527897,0.14542190305206462,0.009359366532454819,-0.04827723398546356,0.4304157752997757,Specialty Industrial Machinery,Industrials,ETN
2015Q1,2015,Q1,2015-04-29,2015-03-31,466000000.0,5223000000.0,557000000.0,0.99,1630000000.0,0.31208117939881297,32696000000.0,15210000000.0,7940000000.0,5666000000.0,17432000000.0,2424000000.0,0.0,31789126000.0,40466126000.0,32.50694592861723,1.4013413342746206,0.28566185466112065,0.6140696909927679,0.020981145772418382,32.50694592861723,0.030637738330046023,6.086372965728509,17.054252145922746,2.0900148586456275,0.5386266094420601,1.4822607260726073,0.007895781721082865,0.1597443112307316,0.8003882809742323,0.014252507952043064,-1135.3259285714287,0.31208117939881297,-0.1951219512195122,1.147373646147164,0.20224132111049173,0.62559050267004,-0.051222351571594875,-0.19793459552495696,-0.1573373676248109,0.07407730648467635,-0.054558083506576725,0.3743640066126584,Specialty Industrial Machinery,Industrials,ETN
2014Q4,2014,Q4,2015-02-26,2014-12-31,581000000.0,5565000000.0,661000000.0,1.23,1718000000.0,0.3087151841868823,33529000000.0,15786000000.0,8100000000.0,5355000000.0,17690000000.0,2428000000.0,7078000000.0,31941199999.999996,40194200000.0,33.58723404255319,1.5126050420168067,0.26943839661188823,0.5722792347649817,0.025582221551823377,33.58723404255319,0.0368047637146839,5.7396585804132965,13.74406196213425,2.023387811985303,0.39414802065404475,1.5844316309719935,0.007169423816262383,0.1659757225088729,0.8763772175536881,0.017328282978913777,46.291594202898544,0.3087151841868823,-0.02380952380952383,0.9567812846627004,0.26307956808034966,0.6553248000904186,-0.05187637969094923,-0.03488372093023256,-0.03924418604651163,0.15455566004466914,-0.007377170260246482,0.5203968174838979,Specialty Industrial Machinery,Industrials,ETN
2014Q3,2014,Q3,2014-10-31,2014-09-30,602000000.0,5728000000.0,688000000.0,1.26,1812000000.0,0.316340782122905,34239000000.0,16587000000.0,8431000000.0,4986000000.0,17594000000.0,2498000000.0,0.0,30088076000.0,38433076000.0,34.93470935130581,1.6909346169273967,0.2628581442215018,0.5425935973955507,0.025338996742772533,34.93470935130581,0.0362934828480135,5.25280656424581,12.495048172757473,1.8139552661723035,0.38704318936877075,1.567654123298639,0.007743931516259133,0.16729460556675135,0.9951865222623345,0.017582289202371565,204.68078911564626,0.316340782122905,2.5,1.1941935737327092,0.3307083897662815,0.6762236637460338,0.040183696900114814,2.52046783625731,0.16610169491525423,0.1744596138532735,-0.010708824947113773,0.5293830417812373,Specialty Industrial Machinery,Industrials,ETN
2014Q2,2014,Q2,2014-07-31,2014-06-30,171000000.0,5767000000.0,590000000.0,0.36,1742000000.0,0.30206346453962196,35258000000.0,16982000000.0,8838000000.0,5543000000.0,18216000000.0,2534000000.0,0.0,36729962000.0,45131962000.0,35.683967220004206,1.5944434421793252,0.2561971751091951,0.5319161465080674,0.0684355516891402,35.683967220004206,0.010069485337416088,6.36898942257673,53.698774853801176,2.1628761041102345,1.391812865497076,1.5883977900552486,0.006479723556479584,0.1635657155822792,0.9516507306512719,0.004849963128935277,72.44568441814596,0.30206346453962196,-0.6086956521739131,3.135887719094854,0.39435336837787494,0.7919825873382585,0.06609547123623011,-0.6104783599088838,0.1568627450980392,-0.6354407438537507,0.010038526924406784,0.49223067042436636,Specialty Industrial Machinery,Industrials,ETN
2014Q1,2014,Q1,2014-05-05,2014-03-31,439000000.0,5492000000.0,510000000.0,0.92,1634000000.0,0.29752367079388203,35262000000.0,17037000000.0,8683000000.0,4805000000.0,18151000000.0,2532000000.0,0.0,35742096000.0,44273096000.0,35.80706179066835,1.8070759625390218,0.26416539050535986,0.5467511885895404,0.01884069771649839,35.80706179066835,0.025767447320537654,6.5080291332847775,20.35426879271071,2.097910195456947,0.5216400911161732,1.5236966824644549,0.006407010937467125,0.15574839770858148,1.0474505723204994,0.012449662526232204,-364.71526530612243,0.29752367079388203,-0.07999999999999996,7.130130306851618,0.36312595382604074,0.9612705567782401,-0.007290400972053463,-0.08350730688935282,0.0625,0.09336411955364375,0.03225357914710153,0.5646899286915464,Specialty Industrial Machinery,Industrials,ETN
2013Q4,2013,Q4,2014-02-26,2013-12-31,479000000.0,5527000000.0,480000000.0,1.0,1646000000.0,0.2978107472408178,35491000000.0,16791000000.0,8731000000.0,4914000000.0,18628000000.0,2382000000.0,6866000000.0,36134164000.0,44768164000.0,35.37181377712239,1.7767602767602768,0.26905412639824183,0.5686975165267107,0.020474589950671952,35.37181377712239,0.02852718718361027,6.537753573367107,18.859167014613778,2.151995950211423,0.4154488517745303,1.6293031066330814,0.00550725346793688,0.15572962159420697,1.0901505901505901,0.013496379363782368,57.35581587301587,0.2978107472408178,-0.0654205607476636,1.0577361743484102,0.10988836986927097,0.8612618172416469,-0.04524361948955916,-0.060784313725490195,-0.18781725888324874,0.20798699930783357,0.06546042758387387,0.6105177911017964,Specialty Industrial Machinery,Industrials,ETN
2013Q3,2013,Q3,2013-11-07,2013-09-30,510000000.0,5607000000.0,591000000.0,1.07,1724000000.0,0.30747280185482434,35312000000.0,16071000000.0,8766000000.0,5054000000.0,19195000000.0,2403000000.0,0.0,32630160000.0,41681160000.0,33.90506329113924,1.7344677483181639,0.27449592206615314,0.6031360836288968,0.02263078330071778,33.90506329113924,0.031734179578122086,5.819539860888176,15.995176470588238,2.0303752100056003,0.39215686274509803,1.6158967956720767,0.006129298783701949,0.15878454916175805,1.0466956865848833,0.014442682374263707,55.96939965694683,0.30747280185482434,0.028846153846153872,0.13538276069921631,-0.044239798649871036,0.6148507003832474,-0.004618937644341801,0.032388663967611336,-0.03273322422258593,0.34573965614963165,0.11036656044294942,0.5769359255154536,Specialty Industrial Machinery,Industrials,ETN
2013Q2,2013,Q2,2013-08-02,2013-06-30,494000000.0,5602000000.0,611000000.0,1.04,1732000000.0,0.3091752945376651,35257000000.0,15388000000.0,8229000000.0,4981000000.0,19826000000.0,2405000000.0,0.0,31471632000.0,40602632000.0,32.505280946345586,1.6520778960048184,0.27679609722891907,0.6341954769950611,0.0226136236532187,32.505280946345586,0.03210293735378217,5.6179278828989645,15.926939271255062,2.045206134650377,0.4109311740890688,1.6091476091476091,0.0064502533583259995,0.1588904331054826,0.9668741216623168,0.014011401991093967,65.5659,0.3091752945376651,0.3164556962025316,0.010298003960868355,-0.10840505497762584,0.41732520653256916,0.09968253968253968,0.30687830687830686,0.3139784946236559,0.5458797402335207,0.17284509249066313,0.6564334948000763,Specialty Industrial Machinery,Industrials,ETN
2013Q1,2013,Q1,2013-05-03,2013-03-31,378000000.0,5310000000.0,465000000.0,0.79,1575000000.0,0.2966101694915254,34977000000.0,15167000000.0,8196000000.0,4903000000.0,19767000000.0,2394000000.0,0.0,28870842000.0,38357842000.0,32.14028395846578,1.6716296145217213,0.28950453154930383,0.667633678380695,0.017465306606570988,32.14028395846578,0.024922529175182964,5.437070056497175,19.094472222222223,1.9035301641722158,0.5132275132275133,1.5601503759398496,0.006719582338471458,0.1518140492323527,0.9628798694676729,0.0108071018097607,-1312.311,0.2966101694915254,0.717391304347826,-0.04202238688804763,-0.04921217746264544,0.7262254329692348,0.31140716069941715,1.111731843575419,0.7884615384615384,0.7270963640465106,0.2119067760236131,0.6072546609186389,Specialty Industrial Machinery,Industrials,ETN
2012Q4,2012,Q4,2013-02-28,2012-12-31,179000000.0,4333000000.0,260000000.0,0.46,1201000000.0,0.27717516732056313,35848000000.0,15086000000.0,7844000000.0,5431000000.0,20720000000.0,2349000000.0,5805000000.0,20658834000.0,30914834000.0,39.56464725937582,1.4443012336586265,0.30219259093952244,0.718082990852446,0.020518468375252973,39.56464725937582,0.011865305581333687,4.767789983844911,28.853120111731844,1.3694043484024925,0.7150837988826816,1.3333333333333333,0.006195896631920272,0.12087145726400357,0.8495672988399926,0.004993305065833519,45.80672727272727,0.27717516732056313,-0.5490196078431373,-0.4608698859166011,-0.00979723222476507,1.2490344729807599,-0.0016625103906899418,-0.4811594202898551,-0.3719806763285024,-0.2568949080409625,0.2122307126781306,0.9499176899264459,Specialty Industrial Machinery,Industrials,ETN
2012Q3,2012,Q3,2012-09-30,2012-09-30,345000000.0,3950000000.0,414000000.0,1.02,1203000000.0,0.30455696202531646,18800000000.0,8220000000.0,6195000000.0,3708000000.0,10558000000.0,1801000000.0,0.0,15914463662.400002,19594463662.4,24.348341232227487,1.6707119741100325,0.21835106382978722,0.49939172749391725,0.030999525268654786,24.348341232227487,0.041970802919708027,4.0289781423797475,11.532220045217391,1.9360661389781024,0.3739130434782609,1.5252637423653526,0.008105833959379942,0.21010638297872342,0.9951456310679612,0.018351063829787233,33.155132630000004,0.30455696202531646,-0.08928571428571436,0.16451284029538202,0.043016879395526134,0.5092583433006287,-0.03990422984836393,-0.0968586387434555,-0.09409190371991247,0.7685030572403804,0.29058096001302225,0.1682726578888063,Specialty Industrial Machinery,Industrials,ETN
2012Q2,2012,Q2,2012-06-30,2012-06-30,382000000.0,4068000000.0,457000000.0,1.12,1253000000.0,0.30801376597836777,18554000000.0,7937000000.0,6366000000.0,3830000000.0,10596000000.0,1756000000.0,0.0,13355310337.0,17203310337.0,23.551928783382788,1.6621409921671018,0.23569041716072006,0.550963840241905,0.03225051408066527,23.551928783382788,0.04812901600100794,3.283016307030482,8.740386346204188,1.6826647772458108,0.33507853403141363,1.6030751708428246,0.009584202595830702,0.21925191333405195,1.0078328981723237,0.020588552333728576,38.93676483090379,0.30801376597836777,0.23076923076923084,0.35839424863091374,0.09562643434535376,0.5613016877313348,0.03897180762852405,0.2282958199356913,0.14536340852130325,12.047334492990894,0.38895970590311124,0.18273413989667145,Specialty Industrial Machinery,Industrials,ETN
2012Q1,2012,Q1,2012-03-31,2012-03-31,311000000.0,3960000000.0,399000000.0,0.91,1206000000.0,0.30454545454545456,17993000000.0,7933000000.0,5882000000.0,3565000000.0,10039000000.0,1779000000.0,0.0,16712982670.8,20095982670.8,23.65235539654144,1.649929873772791,0.20841438337131107,0.47270893735030883,0.028095181600168086,23.65235539654144,0.039203327870918944,4.220450169393939,13.434873529581994,2.106767007538132,0.40836012861736337,1.548060708263069,0.007598883006196577,0.22008558884010448,0.9534361851332398,0.017284499527594064,-82.3299638955665,0.30454545454545456,-0.15008011049723755,0.16976285491491216,0.1054128532499076,0.6321120413882734,-0.008223684210526315,-0.1408839779005525,-0.022058823529411766,7.160655933214073,0.3943186089119835,0.29551730630355605,Specialty Industrial Machinery,Industrials,ETN
2011Q4,2011,Q4,2011-12-31,2011-12-31,362000000.0,4033000000.0,408000000.0,1.0706891452233067,1216000000.0,0.30151252169600795,17873000000.0,7469000000.0,5826000000.0,3637000000.0,10381000000.0,1701000000.0,5097000000.0,14717492661.9,18105492661.9,22.091097308488614,1.6018696728072588,0.21110054271806636,0.5051546391752577,0.03359380345681716,22.091097308488614,0.04846699692060517,3.649266715075626,10.164014269267955,1.9704769931583879,0.3149171270718232,1.656084656084656,0.0077458846162783025,0.22564762490908075,0.9700302447071762,0.020254014435181558,39.2466470984,0.30151252169600795,0.000644060956361358,0.33725075814197225,0.15746469585507508,0.6194399147235929,-0.005723630417007359,-0.00821917808219178,-0.09534368070953436,1.1834176188480194,0.13708287519444132,0.16243165194579953,Specialty Industrial Machinery,Industrials,ETN
2011Q3,2011,Q3,2011-09-30,2011-09-30,365000000.0,4123000000.0,451000000.0,1.07,1223000000.0,0.29662866844530683,17627000000.0,7723000000.0,5733000000.0,3780000000.0,9881000000.0,1769000000.0,0.0,12002550000.0,15499550000.0,22.842354333037562,1.5166666666666666,0.2141600953083338,0.48879968923993267,0.03241739603212655,22.842354333037562,0.0472614269066425,2.9111205432937184,8.220924657534246,1.5541305192282793,0.3178082191780822,1.639344262295082,0.009664612936417679,0.23390253588245305,0.8896825396825396,0.020706870142395188,25.05751565762004,0.29662866844530683,0.10309278350515473,0.31027516195819155,0.17835624723753685,0.5668980524713552,-0.004071661237785016,0.08630952380952381,0.06619385342789598,0.13919522260249856,-0.014708147002962128,0.08794935955032028,Specialty Industrial Machinery,Industrials,ETN
2011Q2,2011,Q2,2011-06-30,2011-06-30,336000000.0,4090000000.0,423000000.0,0.97,1228000000.0,0.3002444987775061,18121000000.0,8152000000.0,5917000000.0,3403000000.0,9934000000.0,1766000000.0,0.0,17539305340.9,21024305340.9,23.91317101789381,1.738759917719659,0.20788035980354286,0.46209519136408245,0.03025098069086339,23.91317101789381,0.04121687929342493,4.288338714156479,13.050078378645834,2.1515340212095193,0.34523809523809523,1.6206115515288788,0.006613716891597695,0.2257049831686993,1.0308551278283866,0.01854202306715965,80.45552908669725,0.3002444987775061,0.16867469879518074,0.18197238882891945,0.14252605221177947,0.7075208488653757,0.09545049063336307,0.17073170731707318,0.20512820512820512,-0.045748006733633065,-0.09604033314067471,0.04268411362847764,Specialty Industrial Machinery,Industrials,ETN
2011Q1,2011,Q1,2011-03-31,2011-03-31,287000000.0,3803000000.0,351000000.0,0.83,1121000000.0,0.2947672889823823,17337000000.0,7783000000.0,5470000000.0,3201000000.0,9513000000.0,1667000000.0,0.0,18855143659.9,22105143659.9,22.884445751249633,1.7088409871915027,0.19905404625944512,0.4434022870358474,0.02666486042823788,22.884445751249633,0.03687524090967493,4.957965727031292,16.42434116716028,2.4226061492869073,0.40418118466898956,1.608878224355129,0.006152167392216794,0.21935744361769627,0.9881287097781943,0.016554190459710447,-48.09985627525511,0.2947672889823823,-0.006371428571428647,0.2203650510030985,0.11634490275551033,0.7009244581111662,0.020947176684881604,0.025,0.04154302670623145,0.0092268646873329,-0.055158934947790894,0.22910277725802575,Specialty Industrial Machinery,Industrials,ETN
2010Q4,2010,Q4,2010-12-31,2010-12-31,280000000.0,3663000000.0,337000000.0,0.8353221957040573,1098000000.0,0.29975429975429974,17252000000.0,7362000000.0,5506000000.0,3233000000.0,9849000000.0,1564000000.0,4447000000.0,17013076335.2,20138076335.2,21.963007159904535,1.703062171357872,0.20044052863436124,0.46970931812007605,0.0300830215818261,21.963007159904535,0.038033143167617495,4.644574484084084,15.190246727857142,2.3109313142080956,0.35,1.6400255754475703,0.005760275100702295,0.21232320890331555,1.0547479121558923,0.01623000231857176,46.23118569347826,0.29975429975429974,0.06410470790325767,0.18615751789976145,0.14822806238552477,0.7335544560835184,0.006416131989000917,0.04477611940298507,0.002976190476190476,-0.040684665871121656,-0.047784687905406055,0.24847720514538538,Specialty Industrial Machinery,Industrials,ETN
2010Q3,2010,Q3,2010-09-30,2010-09-30,268000000.0,3571000000.0,336000000.0,0.785,1091000000.0,0.30551666199943994,17015000000.0,7207000000.0,5353000000.0,3313000000.0,9766000000.0,1533000000.0,0.0,13825323664.8,16934323664.8,21.500596658711217,1.6157561122849382,0.20593593887746106,0.4861939780768697,0.027666976342690445,21.500596658711217,0.03718606909948661,3.871555212769532,12.896757150000001,1.918318810156792,0.3619402985074627,1.6177429876060012,0.007016110606290331,0.20987364090508376,0.9719287654693631,0.015750808110490743,44.0296932,0.30551666199943994,0.18045112781954886,0.19807869898418096,0.1390557089691774,0.7351767046353681,0.10090817356205853,0.18584070796460178,0.18309859154929578,-0.08891602375534222,-0.05030856916247795,0.33273780680183396,Specialty Industrial Machinery,Industrials,ETN
2010Q2,2010,Q2,2010-06-30,2010-06-30,226000000.0,3378000000.0,284000000.0,0.665,991000000.0,0.29336885731201895,15927000000.0,6570000000.0,4862000000.0,2998000000.0,9317000000.0,1386000000.0,0.0,10954656334.800001,14181656334.800001,19.623655913978496,1.6217478318879253,0.2182457462171156,0.5290715372907153,0.025792113251156233,19.623655913978496,0.03439878234398782,3.2429414845470697,12.11798267123894,1.6673753934246576,0.37168141592920356,1.7222222222222223,0.0076679721784748784,0.21209267281974006,0.9716477651767845,0.014189740691906825,26.981912154679804,0.29336885731201895,0.46153846153846156,-0.03234952810504603,0.06663580738750902,0.6850809148260124,0.09866962305986696,0.45806451612903226,0.32710280373831774,-0.19106176724849688,-0.0842315977188058,0.3008890855500024,Specialty Industrial Machinery,Industrials,ETN
2010Q1,2010,Q1,2010-03-31,2010-03-31,155000000.0,3103000000.0,214000000.0,0.455,902000000.0,0.2906864324846922,15847000000.0,6683000000.0,4480000000.0,2770000000.0,9125000000.0,1374000000.0,0.0,12661166331.6,15952166331.6,19.99700777977259,1.6173285198555956,0.21720199406827792,0.5150381565165345,0.01763200633788869,19.99700777977259,0.023193176717043244,4.080298527747342,20.421236018709678,1.8945333430495288,0.5419354838709678,1.6018922852983988,0.006634459875181567,0.19580993247933362,0.9173285198555957,0.009781031109989272,-63.305831658,0.2906864324846922,-0.27976303317535545,-0.24056810581258786,0.07122228250256946,0.7355679654666576,0.01348314606741573,-0.26540284360189575,0.07,-0.41490586014823,-0.13070393760238602,0.3798776756869726,Specialty Industrial Machinery,Industrials,ETN
2009Q4,2009,Q4,2009-12-31,2009-12-31,211000000.0,3131000000.0,200000000.0,0.6317365269461078,890000000.0,0.28425423187480037,16282000000.0,6777000000.0,4524000000.0,2689000000.0,9464000000.0,1326000000.0,3966000000.0,10624539666.0,13751539666.0,20.290419161676645,1.6824098177761249,0.21293452892765016,0.5115832964438543,0.02434710705836415,20.290419161676645,0.031134720377748268,3.393337485148515,12.588317139810426,1.567734936697654,0.3981042654028436,1.6900452488687783,0.007906224894506408,0.1922982434590345,0.9936779471922648,0.012959095934160423,25.913511380487805,0.28425423187480037,0.10830969639668049,0.05496547887830897,0.08802554405052394,0.7195651957316648,0.047058823529411764,0.09326424870466321,0.010101010101010102,-0.2109846696648197,-0.09037727253423523,0.48743696241224316,Specialty Industrial Machinery,Industrials,ETN
2009Q3,2009,Q3,2009-09-30,2009-09-30,193000000.0,3028000000.0,198000000.0,0.57,850000000.0,0.2807133421400264,16495000000.0,6961000000.0,4588000000.0,3013000000.0,9488000000.0,1359000000.0,0.0,9450530000.0,13041530000.0,20.84131736526946,1.5227348157982077,0.2293422249166414,0.543456399942537,0.021537378105123395,20.84131736526946,0.027725901450940955,3.1210468956406867,12.241619170984459,1.3576397069386583,0.43005181347150256,1.6026490066225165,0.00878257621530221,0.18357077902394664,0.9000995685363425,0.01170051530766899,21.926983758700697,0.2807133421400264,5.705882352941175,0.03876012680521308,0.08947280429310453,0.8899426073668687,0.19382022471910113,5.655172413793103,2.142857142857143,-0.29866476723971414,-0.12397228015878367,0.4296345776996599,Specialty Industrial Machinery,Industrials,ETN
2009Q2,2009,Q2,2009-06-30,2009-06-30,29000000.0,2901000000.0,63000000.0,0.085,712000000.0,0.24543260944501896,16191000000.0,6647000000.0,4477000000.0,3059000000.0,9500000000.0,1373000000.0,0.0,7445409000.0,11339409000.0,19.913121629718393,1.4635501797973194,0.24964486443085665,0.608093876936964,0.006090373280943026,19.913121629718393,0.004362870467880246,2.5664974146845916,64.18456034482759,1.1201156912893035,2.896551724137931,1.5943190094683175,0.0112821202972194,0.17917361497128034,0.8486433474991827,0.0017911185226360323,23.787249201277955,0.24543260944501896,1.5666666666666667,-0.8358484457163698,0.10018782692993851,0.9025036431408089,0.11424100156494522,1.58,4.705882352941177,-0.8958146342156554,-0.1723795725532277,0.4218971763842222,Specialty Industrial Machinery,Industrials,ETN
2009Q1,2009,Q1,2009-03-31,2009-03-31,-50000000.0,2813000000.0,-17000000.0,-0.15,639000000.0,0.22715961606825452,16001000000.0,6065000000.0,4427000000.0,2930000000.0,9894000000.0,1490000000.0,0.0,6122446000.0,10164446000.0,18.257074051776037,1.5109215017064845,0.26167114555340293,0.6903544929925803,-0.0013686837721172485,18.257074051776037,-0.008244023083264633,2.17648275862069,-30.61223,1.0094717230008246,-1.66,1.4590604026845637,0.013556673264247657,0.17580151240547465,0.8361774744027304,-0.0031248046997062683,103.77027118644068,0.22715961606825452,-1.3058895705521472,-1.343930557926802,0.15855113821308806,0.8371068270305038,-0.2578397212543554,-1.3067484662576687,-1.1042944785276074,-1.2176631315704163,-0.15462616040904817,0.35698736712978313,Specialty Industrial Machinery,Industrials,ETN
2008Q4,2008,Q4,2008-12-31,2008-12-31,163000000.0,3487000000.0,163000000.0,0.49037304452466907,861000000.0,0.24691712073415542,16655000000.0,6317000000.0,4795000000.0,3745000000.0,10338000000.0,1554000000.0,3917000000.0,8261802000.0,12344802000.0,19.004211793020456,1.280373831775701,0.2564395076553588,0.676112078518284,0.018726494087928324,19.004211793020456,0.025803387684027228,2.3693151706337825,12.6714754601227,1.3078679753047333,0.5030674846625767,1.6898326898326899,0.00992519549609153,0.20936655658961273,0.7543391188251002,0.00978685079555689,16.073544747081712,0.24691712073415542,-0.475536850775755,0.3059408448920134,0.5289857207478105,0.851035835855313,-0.25130434782608696,-0.48253968253968255,-0.5641711229946524,-0.3036702767749699,0.1022654129236279,0.5000148111907624,Specialty Industrial Machinery,Industrials,ETN
2008Q3,2008,Q3,2008-09-30,2008-09-30,315000000.0,4114000000.0,374000000.0,0.935,1150000000.0,0.27953330092367523,16967000000.0,6979000000.0,5587000000.0,4502000000.0,9988000000.0,1795000000.0,0.0,9337116000.0,13518116000.0,20.995788206979544,1.2410039982230119,0.2570872870866977,0.6250179108754836,0.029344556050567985,20.995788206979544,0.04513540621865597,2.2695955274671853,7.410409523809523,1.337887376414959,0.26031746031746034,1.6512534818941504,0.008782155003750623,0.2424706783756704,0.7347845402043536,0.018565450580538694,29.926653846153847,0.27953330092367523,-0.07881773399014765,1.6888558993218397,0.8546655215056252,1.1659263675293883,-0.049586776859504134,-0.05405405405405406,-0.053164556962025315,0.4200515211436243,0.3233124458774997,0.694436818219567,Specialty Industrial Machinery,Industrials,ETN
2008Q2,2008,Q2,2008-06-30,2008-06-30,333000000.0,4279000000.0,395000000.0,1.015,1210000000.0,0.2827763496143959,17923000000.0,7394000000.0,6063000000.0,4675000000.0,10529000000.0,1844000000.0,0.0,13697164322.4,18122164322.4,22.93424317617866,1.2968983957219251,0.2591084081905931,0.6280768190424668,0.030866239957648242,22.93424317617866,0.045036516094130376,3.201019939799018,10.283156398198198,1.8524701545036513,0.24924924924924924,1.6643167028199566,0.006059648409434929,0.2387435139206606,0.8014973262032086,0.018579478881883615,56.599852571900826,0.2827763496143959,0.23780487804878045,2.220803650044025,0.8988536886033583,1.37025321492937,0.2551867219917012,0.3481781376518219,0.22291021671826625,0.480623790470989,0.40310191208841245,0.9693606350195262,Specialty Industrial Machinery,Industrials,ETN
2008Q1,2008,Q1,2008-03-31,2008-03-31,247000000.0,3496000000.0,323000000.0,0.82,964000000.0,0.2757437070938215,14646000000.0,5500000000.0,5249000000.0,4262000000.0,9146000000.0,1634000000.0,0.0,11767258704.6,15775258704.6,18.61882193635748,1.2315814171750352,0.2843779871637307,0.7572727272727273,0.028511788263469586,18.61882193635748,0.04490909090909091,3.3659206820938214,11.910180875101215,2.1395015826545456,0.29554655870445345,1.5495716034271725,0.006203653869822984,0.23869998634439438,0.7376818395119662,0.016864672948245254,-117.672587046,0.2757437070938215,-0.05828125000000002,2.3492627698788837,0.7730682587554625,1.2561631287586121,0.019027484143763214,-0.03515625,0.12152777777777778,0.3691468832255004,0.36541667028065083,0.6159533097825003,Specialty Industrial Machinery,Industrials,ETN
2007Q4,2007,Q4,2007-12-31,2007-12-31,256000000.0,3374000000.0,288000000.0,0.8707482993197279,946000000.0,0.2803793716656787,13430000000.0,5172000000.0,4767000000.0,3659000000.0,8258000000.0,1483000000.0,3257000000.0,14251649412.0,17526649412.0,17.591836734693878,1.3028149767696091,0.25443037974683547,0.6606728538283063,0.032625010620120645,17.591836734693878,0.04949729311678268,4.223962481327801,13.91762637890625,2.755539329466357,0.24609375,1.6372218476062037,0.004420540961873052,0.25122859270290393,0.7799945340256901,0.01906180193596426,47.19089209271523,0.2803793716656787,0.01841906353184547,2.7481165600568582,0.8646384976525823,1.2039468784907537,0.03162486368593239,-0.007751937984496124,-0.04318936877076412,0.4541020779896657,0.3319877742209682,0.4908666960960758,Specialty Industrial Machinery,Industrials,ETN
2007Q3,2007,Q3,2007-09-30,2007-09-30,258000000.0,3298000000.0,301000000.0,0.855,917000000.0,0.27804730139478473,12739000000.0,4743000000.0,4826000000.0,3153000000.0,7996000000.0,1399000000.0,0.0,14799960000.000002,17728960000.0,16.132653061224488,1.5306057722803679,0.24334720150718267,0.6535947712418301,0.03473005644518931,16.132653061224488,0.05439595192915876,4.48755609460279,14.341046511627908,3.120379506641367,0.24031007751937986,1.7019299499642602,0.004189200511352733,0.2588900227647382,0.9384712971772915,0.020252767093178428,36.09746341463415,0.27804730139478473,0.04268292682926833,1.6722843976300195,0.7359830489572879,0.0,0.01662971175166297,0.04878048780487805,0.04152249134948097,0.5775270108043218,0.34806337792686864,0.4629491915460546,Specialty Industrial Machinery,Industrials,ETN
2007Q2,2007,Q2,2007-06-30,2007-06-30,246000000.0,3248000000.0,289000000.0,0.82,902000000.0,0.2777093596059113,12419000000.0,4447000000.0,4535000000.0,3169000000.0,7972000000.0,1382000000.0,0.0,13708200000.0,16873200000.0,15.084803256445047,1.431050804670243,0.26386987680167484,0.7369012817629863,0.035077356292076645,15.084803256445047,0.055318192039577246,4.220504926108374,13.93109756097561,3.08257252080054,0.25609756097560976,1.6975397973950797,0.0045957893815380575,0.2615347451485627,0.8526349005995583,0.019808358160882517,49.667391304347824,0.2777093596059113,0.05128205128205118,1.7347662513876898,0.689254178577895,0.0,0.005574136008918618,0.05128205128205128,-0.05555555555555555,0.5766705714791374,0.39474232514648416,0.4412051352420175,Specialty Industrial Machinery,Industrials,ETN
2007Q1,2007,Q1,2007-03-31,2007-03-31,234000000.0,3153000000.0,306000000.0,0.78,897000000.0,0.2844909609895338,12240000000.0,4278000000.0,4405000000.0,3135000000.0,7962000000.0,1389000000.0,0.0,12333455704.8,15517455704.8,14.491869918699187,1.405103668261563,0.2687908496732026,0.7690509583917718,0.035172552009242596,14.491869918699187,0.0546984572230014,3.9116573754519504,13.176768915384613,2.8829957234221597,0.2692307692307692,1.6241900647948164,0.0051080574259071065,0.25759803921568625,0.8159489633173844,0.01911764705882353,-68.14063925303867,0.2844909609895338,-0.025809128630705395,5.73540280857354,0.7382024168471517,0.0,0.11845386533665836,-0.029045643153526972,0.34210526315789475,0.8113396432471789,0.46134487819409037,0.45823548113890616,Specialty Industrial Machinery,Industrials,ETN
