Quarters,Year,Quarter,FillingDate,Date,NetIncome,Revenue,OperatingIncome,EPSDiluted,GrossProfit,GrossProfitRatio,TotalAssets,CommonStockEquity,CurrentAssets,CurrentLiability,TotalLiability,Inventory,RetainedEarnings,MarketCap,EnterpriseValue,bookValuePerShare,currentRatio,debtToAssets,debtToEquity,roic,shareholdersEquityPerShare,roe,priceToSalesRatio,peRatio,pbRatio,payoutRatio,inventoryTurnover,dividendYield,assetTurnover,quickRatio,returnOnAssets,priceToFreeCashFlowsRatio,grossProfitMargin,epsdilutedGrowth,fiveYNetIncomeGrowthPerShare,fiveYRevenueGrowthPerShare,fiveYShareholdersEquityGrowthPerShare,grossProfitGrowth,netIncomeGrowth,operatingIncomeGrowth,threeYNetIncomeGrowthPerShare,threeYRevenueGrowthPerShare,threeYShareholdersEquityGrowthPerShare,Industry,Sector,Symbol
2023Q1,2023,Q1,2023-05-04,2023-04-02,48800000.0,846100000.0,99600000.0,0.73,448600000.0,0.5301973762,8787100000.0,4996500000.0,1498900000.0,907800000.0,3790600000.0,528600000.0,2246700000.0,5974020000.0,8390520000.0,75.02252252252252,1.65113461114783,0.3152803541555234,0.5544681276893826,0.010189429196749767,75.02252252252252,0.009766836785750025,7.060654768939842,30.604610655737705,1.195640948664065,0.0,0.7519863791146425,0.0,0.09628887801436196,0.7397003745318352,0.005553595611749041,28.624916147580258,0.5301973761966671,0.6222222222222221,-0.2396910721900415,1.646549602048795,6.99493598471962,-0.0008908685968819599,0.6105610561056105,0.15144508670520232,-0.23414251043050405,2.059140192335729,4.213404528439748,Medical Instruments & Supplies,Healthcare,QDEL
2022Q4,2022,Q4,2023-02-23,2023-01-01,30300000.0,866500000.0,86500000.0,0.45,449000000.0,0.5181765724,8855800000.0,4934600000.0,1575100000.0,1007000000.0,3921200000.0,524100000.0,2197900000.0,5679921000.0,8211721000.0,74.42835595776772,1.5641509433962264,0.31896610131213443,0.5724273497345276,0.008025733792202163,74.42835595776772,0.006140315324443724,6.555015579919215,46.864034653465346,1.15103980059174,0.0,0.7966037015836672,0.0,0.0978454797985501,0.7933465739821252,0.0034214864834345854,52.738356545961004,0.5181765724177726,0.607142857142857,4.083853588605254,2.905571228404322,10.251887879993477,0.10184049079754601,0.578125,-0.010297482837528604,-0.3751242918136869,2.5963171710067954,4.567302714678866,Medical Instruments & Supplies,Healthcare,QDEL
2022Q3,2022,Q3,2022-11-04,2022-10-02,19200000.0,783800000.0,87400000.0,0.28,407500000.0,0.5199030365,8655500000.0,4795300000.0,1445200000.0,872700000.0,3860200000.0,536200000.0,2167600000.0,4874334000.0,7514234000.0,71.67862481315396,1.6560100836484473,0.3295130263993992,0.5947698788396972,0.006864720361683972,71.67862481315396,0.004003920505494964,6.218849196223527,63.467890625,1.0164815548557964,0.0,0.7017903767251026,0.0,0.0905551383513373,0.7798785378709752,0.0022182427358327077,-121.2520895522388,0.5199030364889002,-0.22222222222222213,2.7616070450256682,6.8069026846325515,10.105595672997982,0.2074074074074074,-0.0051813471502590676,-0.44472681067344344,-0.26141355512181014,2.8569824417309553,4.58788477387868,Medical Instruments & Supplies,Healthcare,QDEL
2022Q2,2022,Q2,2022-08-05,2022-07-03,19300000.0,613400000.0,157400000.0,0.36,337500000.0,0.5502119335,8822400000.0,4919600000.0,1559100000.0,900000000.0,3902800000.0,552700000.0,2148400000.0,5069142000.0,7599442000.0,94.24521072796935,1.7323333333333333,0.329762876314835,0.591369217009513,0.008854666693133137,94.24521072796935,0.003923083177494105,8.264007173133354,65.66246113989637,1.0303971867631514,0.0,0.49918581508956034,0.0,0.06952756619513964,0.9007777777777778,0.002187613347841857,25.559128724852517,0.5502119334854907,-0.9681697612732096,2.0459394802964446,9.287116526579176,13.851330081599022,-0.5438930317666678,-0.9597863048406454,-0.7463977688159482,10.705941714182279,3.3647624465858925,6.4309423980973515,Medical Instruments & Supplies,Healthcare,QDEL
2022Q1,2022,Q1,2022-03-31,2022-03-31,479936000.0,1002259000.0,620657000.0,11.31,739958000.0,0.7382902024,3093125000.0,2414922000.0,2113650000.0,492656000.0,678203000.0,181388000.0,2129133000.0,4709262500.0,3579109500.0,57.66977910447761,4.290316163814102,0.0470019801980198,0.06020194441062693,0.177388681142868,57.66977910447761,0.19873768179676196,4.698648253595128,2.453067961144819,1.950068159551323,0.0,1.4460769179879596,0.0,0.32402796524550415,3.876471615082329,0.15516217417660133,9.840279373968281,0.7382902024327045,0.651094890510949,25.629347435530537,9.783731016955608,7.698752513773819,0.512148967388861,0.6474699382459658,0.6474893092912942,17.3164476544984,5.422315004131591,3.9701125456680493,Medical Instruments & Supplies,Healthcare,QDEL
2021Q4,2021,Q4,2021-12-31,2021-12-31,291317000.0,636867000.0,376729000.0,6.85,489342000.0,0.7683582286,2430374000.0,1929362000.0,1440310000.0,323520000.0,501012000.0,198765000.0,1649197000.0,5636912420.0,4972756420.0,46.20341012500599,4.451996785361029,0.05702620255154145,0.07183462719800639,0.13249984490895741,46.20341012500599,0.15099136398457105,8.8510040871956,4.8374386149795585,2.9216458186695915,0.0,0.7422081352350766,0.0,0.26204485400189437,3.778304277942631,0.11986509072266244,19.50137836790612,0.7683582286411449,0.34842519685039364,117.89085636285265,8.43622633164773,6.524318491822363,0.3104754049190162,0.3502400904742482,0.33667209525938385,7.485892819181003,3.544424460843303,3.289066609197271,Medical Instruments & Supplies,Healthcare,QDEL
2021Q3,2021,Q3,2021-09-30,2021-09-30,215752000.0,509736000.0,281841000.0,5.08,373408000.0,0.7325517523,2106382000.0,1634067000.0,1149065000.0,297088000.0,472315000.0,196976000.0,1357880000.0,5885955000.0,5450338000.0,39.186258992805755,3.86775972102542,0.06780821332502841,0.08740767667421226,0.11252535349487332,39.186258992805755,0.1320337538179279,11.547065539808843,6.8202786069190555,3.6020279462225235,0.0,0.692104621882869,0.0,0.24199599123046056,3.127154243860405,0.10242776476441595,-197.48875989800027,0.7325517522796114,10.288888888888888,296.53693112642753,7.094505402791525,5.507507814970202,2.516546437383459,10.311906884076967,27.619110479285133,17.784224691952225,3.0909755399115144,2.963476025030861,Medical Instruments & Supplies,Healthcare,QDEL
2021Q2,2021,Q2,2021-06-30,2021-06-30,19073000.0,176610000.0,9848000.0,0.45,106186000.0,0.6012456826,1807652000.0,1411079000.0,857946000.0,269000.0,396573000.0,218506000.0,1142128000.0,5342604000.0,4753700000.0,33.838824940047964,3189.3903345724907,0.0023898405224014358,0.00306148698974331,0.005552902118777234,33.838824940047964,0.013516606795225497,30.250857822320366,70.02836470403187,3.7861834808681865,0.0,0.32229778587315683,0.0,0.09770132746789759,2377.1003717472117,0.010551256547167265,-21.094583229688592,0.6012456825774305,-0.8899755501222494,2.8984439784906764,2.5218186384120416,4.704401804719874,-0.648342986961806,-0.892898856719301,-0.9560727778793786,6.639261217813785,0.5570929616638229,2.4787465597149394,Medical Instruments & Supplies,Healthcare,QDEL
2021Q1,2021,Q1,2021-03-31,2021-03-31,178084000.0,375338000.0,224189000.0,4.09,301959000.0,0.8044988783,2097369000.0,1489714000.0,1282713000.0,366936000.0,607655000.0,174669000.0,1123055000.0,5438304300.0,4603443300.0,35.04384850623383,3.495740401595919,0.06970208866441718,0.09813360148323773,0.10100267091093808,35.04384850623383,0.11954240881135574,14.489085304445593,7.634465055816357,3.650569371033635,0.0,0.42010316656075203,0.0,0.17895658799190794,2.961216669936992,0.08490828271038621,10.722927601613673,0.804498878344319,-0.6205936920222634,40.785490833265406,4.742332870816919,4.780557905190519,-0.5695487060473788,-0.6212026460766171,-0.6366914286084696,3.346886436396468,0.8393484161377534,2.7345228612039922,Medical Instruments & Supplies,Healthcare,QDEL
2020Q4,2020,Q4,2020-12-31,2020-12-31,470130000.0,809203000.0,617076000.0,10.78,701494000.0,0.8668949571,1871164000.0,1332703000.0,1142402000.0,336961000.0,538461000.0,113798000.0,944971000.0,7583206150.0,7201770150.0,31.572410035298855,3.390309264276875,0.057987968986149795,0.0814172400002101,0.3041307644493163,31.572410035298855,0.3527642693083155,9.371203702902733,4.032504918852232,5.690094604724384,0.0,0.9464929084869681,0.0,0.4324596881940867,3.0244212238211543,0.25125002404920144,18.481380570097194,0.8668949571368371,1.0225140712945588,991.3321905543748,11.261145119384961,3.8399016316527113,0.8286216271873916,1.02408424750719,1.003760240811277,76.15484358566108,4.728769747836356,3.7730359383450556,Medical Instruments & Supplies,Healthcare,QDEL
2020Q3,2020,Q3,2020-09-30,2020-09-30,232268000.0,476058000.0,307959000.0,5.33,383619000.0,0.8058240803,1249358000.0,849247000.0,560936000.0,207886000.0,400111000.0,95221000.0,474841000.0,9236994900.0,9275942900.0,20.169742310889443,2.698286560903572,0.09324389006193581,0.13717446161128624,0.22484821417161438,20.169742310889443,0.273498758311775,19.403087228867072,9.942173373000154,10.876688289743738,0.0,0.9707837556841453,0.0,0.38104210322421594,2.1823451314662843,0.18590988331607114,193.52192285935766,0.8058240802591281,2.438709677419355,244.84367926577755,7.135415994869578,2.096326716880824,1.57893392313329,2.4332761780878616,2.6809461769240883,34.860209136714346,6.534003549138483,2.125018141980198,Medical Instruments & Supplies,Healthcare,QDEL
2020Q2,2020,Q2,2020-06-30,2020-06-30,67652000.0,201754000.0,83663000.0,1.55,148751000.0,0.7372889757,972931000.0,611709000.0,296937000.0,182978000.0,361222000.0,92618000.0,242573000.0,9423257580.0,9487333580.0,14.524040173801552,1.6228016482855863,0.14046730960366152,0.22341505519781465,0.08352954623227508,14.524040173801552,0.11059507053190325,46.70667040058685,34.82253880151363,15.40480453941335,0.0,0.5722753676391198,0.0,0.2073672233693859,1.0547934724393095,0.06953422185129264,183.0007492280504,0.7372889756832578,0.6666666666666666,7.222452121747628,3.752409516628646,1.1836585412080687,0.2935881938586498,0.6813380719238512,1.0374799084311528,5.54404853816058,3.1935817707823375,1.288724414465313,Medical Instruments & Supplies,Healthcare,QDEL
2020Q1,2020,Q1,2020-03-31,2020-03-31,40237000.0,174653000.0,41062000.0,0.93,114991000.0,0.6583969356,966766000.0,605199000.0,286479000.0,136196000.0,361567000.0,58708000.0,174921000.0,4113497360.0,4115598360.0,14.390312916111851,2.1034318188493053,0.1146823533305888,0.18319759285788642,0.041566851091265476,14.390312916111851,0.06648556920946663,23.552400245057342,25.55792777791585,6.796933504516696,0.0,1.0162499148327315,0.0,0.18065695318205233,1.6120958031072865,0.04162020592366716,74.39050491898148,0.6583969356380939,0.3098591549295776,7.3043629422144285,1.3467339843430652,0.9824730453528944,0.2124736398144243,0.3138183242996147,0.8198821078757258,1.2229497495624813,0.8710784104714572,1.1705956325277609,Medical Instruments & Supplies,Healthcare,QDEL
2019Q4,2019,Q4,2019-12-31,2019-12-31,30626000.0,152178000.0,22563000.0,0.71,94840000.0,0.6232175479,910867000.0,559820000.0,222227000.0,125891000.0,351047000.0,58086000.0,134684000.0,3141881250.0,3201406250.0,13.368835820895523,1.7652334162092604,0.1232891300266669,0.2006001929191526,0.027539860276416507,13.368835820895523,0.05470687006537816,20.646093719197257,25.64717274537974,5.61230618770319,0.0,0.9871225424370761,0.0,0.16706939652001884,1.2525756408321485,0.033622910918937675,80.12754711688046,0.6232175478715715,0.8684210526315789,2.55781900954947,0.9772501823164004,0.8880313825690557,0.2502142132113526,0.8927136765342067,0.7550560049782203,13.254338130884042,1.2484661048642562,1.1771418669995486,Medical Instruments & Supplies,Healthcare,QDEL
2019Q3,2019,Q3,2019-09-30,2019-09-30,16181000.0,126492000.0,12856000.0,0.38,75859000.0,0.5997138159,867516000.0,534163000.0,185414000.0,127172000.0,333353000.0,61742000.0,104058000.0,2554736700.0,2633078700.0,12.827505883483022,1.4579781712955682,0.12363576003209163,0.20079264194637217,0.01630170855990298,12.827505883483022,0.030292251616079735,20.196824305094392,39.47124250664359,4.782691238442198,0.0,0.8200738557221988,0.0,0.14580941446613088,0.9094926556160161,0.01865210555194371,399.3023913723039,0.5997138158934953,11.666666666666666,3.3137909468311255,1.553085127842191,1.0264454444358893,0.2818567397218608,11.740944881889764,3.660045520380716,23.195593483650015,1.0114653012298365,1.1302134199303713,Medical Instruments & Supplies,Healthcare,QDEL
2019Q2,2019,Q2,2019-06-30,2019-06-30,1270000.0,108252000.0,-4833000.0,0.03,59179000.0,0.5466781214,846181000.0,509963000.0,157512000.0,112112000.0,336218000.0,64622000.0,87877000.0,2388012510.0,2477937510.0,12.68280733169191,1.4049521906664764,0.14001614311831628,0.23232861991948436,-0.015166169467799745,12.68280733169191,0.002490376752823244,22.05975418468019,470.0812027559055,4.682717197129988,0.0,0.759385348642877,0.0,0.12793007642572923,0.7637897816469245,0.001500860926917527,70.7706045698367,0.5466781214203894,-0.95,1.157042402203553,1.9366784067727834,0.9814614931434823,-0.34915921563452,-0.9488810175495089,-1.2196219212941926,1.1310977629132681,1.2387232444766845,1.1380124504912914,Medical Instruments & Supplies,Healthcare,QDEL
2019Q1,2019,Q1,2019-03-31,2019-03-31,24844000.0,147968000.0,22006000.0,0.6,90927000.0,0.6145044875,905855000.0,460698000.0,211642000.0,159553000.0,445157000.0,66647000.0,86607000.0,2610140960.0,2730473960.0,11.603314527503526,1.3264683208714345,0.19569467519636144,0.38478786536950454,0.02829551363715555,11.603314527503526,0.05392686749237027,17.639901600346022,26.26530510384801,5.665622511927553,0.0,0.8558674809068675,0.0,0.1633462309089203,0.8653362832413054,0.027426022928614402,93.54002866972478,0.6145044874567474,-0.23076923076923084,15.15301198445214,1.7307455324954986,0.7635973704200005,0.10708371889154045,-0.23507497152005913,0.1662515236631512,6.942623030857831,1.4237648057280037,0.9139915955988968,Medical Instruments & Supplies,Healthcare,QDEL
2018Q4,2018,Q4,2018-12-31,2018-12-31,32479000.0,132588000.0,18869000.0,0.78,82132000.0,0.6194527408,806371000.0,425584000.0,193397000.0,159735000.0,380787000.0,67379000.0,61763000.0,1928731740.0,1992603740.0,10.772369453514568,1.2107365323817574,0.13339641430557397,0.2527515132147825,0.05057103823128441,10.772369453514568,0.07631630888379262,14.546804688207077,14.84599079405154,4.531964876499116,0.0,0.74883865892934,0.0,0.1644255559785756,0.7548877828904123,0.0402779861874993,56.062893933668576,0.6194527408211905,1.8888888888888888,23.557844351740556,1.2759956931609837,0.639745073354657,0.17934579707647683,2.001201256699316,0.11690541020480644,74.09996489223043,1.146492407420272,0.6513534581788369,Medical Instruments & Supplies,Healthcare,QDEL
2018Q3,2018,Q3,2018-09-30,2018-09-30,10822000.0,117399000.0,16894000.0,0.27,69642000.0,0.5932077786,793884000.0,388454000.0,200149000.0,158449000.0,405430000.0,63309000.0,29284000.0,2509845200.0,2608224200.0,9.886841435479766,1.2631761639391854,0.17266124521970463,0.35286803585495324,0.03217948715134803,9.886841435479766,0.02785915449448326,21.37876131823951,57.98016078358899,6.46111302753994,0.0,0.7543477230725489,0.0,0.14787928715026377,0.8231039640515244,0.013631714457023948,-953.5886018237082,0.5932077786011806,4.329223181257706,3.145910783175032,2.0269448427103978,0.543295880345402,0.20763681764583478,4.518205461638492,3.7226430298146655,13.175345519453234,1.149987513888047,0.5177631330328282,Medical Instruments & Supplies,Healthcare,QDEL
2018Q2,2018,Q2,2018-06-30,2018-06-30,-3076000.0,103155000.0,-6205000.0,-0.0811,57668000.0,0.559042218,763501000.0,368908000.0,167972000.0,152313000.0,394593000.0,59714000.0,18462000.0,2522012500.0,2617718500.0,9.72730388925511,1.10280803345742,0.17600631826284444,0.3642669717111041,-0.004293410836082235,9.72730388925511,-0.00833812224185976,24.44876641946585,-204.97500812743823,6.83642669717111,0.0,0.7617476638644204,0.0,0.13510787805124028,0.5474122366442785,-0.0040288093925220795,60.01933603046169,0.5590422180214241,-1.0943023255813955,-0.562161816600841,2.095016115080059,0.49804238074337204,-0.4573496061954814,-1.090582484245244,-1.1214452077584014,0.6858051270832184,1.6984465848118142,0.462479445561785,Medical Instruments & Supplies,Healthcare,QDEL
2018Q1,2018,Q1,2018-03-31,2018-03-31,33958000.0,169143000.0,51093000.0,0.86,106271000.0,0.6282908545,865643000.0,330646000.0,268010000.0,197296000.0,534997000.0,57961000.0,21538000.0,1797388360.0,1922451360.0,9.38375525031218,1.3584157813640418,0.26208841289076446,0.6861567960900782,0.0804638346115334,9.38375525031218,0.10270198339009091,10.626442477666826,13.232436833735791,5.435990031635042,0.0,1.0847293870016046,0.0,0.19539579249182398,0.9836286594761171,0.03922864275457666,58.23386878341163,0.6282908544840756,6.733333333333333,1.6106515704207078,1.5939914147588485,0.4392758168506785,0.7973345510511273,7.674135220125786,120.07345971563981,7.364966295631854,1.712584055355134,0.29274755569102634,Medical Instruments & Supplies,Healthcare,QDEL
2017Q4,2017,Q4,2017-12-31,2017-12-31,-5088000.0,114890000.0,422000.0,-0.15,59127000.0,0.5146400905,935251000.0,227104000.0,331229000.0,128348000.0,708147000.0,67078000.0,-12420000.0,1525415190.0,1886775190.0,6.614743832464393,2.580710256490167,0.4249618551597379,1.7500616457658165,0.0006469501096868029,6.614743832464393,-0.022403832605326194,13.27717982417965,-74.95161114386792,6.716813398266873,0.0,0.8313157816273592,0.0,0.12284402796682388,0.8035341415526537,-0.005440250798983375,235.3309456957729,0.5146400905213683,0.06250000000000006,-1.5631602875085122,1.0610495252927972,0.09968709033757078,0.8768688696314637,0.0790950226244344,-0.7945472249269717,-1.720914469287903,0.8206859806640925,-0.06582412181113116,Medical Instruments & Supplies,Healthcare,QDEL
2017Q3,2017,Q3,2017-09-30,2017-09-30,-5525000.0,50894000.0,2054000.0,-0.16,31503000.0,0.6189924156,413821000.0,218884000.0,244475000.0,38935000.0,194937000.0,23429000.0,-7332000.0,1487424180.0,1466906180.0,6.454280069589833,6.2790548349813795,0.3684588264007868,0.6966064216662707,0.005681766388185072,6.454280069589833,-0.02524168052484421,29.2259240774944,-67.30426153846155,6.795490670857623,0.0,0.8276494942165692,0.0,0.12298554205803959,5.510954154359831,-0.013351183241063165,-121.72047299509002,0.6189924156089126,0.5428571428571428,-6.954006745768017,0.5009953119864027,0.14115466719921393,0.5358326833073322,0.5334402972470866,1.2375115633672527,0.029900207065508583,0.26134587660679176,0.019625059067390184,Medical Instruments & Supplies,Healthcare,QDEL
2017Q2,2017,Q2,2017-06-30,2017-06-30,-11842000.0,38267000.0,-8648000.0,-0.35,20512000.0,0.5360232054,398537000.0,212588000.0,225253000.0,31327000.0,185949000.0,22964000.0,-1807000.0,909190000.0,885256000.0,6.345910447761194,7.190378906374693,0.37917182093507,0.7108303384951173,-0.020172947576973632,6.345910447761194,-0.05570399081792011,23.75911359657146,-19.19418172605979,4.276770090503697,0.0,0.7731666956976136,0.0,0.09601868835264982,6.220959555654867,-0.02971367777646743,-91.59681644166835,0.5360232053727755,-1.8333333333333335,-2.730353982808571,0.21959189276251448,0.13777164071888967,-0.5907585491400982,-1.8286913925822252,-1.4497373758385772,-0.7575865922270524,0.24601520693028767,-0.008565149471658635,Medical Instruments & Supplies,Healthcare,QDEL
2017Q1,2017,Q1,2017-03-31,2017-03-31,14290000.0,73692000.0,19229000.0,0.42,50122000.0,0.6801552407,404497000.0,220118000.0,244945000.0,29130000.0,184379000.0,22470000.0,10035000.0,751693280.0,703960280.0,6.629660863803386,8.40868520425678,0.37024007594617514,0.6803668941204263,0.04479639350428059,6.629660863803386,0.06491972487483987,10.200473321391739,13.150687193841847,3.4149559781571703,0.0,1.0489541611036939,0.0,0.1821818208787704,7.498695502917954,0.03532782690600919,29.06442717395507,0.6801552407316941,8.035175879396984,277.466056261671,0.9293203768686347,0.18176519903042646,0.48778533052331624,8.328205128205129,2.250887573964497,10.734857521173105,0.6263117077230552,0.007647637101121164,Medical Instruments & Supplies,Healthcare,QDEL
2016Q4,2016,Q4,2016-12-31,2016-12-31,-1950000.0,52808000.0,5915000.0,-0.0597,33689000.0,0.6379525829,388250000.0,200630000.0,225394000.0,33612000.0,187620000.0,26045000.0,-4255000.0,699855660.0,678764660.0,6.140544180209959,6.70575984767345,0.3822717321313587,0.7397547724667298,-0.01177485772535652,6.140544180209959,-0.00971938394058715,13.252834040296925,-89.72508461538463,3.4882901859143702,0.0,0.7340756383182953,0.0,0.13601545396007728,5.786564322265858,-0.005022537025112685,55.667806236080175,0.6379525829419785,-2.4114285714285715,-3.0570460104865274,0.39009729606041593,0.09368899639860956,0.06566918672697941,-2.409090909090909,1.7835294117647058,-2.7828189605532483,0.09610453768849973,-0.0653006183397444,Medical Instruments & Supplies,Healthcare,QDEL
2016Q3,2016,Q3,2016-09-30,2016-09-30,-572000.0,49341000.0,2125000.0,-0.0175,31613000.0,0.6407044851,376497000.0,196747000.0,208535000.0,25348000.0,179750000.0,23364000.0,-2305000.0,721746570.0,715553570.0,6.021699874514125,8.226881805270633,0.3908928889207616,0.7480164881802518,0.003963453650927912,6.021699874514125,-0.0029072870234361898,14.627724813035812,-315.4486756993007,3.668399365682831,0.0,0.7587741825029961,0.0,0.131052837074399,7.083556888117406,-0.0015192684138253425,-150.80371291266192,0.6407044851137998,0.9270833333333333,0.48063130617533334,0.5060864598667344,0.09049804287051988,0.44914049965619984,0.9270408163265306,1.2356137044018183,0.8636066559722138,0.529822601380809,-0.0600370533237837,Medical Instruments & Supplies,Healthcare,QDEL
2016Q2,2016,Q2,2016-06-30,2016-06-30,-7840000.0,39133000.0,-9019000.0,-0.24,21815000.0,0.5574579,369696000.0,193035000.0,200205000.0,23287000.0,176661000.0,23137000.0,-1733000.0,581182260.0,571590260.0,5.932054946068037,8.597286039421137,0.39485144551198825,0.7562100137280804,-0.01724384397701834,5.932054946068037,-0.04061439635299298,14.851461937495209,-18.532597576530613,3.010761053694926,0.0,0.748498076673726,0.0,0.10585183502120661,7.3774638210160175,-0.021206613000952133,338.2900232828871,0.5574578999821123,-1.1818181818181819,-1.1657083967883812,0.4382465557235173,0.07515677287402309,-0.29792095777548916,-1.2751015670342427,-1.6066473988439307,-3.6403468567507784,0.3683918179274041,-0.0864406195919968,Medical Instruments & Supplies,Healthcare,QDEL
2016Q1,2016,Q1,2016-03-31,2016-03-31,-3446000.0,50321000.0,-3460000.0,-0.11,31072000.0,0.6174758053,378758000.0,198403000.0,210046000.0,28143000.0,180355000.0,24820000.0,6107000.0,564868020.0,556208020.0,6.062364408592294,7.463525565860071,0.3822678332866897,0.7297621507739298,-0.005577308377550097,6.062364408592294,-0.017368688981517416,11.225294012440134,-40.97997823563552,2.847073985776425,0.0,0.7755439161966157,0.0,0.13285791983271641,6.392104608606048,-0.009098157662676432,-58.852679724942696,0.6174758053297827,-8.821428571428571,-1.2984747109673387,-0.16273810392053337,0.07279849178333804,-0.09384660250801984,-8.140583554376658,-2.2997746055597297,-1.285234784438815,-0.16910877381219344,-0.0701574952167603,Medical Instruments & Supplies,Healthcare,QDEL
2015Q4,2015,Q4,2015-12-31,2015-12-31,-377000.0,52412000.0,2662000.0,-0.0112,34290000.0,0.6542394871,406505000.0,218676000.0,240664000.0,30830000.0,187829000.0,26388000.0,9553000.0,710666400.0,667046400.0,6.523357794880973,7.806162828413883,0.3638676031045129,0.6764071045748047,0.008267714884535397,6.523357794880973,-0.0017240117799850005,13.559230710524307,-471.26419098143236,3.249860066948362,0.0,0.686751553736547,0.0,0.12893322345358604,6.809341550437885,-0.000927417866938906,64.44200217627856,0.6542394871403495,0.504424778761062,0.2559723934362494,0.3896501711881596,0.6338976078521384,0.14870523600549396,0.505249343832021,1.1963696369636965,-1.0427374003642815,-0.03701668528313345,0.08449435599850719,Medical Instruments & Supplies,Healthcare,QDEL
2015Q3,2015,Q3,2015-09-30,2015-09-30,-762000.0,46812000.0,1212000.0,-0.0226,29851000.0,0.6376783731,419042000.0,219414000.0,251083000.0,36330000.0,199628000.0,24568000.0,9930000.0,635935040.0,598262040.0,6.514087225009649,6.911175337186898,0.350077080579035,0.6685854138751401,0.00132601875644072,6.514087225009649,-0.0034728868713938036,13.584872254977356,-208.64010498687662,2.8983339258205945,0.0,0.6903695864539238,0.0,0.11171195250118127,5.928709055876686,-0.0018184334744488619,-82.9660848010437,0.637678373066735,0.913076923076923,0.8912173321985455,0.3877131417559124,0.6510470012990532,0.5402992776057791,0.9146792072556265,1.1233587786259542,-0.10449585036400125,0.3900338980670739,0.15172892394099938,Medical Instruments & Supplies,Healthcare,QDEL
2015Q2,2015,Q2,2015-06-30,2015-06-30,-8931000.0,34873000.0,-9825000.0,-0.26,19380000.0,0.5557307946,429211000.0,230113000.0,260611000.0,34224000.0,199098000.0,23681000.0,10692000.0,794001150.0,729890150.0,6.651241437118825,7.614860916316036,0.33895915994697245,0.6322328595081547,-0.017897195055400536,6.651241437118825,-0.038811366589458225,22.768363777134173,-22.225986731609,3.4504836754116455,0.0,0.6542375744267557,0.0,0.08124908261903818,6.582807386629266,-0.02080794760618903,-61.147566422795535,0.5557307945975396,-3.3636363636363638,-1.9723680266894748,0.14411455535097434,0.632226933753746,-0.5177904951480468,-3.237785016286645,-2.130740016112326,-1.7241526701601975,0.07618215799529807,0.19251507644548643,Medical Instruments & Supplies,Healthcare,QDEL
2015Q1,2015,Q1,2015-03-31,2015-03-31,3991000.0,61302000.0,8689000.0,0.11,40190000.0,0.6556066686,455193000.0,251451000.0,285291000.0,36122000.0,203742000.0,22894000.0,19623000.0,934614180.0,846001180.0,7.2587685113016365,7.897984607718288,0.316966649311391,0.5737937013573221,0.014935287652417577,7.2587685113016365,0.01587187961073927,15.24606342370559,58.54511275369582,3.716883925695265,0.0,0.9221630121429195,0.0,0.13467254549169252,6.964453795470904,0.00876770952101636,32.3407100591716,0.6556066686241885,-0.45,2.3047555024264605,0.7774941519607754,0.7067656224915708,-0.0506448717343034,-0.4389146632925629,-0.32721641502129306,73.54106405704223,0.5382696667479763,0.29390630843716287,Medical Instruments & Supplies,Healthcare,QDEL
2014Q4,2014,Q4,2014-12-31,2014-12-31,7113000.0,63597000.0,12915000.0,0.2,42334000.0,0.6656603299,451550000.0,245011000.0,275121000.0,36385000.0,206539000.0,24763000.0,15632000.0,1000689840.0,943890840.0,7.080833477833651,7.561385186203106,0.3260391983169084,0.6008832256510932,0.019114247252203526,7.080833477833651,0.029031349612874523,15.734859191471296,35.17115984816534,4.084264951369531,0.0,0.8586600977264467,0.0,0.14084154578673458,6.554569190600522,0.015752408371165982,64.3489061796669,0.6656603298897746,2.176470588235294,-0.6962258376848073,-0.1799746753217351,0.6638418752619317,0.7573996429905766,2.2333969134732095,2.9678500685662046,6.085165742166303,0.5807744920744382,0.26116341365901047,Medical Instruments & Supplies,Healthcare,QDEL
2014Q3,2014,Q3,2014-09-30,2014-09-30,-5767000.0,40857000.0,-6563000.0,-0.17,24089000.0,0.5895929706,267737000.0,217374000.0,89718000.0,31119000.0,50363000.0,23514000.0,8519000.0,922715800.0,904544800.0,6.3300524170064065,2.883061795044828,0.019575180120790178,0.024110519197328106,-0.016056888498409395,6.3300524170064065,-0.0265303118128203,22.58403211200039,-39.999817929599445,4.244830568513254,0.0,0.7131070851407671,0.0,0.15260124674587375,1.5382885054146984,-0.021539794649226666,-546.956609365738,0.5895929706047923,0.15,-1.3339993072659497,-0.3704250243929801,0.5924414107620066,0.5455537020402925,0.1651708164447018,0.34271407110665997,-3.9821685109687444,0.18658035395569927,0.14633905971115305,Medical Instruments & Supplies,Healthcare,QDEL
2014Q2,2014,Q2,2014-06-30,2014-06-30,-6908000.0,31488000.0,-9985000.0,-0.2,15586000.0,0.4949822154,258514000.0,219846000.0,72016000.0,19607000.0,38668000.0,23525000.0,14286000.0,759412170.0,746691170.0,6.40073368853175,3.6729739378793287,0.020710677178025175,0.024353411024080493,-0.02888642259171682,6.40073368853175,-0.031421995396777744,24.117510480182926,-27.483069267515923,3.454291504052837,0.0,0.67596174282678,0.0,0.12180384814748911,1.8007854337736522,-0.026721957031340664,-101.02596381535187,0.4949822154471545,-3.5248868778280538,-10.370096922447097,0.10403460534256055,0.8903397820071924,-0.4102020737152804,-3.568783068783069,-3.5448338643604917,-0.8079163458887366,0.09642104091511937,0.16010256802312975,Medical Instruments & Supplies,Healthcare,QDEL
2014Q1,2014,Q1,2014-03-31,2014-03-31,-1512000.0,46673000.0,-2197000.0,-0.0442,26426000.0,0.5661945879,271419000.0,225007000.0,80965000.0,23694000.0,46412000.0,24986000.0,21194000.0,933632700.0,913388700.0,6.579344425275593,3.4171098168312652,0.02012386752585486,0.024274800339544992,-0.005925846578410252,6.579344425275593,-0.006719790939837427,20.00370021211407,-154.37048611111112,4.149349575790975,0.0,0.8103337869206756,0.0,0.1719592217199238,1.7887228834304043,-0.005570722757065644,51.58761741628909,0.5661945878773595,-2.4733333333333336,0.5098501902034023,1.5091476816004867,0.9100846314901694,-0.16083960496649838,-2.3274802458296753,-2.536363636363636,-1.1253247501995811,-0.2568601164971956,0.1642834875374538,Medical Instruments & Supplies,Healthcare,QDEL
2013Q4,2013,Q4,2013-12-31,2013-12-31,1139000.0,50170000.0,1430000.0,0.03,31491000.0,0.627685868,271366000.0,223522000.0,78619000.0,24009000.0,47844000.0,27639000.0,22706000.0,1051001360.0,1047211360.0,6.569539148836116,3.274563705277188,0.02051472918493842,0.02490582582475103,-0.07798985117301041,6.569539148836116,0.005095695278317123,20.948801275662746,230.6851097453907,4.702004098030619,0.0,0.675820398711965,0.0,0.18487946168643088,1.6362614019742596,0.004197283373746159,-384.7003513909224,0.6276858680486347,1.2307692307692308,-0.8239870944862644,0.405494716098337,0.7584189501082277,0.7262909768665716,1.2611786287548727,1.2446954140999316,3.214705457843069,0.3105796071533621,0.6454645962233561,Medical Instruments & Supplies,Healthcare,QDEL
2013Q3,2013,Q3,2013-09-30,2013-09-30,-4361000.0,33539000.0,-5844000.0,-0.13,18242000.0,0.5439041116,269200000.0,217661000.0,70518000.0,21168000.0,51539000.0,27361000.0,21567000.0,964918400.0,960337400.0,6.406316223216388,3.3313492063492065,0.021051263001485885,0.02603589986263042,-0.018078886695645738,6.406316223216388,-0.020035743656419847,28.770040847968037,-55.315202935106626,4.433124905242556,0.0,0.5590804429662658,0.0,0.12458766716196136,1.4119425547996975,-0.016199851411589895,-91.78335394273756,0.5439041116312353,-1.5048169556840076,-1.86404971669519,-0.011406155901393208,0.637678277749796,0.13763642033052698,-1.4849002849002848,0.17955917450512424,0.3827951388309991,-0.014330923532121677,0.6237315873060367,Medical Instruments & Supplies,Healthcare,QDEL
2013Q2,2013,Q2,2013-06-30,2013-06-30,-1755000.0,29706000.0,-7123000.0,-0.0519,16035000.0,0.5397899414,265101000.0,219488000.0,71001000.0,18219000.0,45613000.0,24664000.0,25928000.0,894062900.0,877006900.0,6.493343589136737,3.897085460233822,0.021738884425181345,0.026256560723137482,-0.007400577013728401,6.493343589136737,-0.007995881323808135,30.097047734464418,-127.35938746438747,4.073402190552559,0.0,0.5542896529354525,0.0,0.11205540529835799,1.998682693890993,-0.006620118369979743,-62.622602787700494,0.5397899414259746,-1.1441666666666668,-2.2140810727487317,0.27344430805340847,0.8388214260510368,-0.622243686392763,-1.1419099215654565,-1.4143929257083019,0.40217281943319166,-0.002482733618831678,0.5934785102158747,Medical Instruments & Supplies,Healthcare,QDEL
2013Q1,2013,Q1,2013-03-31,2013-03-31,12367000.0,61995000.0,17189000.0,0.36,42448000.0,0.6847003791,257076000.0,218419000.0,91579000.0,22841000.0,38657000.0,20722000.0,27683000.0,790623600.0,750581600.0,6.519775529088684,4.009412897859113,0.0227792559398777,0.026810854367065137,0.0543651897088937,6.519775529088684,0.05662053209656669,12.75302201790467,15.98252607746422,3.619756523013108,0.0,0.9432969790560757,0.0,0.2411543668020352,2.6271179020183006,0.048106396551992406,25.750695371787774,0.6847003790628277,0.3846153846153845,0.38166903632622656,0.44914198795280574,0.8803790394964398,0.168465095793878,0.4149885583524027,0.2176099737904654,5.180655865952543,0.8587580003783618,0.533005043773595,Medical Instruments & Supplies,Healthcare,QDEL
2012Q4,2012,Q4,2012-12-31,2012-12-31,8740000.0,53925000.0,14117000.0,0.26,36328000.0,0.6736764024,241649000.0,199780000.0,74772000.0,23161000.0,41869000.0,15496000.0,15316000.0,620086710.0,614021710.0,6.015114563574504,3.2283580156297225,0.045301242711536155,0.05479527480228251,0.04108801415871486,6.015114563574504,0.04374812293522875,11.499058136300418,17.737034038901605,3.103847782560817,0.0,1.1355833763551884,0.0,0.22315424437924428,2.140753853460559,0.03616816125868512,74.81741192084942,0.6736764024107557,13.682926829268293,0.0318231792344011,0.35870197053658553,0.7751074834373418,1.0041928721174005,13.928994082840237,12.628500823723229,-0.6111316904505196,-0.275607599861465,0.4134211073743711,Medical Instruments & Supplies,Healthcare,QDEL
2012Q3,2012,Q3,2012-09-30,2012-09-30,-676000.0,32998000.0,-1214000.0,-0.0205,18126000.0,0.5493060185,236777000.0,186668000.0,51883000.0,31109000.0,50109000.0,16909000.0,6576000.0,625755840.0,627280840.0,5.655920494485517,1.6677810279983285,0.08179426211160712,0.10375104463539546,-0.0025342482608657077,5.655920494485517,-0.003621402704266398,18.963447481665554,-231.41857988165683,3.352239484003686,0.0,0.879531610385002,0.0,0.13936319828361707,1.1242405734674854,-0.002855007031933,-419.12648359008705,0.5493060185465786,0.7837552742616033,-1.2690130222131852,0.15263771459187606,0.8401860681413417,0.07572700296735906,0.783472133247918,0.7313564947997344,-1.040735778730808,-0.470943184728661,0.42285109475534166,Medical Instruments & Supplies,Healthcare,QDEL
2012Q2,2012,Q2,2012-06-30,2012-06-30,-3122000.0,30858000.0,-4519000.0,-0.0948,16850000.0,0.5460496468,232511000.0,183756000.0,64449000.0,12953000.0,48755000.0,17113000.0,7252000.0,516593280.0,521830280.0,5.577490438900019,4.975604107156643,0.10802069579503766,0.13668125122444982,-0.013665919708800886,5.577490438900019,-0.016989921417531945,16.7409838615594,-41.367174887892375,2.811300202442369,0.0,0.818558990241337,0.0,0.13271630159433317,2.5319231066162278,-0.013427321718112261,-306.76560570071257,0.5460496467690712,-64.2,-0.7536343101228802,0.5970994517106866,0.8993706826023861,-0.27220110573600553,-62.21568627450981,-10.614893617021277,-5.414797307348755,0.12795428978961068,0.647209925216554,Medical Instruments & Supplies,Healthcare,QDEL
2012Q1,2012,Q1,2012-03-31,2012-03-31,51000.0,37960000.0,470000.0,0.0015,23152000.0,0.6099051633,238030000.0,185112000.0,67791000.0,15257000.0,52918000.0,16206000.0,10374000.0,606154890.0,609797890.0,5.609964542231112,4.443271940748509,0.10586060580599084,0.1361229958079433,0.0013668128934077538,5.609964542231112,0.0002755088811098146,15.96825316122234,2971.3475000000003,3.2745305004537792,0.0,0.9137356534616808,0.0,0.1594756963407974,2.368617683686177,0.00021425870688568667,-45.920825,0.6099051633298208,-0.9482758620689655,-0.9895222324078267,0.1070478162438221,0.890618726537287,0.002034191733391041,-0.9467640918580376,-0.780271154745208,1.0171350814762006,1.115074458300235,0.6286587785486825,Medical Instruments & Supplies,Healthcare,QDEL
2011Q4,2011,Q4,2011-12-31,2011-12-31,958000.0,38391000.0,2139000.0,0.029,23105000.0,0.6018337631,278894000.0,185386000.0,104726000.0,32926000.0,93508000.0,14654000.0,10323000.0,499577470.0,486521470.0,5.614524970471547,3.180647512604021,0.1730980229047595,0.2604080135501063,0.006229307997928641,5.614524970471547,0.0051675962586171555,13.012879841629548,130.36990344467642,2.6947961011079586,0.0,1.0431281561348438,0.0,0.13765444936068902,2.3126100953653648,0.003434996808823424,-148.15464709371292,0.601833763121565,1.8605341246290803,-0.9483809774799005,-0.02391140683394293,0.7696115487995209,0.2756735865724382,1.8607367475292003,2.779534109816972,-0.8474515671247741,0.10824554538637216,0.5027975144469743,Medical Instruments & Supplies,Healthcare,QDEL
2011Q3,2011,Q3,2011-09-30,2011-09-30,-1113000.0,33108000.0,-1202000.0,-0.0337,18112000.0,0.5470581128,273283000.0,182330000.0,83201000.0,33916000.0,90953000.0,14851000.0,9365000.0,540521030.0,539376030.0,5.5219721978254945,2.4531489562448403,0.1825945997372687,0.27367959194866454,-0.0033239335687045663,5.5219721978254945,-0.006104316349476224,16.325994623655912,-121.41083333333334,2.9645205396807985,0.0,1.0097636522793079,0.0,0.12114913843890765,2.0152730274796555,-0.004072701192536675,-448.19322553897183,0.5470581128428175,0.6936363636363637,-1.5120040686426148,0.3760007818075208,1.1391423829414076,0.2099672656824103,0.6959016393442623,0.7644522829708015,-1.2269113091866553,0.004174226771686519,0.41160904389087893,Medical Instruments & Supplies,Healthcare,QDEL
2011Q2,2011,Q2,2011-06-30,2011-06-30,-3660000.0,27509000.0,-5103000.0,-0.11,14969000.0,0.5441491875,254258000.0,181522000.0,99797000.0,15549000.0,72736000.0,15236000.0,10478000.0,498435000.0,483162000.0,5.517386018237082,6.418226252492122,0.19674110549127263,0.2755754123467128,-0.014154418030233321,5.517386018237082,-0.0201628452749529,18.118979243156787,-34.04610655737705,2.745865514923811,0.0,0.8230506694670517,0.0,0.10819325252302779,4.930413531416812,-0.014394827301402513,75.80760456273764,0.5441491875386237,-1.3142857142857143,0.06011475762053904,0.6928392021419613,1.1037569497027337,-0.6215362055016181,-1.319706498951782,-1.284321372854914,-5.8866385822712815,0.2115939125958134,0.5624442918902376,Medical Instruments & Supplies,Healthcare,QDEL
2011Q1,2011,Q1,2011-03-31,2011-03-31,11448000.0,59595000.0,17948000.0,0.35,39552000.0,0.6636798389,263327000.0,183380000.0,107135000.0,19365000.0,79947000.0,14834000.0,14138000.0,388113960.0,379108960.0,5.650981479769499,5.5324038213271365,0.18962354790811425,0.27229250736176247,0.04939904767065576,5.650981479769499,0.06242774566473988,6.5125255474452555,8.475584381551364,2.1164465045261207,0.0,1.3511527571794526,0.0,0.22631556961496543,4.311128324296411,0.04347446330987707,16.039092486982394,0.6636798389126605,24.178807947019866,1.2028101411941663,1.258677456601567,1.0093465740076466,1.2098558498156218,27.87323943661972,38.313929313929314,0.3203801034434102,0.4381155632765834,0.6298087380051887,Medical Instruments & Supplies,Healthcare,QDEL
2010Q4,2010,Q4,2010-12-31,2010-12-31,-426000.0,31709000.0,-481000.0,-0.0151,17898000.0,0.5644454256,214593000.0,112521000.0,56027000.0,15777000.0,102072000.0,17707000.0,2690000.0,407244350.0,480510350.0,3.9925132171876663,3.5511821005260824,0.37305037908971866,0.7114583055607397,-0.0008127970058339504,3.9925132171876663,-0.0037859599541418933,12.843178592828535,-238.9931631455399,3.619274179930857,0.0,0.779974021573389,0.0,0.1477634405595709,1.8133358686695824,-0.0019851532901818793,-196.2623373493976,0.5644454255889495,0.9280952380952381,-1.0516464450218213,0.061378970363929974,0.5013969445054957,0.1608509534310546,0.9273161576522778,0.8563750373245745,-1.059268553917976,-0.05846280277793724,0.17822196313095065,Medical Instruments & Supplies,Healthcare,QDEL
2010Q3,2010,Q3,2010-09-30,2010-09-30,-5861000.0,28225000.0,-3349000.0,-0.21,15418000.0,0.5462533215,213463000.0,111194000.0,55617000.0,17159000.0,102269000.0,19263000.0,3115000.0,309731170.0,382690170.0,3.945428094950857,3.2412728014453056,0.3768709331359533,0.7234922747630268,-0.02484660750881697,3.945428094950857,-0.052709678579779484,10.97364641275465,-13.211532588295514,2.7855025451013544,0.0,0.6648497118828843,0.0,0.1322243199055574,1.170872428463197,-0.027456748944782,-133.90884997838305,0.5462533215234721,-1.4193548387096773,-10.746893415990389,0.6402202702125166,0.7073575452970128,0.2443906376109766,-1.3757600324280503,0.5085118872908717,-3.7313520869945918,0.15456534010044268,0.28366758695790817,Medical Instruments & Supplies,Healthcare,QDEL
2010Q2,2010,Q2,2010-06-30,2010-06-30,-2467000.0,25026000.0,-6814000.0,-0.0868,12390000.0,0.4950851115,221090000.0,115753000.0,44984000.0,16956000.0,105337000.0,19918000.0,8976000.0,360472140.0,428954140.0,4.074948954446244,2.652984194385468,0.3779184947306527,0.7218301037554102,-0.010024715043254322,4.074948954446244,-0.0213126225670177,14.403905538240231,-36.529402107823266,3.1141494388914324,0.0,0.6344010442815544,0.0,0.1131937220136596,1.4782967681056853,-0.011158351802433398,-260.64507592190887,0.4950851114840566,0.016987542468856188,-1.232647134478351,0.9175645709565083,0.8084912253397597,-0.17542925595634234,0.01986491855383393,-1.7643002028397565,-0.6071924961884452,0.5022708403074686,0.38769194890863445,Medical Instruments & Supplies,Healthcare,QDEL
2010Q1,2010,Q1,2010-03-31,2010-03-31,-2517000.0,28379000.0,-2465000.0,-0.0883,15026000.0,0.529476021,233410000.0,121230000.0,75147000.0,18266000.0,112180000.0,20520000.0,11443000.0,414462700.0,477774700.0,4.2529380810384145,4.114037008649951,0.3580609228396384,0.6893920646704611,-0.007251641656496205,4.2529380810384145,-0.020762187577332343,14.604556185912118,-41.16633889551053,3.4188130000824875,0.0,0.6507309941520468,0.0,0.12158433657512531,2.0364611847147707,-0.0107835996743927,-27.632688845923063,0.5294760210014448,-1.1298529411764706,0.840424281271288,0.40143680567510936,0.8672149165237183,-0.6839825018928241,-1.1251802854727209,-1.0775718286811216,-1.5985979318044827,-0.041944484886812496,0.4332861318971828,Medical Instruments & Supplies,Healthcare,QDEL
2009Q4,2009,Q4,2009-12-31,2009-12-31,20107000.0,66597000.0,31777000.0,0.68,47548000.0,0.7139660946,166345000.0,126450000.0,126223000.0,29524000.0,39895000.0,15038000.0,13961000.0,409445140.0,327203140.0,4.255712987581194,4.275267578918846,0.040644443776488626,0.05346777382364571,0.14472040739116962,4.255712987581194,0.15901146698299723,6.148101866450441,5.090828318496047,3.2380003163305653,0.0,1.266724298443942,0.0,0.40035468454116446,3.479169489229102,0.12087528930836515,9.945472078505672,0.7139660945688244,0.3600000000000001,9.374218062517588,1.3218254649249788,0.492012343974521,0.23559066576581258,0.3458500669344043,0.3101216244073387,0.20395140658488134,0.8816198764191947,0.3413349999879491,Medical Instruments & Supplies,Healthcare,QDEL
2009Q3,2009,Q3,2009-09-30,2009-09-30,14940000.0,56152000.0,24255000.0,0.5,38482000.0,0.6853184214,149799000.0,118111000.0,110659000.0,23635000.0,31688000.0,12883000.0,-6146000.0,482241990.0,428252990.0,3.975061420926867,4.681997038290671,0.04245021662360897,0.053839185173269216,0.11466762375727611,3.975061420926867,0.12649118202368959,8.588153405043453,8.069645080321285,4.082955778885964,0.0,1.371574943724288,0.0,0.37484896427880027,3.840067696213243,0.09973364308172952,33.787009738667415,0.6853184214275538,24.0,5.3615510191531905,3.2224643409394815,0.40118499862723445,1.6415431081823173,22.453689167974883,9.633494081543184,6.6374126915417415,1.5933932541493498,0.5398886585572547,Medical Instruments & Supplies,Healthcare,QDEL
2009Q2,2009,Q2,2009-06-30,2009-06-30,637000.0,24643000.0,2281000.0,0.02,14568000.0,0.5911617904,118817000.0,100487000.0,78337000.0,9935000.0,18330000.0,11889000.0,-21086000.0,432097120.0,389242120.0,3.3860228459749973,7.8849521892299945,0.055362448134526204,0.06546120393682765,0.012258510948598186,3.3860228459749973,0.006339128444475405,17.534274236091385,169.58285714285714,4.300030053638779,0.0,0.8474219867104046,0.0,0.20740298105489954,5.862204328132863,0.005361185688916569,312.4346493130875,0.5911617903664327,1.221729490022173,1.296143573758397,0.8369735847598975,0.1476596738639952,0.7207654145995748,1.2274187790074973,1.6278557665840903,1.1813464585288038,0.681165165595972,0.29107680168229233,Medical Instruments & Supplies,Healthcare,QDEL
2009Q1,2009,Q1,2009-03-31,2009-03-31,-2801000.0,16890000.0,-3633000.0,-0.0902,8466000.0,0.5012433393,125241000.0,106963000.0,84189000.0,10414000.0,18278000.0,12596000.0,-21723000.0,286308660.0,236761660.0,3.444530319131807,8.08421355867102,0.05422345717456743,0.0634892439441676,-0.01838747150129595,3.444530319131807,-0.026186625281639446,16.951371225577265,-25.554146733309533,2.67670745958883,0.0,0.6687837408701175,0.0,0.13485998993939685,5.994718647973881,-0.022364880510375995,32.104581744785825,0.5012433392539964,-1.4747368421052631,-10.557250441026808,-0.1473452372985078,0.11949496868132757,-0.5706025562994522,-1.4614497528830313,-1.4128878281622912,-1.5632290886674522,-0.33104244350470385,0.22478815770163837,Medical Instruments & Supplies,Healthcare,QDEL
2008Q4,2008,Q4,2008-12-31,2008-12-31,6070000.0,33483000.0,8799000.0,0.19,19716000.0,0.5888361258,142808000.0,119236000.0,101026000.0,15434000.0,23572000.0,11702000.0,-18922000.0,417129050.0,366220050.0,3.736048879837067,6.5456783724245176,0.049009859391630724,0.05869871515314167,0.044576128708827024,3.736048879837067,0.050907444060518635,12.457935370187856,17.179944398682043,3.4983482337549066,0.0,1.1764655614424884,0.0,0.23446165480925438,5.392510042762732,0.0425046215898269,47.69369426023325,0.5888361257951796,0.2666666666666667,-0.7054940523796,-0.08000102679933527,0.2119895703414411,-0.004141832508334175,0.28032060746677917,0.1968171926006529,-0.35015183497954616,-0.010297500169986498,0.40495273717885094,Medical Instruments & Supplies,Healthcare,QDEL
2008Q3,2008,Q3,2008-09-30,2008-09-30,4741000.0,31868000.0,7352000.0,0.15,19798000.0,0.6212501569,148894000.0,124846000.0,107419000.0,15648000.0,24048000.0,11273000.0,-24992000.0,523725150.0,468897150.0,3.9118282939056868,6.864711145194274,0.04832968420487058,0.05763901126187463,0.032468580283991154,3.9118282939056868,0.03797478493503997,16.434202020835947,27.616808162834843,4.194969402303639,0.0,1.0706999024217156,0.0,0.21403145862156972,5.669925869120655,0.03184144424892877,-90.89294515793128,0.621250156897201,10.25925925925926,9.99489222769812,0.5619586834042776,0.7500268660430877,0.6959054308720233,10.241715399610136,7.72644098810613,5.962365569257627,0.6353676574006732,0.6928174567554511,Medical Instruments & Supplies,Healthcare,QDEL
2008Q2,2008,Q2,2008-06-30,2008-06-30,-513000.0,21916000.0,-1093000.0,-0.0162,11674000.0,0.5326701953,132630000.0,112142000.0,94054000.0,11829000.0,20488000.0,10468000.0,-29733000.0,525260780.0,471523780.0,3.5312529521050475,7.951137036097726,0.055718917288697885,0.0658985928554868,-0.0053184088926694585,3.5312529521050475,-0.00457455725776248,23.967000365030113,-255.97503898635478,4.683889889604251,0.0,0.9784103935804356,0.0,0.165241649702179,6.425733367148533,-0.0038679031893236824,-129.85433374536464,0.5326701952911115,-1.0623076923076922,-0.27655573201093886,0.06021462115827443,0.5691932600467416,-0.5633929239284913,-1.06,-1.0805987759014821,0.5847220056386853,0.5020710028959434,0.5671950863013804,Medical Instruments & Supplies,Healthcare,QDEL
2008Q1,2008,Q1,2008-03-31,2008-03-31,8550000.0,40865000.0,13561000.0,0.26,26738000.0,0.6543007464,134202000.0,110956000.0,94637000.0,14334000.0,23246000.0,10533000.0,-29220000.0,513936059.99999994,456974059.99999994,3.4672666479172527,6.60227431282266,0.05647456818825353,0.06830635567251883,0.06654866809131316,3.4672666479172527,0.07705757237102996,12.57643606998654,15.027370175438596,4.631890659360467,0.0,1.341213329535745,0.0,0.3045036586638053,5.276963862145947,0.0637099298073054,20.135404325340854,0.6543007463599657,0.0,3.56923775865732,0.5129167380561784,0.5468709485220574,0.17092183052331947,0.05477424130273871,0.2147079899677535,1.4828444055898102,0.7975684206440508,0.5222728102769687,Medical Instruments & Supplies,Healthcare,QDEL
2007Q4,2007,Q4,2007-12-31,2007-12-31,8106000.0,37981000.0,11164000.0,0.26,22835000.0,0.6012216635,133838000.0,107703000.0,87233000.0,16974000.0,26135000.0,11037000.0,-37770000.0,618834480.0,581109480.0,3.3885917442738487,5.139212913868269,0.05801043052047998,0.07208712849224255,0.06486454433998867,3.3885917442738487,0.0752625275061976,16.293264527000343,19.085692079940785,5.745749700565443,0.0,1.3722931956147504,0.0,0.2837833799070518,4.044538706256628,0.06056575860368505,68.0711120888791,0.6012216634633106,2.714285714285714,12.022954189898423,0.5171801877353208,0.5606010356460381,0.391444762659192,2.3495867768595042,1.9842288158246457,4.156033017387916,0.23788200629130304,0.18800791451406046,Medical Instruments & Supplies,Healthcare,QDEL
2007Q3,2007,Q3,2007-09-30,2007-09-30,2420000.0,27570000.0,3741000.0,0.07,16411000.0,0.5952484585,119852000.0,97690000.0,67387000.0,13792000.0,22162000.0,11608000.0,-45842000.0,626780480.0,599450480.0,3.073559023408004,4.885948375870069,0.0662316857457531,0.08125703756781656,0.020065330979321387,3.073559023408004,0.024772238714300336,22.734148712368516,64.75004958677685,6.416014740505681,0.0,0.9613197794624397,0.0,0.23003370824016287,3.7864704176334105,0.02019156960250976,-235.10145536384096,0.5952484584693507,2.2962962962962963,2.8474418472714373,0.7249101774030123,0.420664217914011,0.7714810017271158,2.413551401869159,2.183111954459203,1.6604556752593034,0.938096861254639,0.08341088097966808,Medical Instruments & Supplies,Healthcare,QDEL
2007Q2,2007,Q2,2007-06-30,2007-06-30,-1712000.0,18580000.0,-3162000.0,-0.054,9264000.0,0.4986006459,113882000.0,93034000.0,59374000.0,12209000.0,20848000.0,10236000.0,-48289000.0,556019100.0,527235100.0,2.9364939082128654,4.863133753788189,0.07120528266099999,0.08716168282563364,-0.017630753391081732,2.9364939082128654,-0.01840187458348561,29.925678148546826,-81.19437792056075,5.976515037513168,0.0,0.9101211410707307,0.0,0.16315133208057464,3.696862969940208,-0.015033104441439385,391.2871921182266,0.49860064585575886,-1.3857142857142857,-6.102509466511987,-0.050545684807817855,0.33298170945749117,-0.5584786960251644,-1.3554079302470416,-1.4083688492832236,0.2544546805054267,0.29736581710095705,-0.004703809069316938,Medical Instruments & Supplies,Healthcare,QDEL
2007Q1,2007,Q1,2007-03-31,2007-03-31,4817000.0,33934000.0,7743000.0,0.14,20982000.0,0.6183179112,118023000.0,96896000.0,63218000.0,12222000.0,21127000.0,8947000.0,-46584000.0,391860000.0,361156000.0,2.967263818710764,5.172475863197513,0.07012192538742448,0.08541116248348746,0.04154735013486814,2.967263818710764,0.04971309445178335,11.547710261095068,20.33734689640855,4.044129788639366,0.0,1.4476360791326701,0.0,0.28752022910788577,4.12853870070365,0.040814078611796006,24.884739950466756,0.6183179112394649,-0.75,1.6361443187384088,0.40864648972611867,0.3692719398374172,-0.10650257633181451,-0.7367184083952777,-0.2870822207899825,14.629690538066082,0.6290428325462478,-0.03561977743481981,Medical Instruments & Supplies,Healthcare,QDEL
