Year,Date,FillingDate,NetIncome,Revenue,OperatingIncome,EPSDiluted,GrossProfit,GrossProfitRatio,TotalAssets,CommonStockEquity,CurrentAssets,CurrentLiability,TotalLiability,Inventory,RetainedEarnings,EnterpriseValue,bookValuePerShare,currentRatio,debtToAssets,debtToEquity,roic,shareholdersEquityPerShare,roe,priceToSalesRatio,peRatio,pbRatio,payoutRatio,inventoryTurnover,dividendYield,assetTurnover,quickRatio,returnOnAssets,priceToFreeCashFlowsRatio,grossProfitMargin,epsdilutedGrowth,fiveYNetIncomeGrowthPerShare,fiveYRevenueGrowthPerShare,fiveYShareholdersEquityGrowthPerShare,grossProfitGrowth,netIncomeGrowth,operatingIncomeGrowth,threeYNetIncomeGrowthPerShare,threeYRevenueGrowthPerShare,threeYShareholdersEquityGrowthPerShare,Industry,Sector,Price,MarketCap,AvgVolume,Symbol
2022,2022-08-31,2022-08-31,-84768655.0,-84366804.0,-84408981.0,-5.21,-84366804.0,1.0,243992237.0,216703771.0,1749489.0,305284.0,27288466.0,0.0,37464287.0,217062392.35,13.330078746977179,5.730693387141153,0.10246227628955261,0.11536485906375851,-0.3492249237600848,13.330078746977179,-0.39117295748397474,-2.2833921663074968,-2.2725676059151816,0.8889669914881176,,0.0,,-0.34577659124458127,5.730693387141153,-0.3474235739721506,0.0,1.0,-2.653968253968254,-2.146014564489216,-2.1360605035377125,-0.26814470346959746,-2.635538731914152,-2.6624634718502933,-2.649893833591509,-85.90610544915567,-174.61913339183764,-0.03663328044349355,Asset Management,Financial Services,11.8655,186490064,14245,EMF
2021,2021-08-31,2021-08-31,50989785.0,51583495.0,51160250.0,3.15,51583495.0,1.0,343807333.0,323924378.0,5496857.0,2793930.0,19882955.0,0.0,140059977.0,304583735.37,20.01110245339645,1.9674283178175545,0.04362908687581716,0.046307104431639906,0.15094886446911174,20.01110245339645,0.15741261992945774,5.613997236325301,5.67936496241355,0.8940037182690832,,0.0,,0.15003605231421868,1.9674283178175545,0.14830918396961593,0.0,1.0,0.21621621621621626,0.7004724101111608,7.956004452207028,0.4381051444147854,0.21453394428869027,0.21101542278225305,0.20620886139980515,9.51351342601947,10.257254713048605,0.09839294697485534,Asset Management,Financial Services,11.8655,186490064,14245,EMF
2020,2020-08-31,2020-08-31,42104984.0,42471843.0,42414089.0,2.59,42471843.0,1.0,301742203.0,285668001.0,1423624.0,534732.0,16074202.0,0.0,99694228.0,265028830.38000003,17.572268960753597,2.662313083937374,0.049711309359002726,0.05250850619422369,0.1410661888160157,17.572268960753597,0.14739132087811263,5.88693149906398,5.93822409195073,0.875242692582849,,0.0,,0.14075539509466628,2.662313083937374,0.139539592345324,0.0,1.0,44.166666666666664,1.405620891777956,4.878388042431548,0.3170249192803772,74.97304028717085,37.11774535285691,50.4177159588338,-0.43076925189404724,-0.42808567994640795,-0.03523764899733874,Asset Management,Financial Services,11.8655,186490064,14245,EMF
2019,2019-08-31,2019-08-31,-1165770.0,-574153.0,-858277.0,-0.06,-574153.0,1.0,280170178.0,268845456.0,1595302.0,626422.0,11324722.0,0.0,76636870.0,285503647.0,13.836972438817263,2.546688973248066,0.03569259252139248,0.03719609082773562,-0.0030779665995346183,13.836972438817263,-0.004336208680424935,-479.8552128091293,-236.33333333333334,1.0247906514737597,-11.263611175446272,0.0,0.04765984982558366,-0.002049300907393506,2.546688973248066,-0.0041609353583663715,-236.33333333333334,1.0,0.8378378378378378,-1.0165939803439803,-1.0533272496252186,0.0,0.0,0.8000740866505116,0.0,-1.0323899500017986,-1.0830504841497806,-0.005600951085467159,Asset Management,Financial Services,11.8655,186490064,14245,EMF
2018,2018-08-31,2018-08-31,-5831010.0,-5424978.0,0.0,-0.37,0.0,0.0,287705731.0,287114634.0,0.0,0.0,591097.0,0.0,-293826.0,230273647.432,18.21852781239185,0.0,0.0,0.0,0.0,18.21852781239185,-0.020308996162139197,-42.44765774755216,-39.49189067279939,0.8020406561095036,-3.344111912001523,0.0,0.0846784454993143,-0.018855995607539706,0.0,-0.02026727093594114,-39.4918906727994,0.0,-1.0813186813186813,-2.82371590329162,-1.6272739775057805,-0.040121957548046164,0.0,-1.0727158909713443,0.0,0.9420541550285964,-1.774545313739655,0.36546140826276524,Asset Management,Financial Services,11.8655,186490064,14245,EMF
2017,2017-08-31,2017-08-31,80188937.0,80508074.0,0.0,4.55,0.0,0.0,321491414.0,321004078.0,0.0,0.0,487336.0,0.0,1471589.0,289908828.9,18.214090695486856,0.0,0.0,0.0,0.0,18.214090695486856,0.2498065990301843,3.6010530558711413,3.61538457480737,0.903146924818818,0.04366761963685838,0.0,0.012078277907457472,0.2504206037676639,0.0,0.2494279271794176,3.6153844395498926,0.0,1.4562331640061972,2.902669924267225,7.206263890006043,-0.05318131988115736,-1.0,1.4036586513674567,-1.0,0.2583768568752271,7.243650171964819,0.0,Asset Management,Financial Services,11.8655,186490064,14245,EMF
2016,2016-08-31,2016-08-31,33361200.0,6408030.0,3339600.0,1.85243,3461260.0,0.5401441628706483,251400000.0,250600000.0,0.0,0.0,800000.0,0.0,-6200000.0,226198817.60000002,13.914909164405818,0.0,0.0,0.0,0.013326416600159617,13.914909164405818,0.13312529928172387,35.299275690032665,6.780296200376485,0.9026289608938547,0.6896901190604654,0.0,0.10171976248208292,0.025489379474940333,0.0,0.1327016706443914,6.780296200376486,0.5401441628706483,1.290109893551878,-0.25015899695590654,-0.36396370422696034,-0.3664215786959445,-0.10973991234387538,1.2901092227152569,-0.10135216952573159,8.130539099369143,-0.3516266080900446,-0.266866351267871,Asset Management,Financial Services,11.8655,186490064,14245,EMF
2015,2015-08-31,2015-08-31,-114995310.0,8004050.0,3716250.0,-6.38527,3887920.0,0.48574409205339797,241011050.0,240289360.0,0.0,0.0,721680.0,0.0,16673260.0,208111647.60000002,13.342396718169228,0.0,0.0,0.0,0.015465728486687882,13.342396718169228,-0.4785701289478652,26.010501883421522,-1.8104160734903016,0.8664110537395414,-0.18512911526565737,0.0,0.10225777266147824,0.03321030301307762,0.0,-0.4771370856232525,-1.8104160734903016,0.48574409205339797,-2.7659502678544268,-2.5569427126107382,0.0024744220530505297,-0.3206756075663345,-0.27867903525046384,-2.7658984950859953,-0.28533653846153845,-1.670124360808846,-0.2016042835287523,-0.30642541197792716,Asset Management,Financial Services,11.8655,186490064,14245,EMF
2014,2014-08-31,2014-08-31,65120000.0,9980000.0,5200000.0,3.61577,5390000.0,0.5400801603206413,0.0,0.0,0.0,0.0,0.0,0.0,0.0,344520820.0,0.0,0.0,0.0,0.0,0.0,0.0,0.0,34.5221743486974,5.290714066339066,0.0,0.46836609336609336,0.0,0.0885260642501857,0.0,0.0,0.0,5.292339477726575,0.5400801603206413,16.822210173501578,2.819463830159642,0.46178805772948506,-1.0,-0.001851851851851852,16.792349726775956,0.09936575052854123,0.4636218733805552,-0.009453465685510783,-1.0,Asset Management,Financial Services,11.8655,186490064,14245,EMF
2013,2013-08-31,2013-08-31,3660000.0,9900000.0,4730000.0,0.20288,5400000.0,0.5454545454545454,343000000.0,342400000.0,0.0,0.0,600000.0,0.0,15200000.0,311550800.0,18.980044345898005,0.0,0.0,0.0,0.013814252336448599,18.980044345898005,0.010689252336448598,31.46977777777778,85.12316939890711,0.9099030373831776,2.26775956284153,0.0,0.02664092019664209,0.028862973760932945,0.0,0.010670553935860059,84.20291891891893,0.5454545454545454,1.0848380433055391,1.1089475921099883,-0.17910071070909378,-0.007037054631218961,-0.44954128440366975,1.0846047156726768,-0.07436399217221135,-0.9505304741317089,0.2378352898242201,-0.0336363573957362,Asset Management,Financial Services,11.8655,186490064,14245,EMF
2012,2012-08-31,2012-08-31,-43260000.0,10070000.0,5110000.0,-2.39138,9810000.0,0.974180734856008,350800000.0,348000000.0,0.0,0.0,2800000.0,0.0,6000000.0,316575000.0,19.23714759535655,0.0,0.0,0.0,0.014683908045977011,19.23714759535655,-0.12431034482758621,31.43743793445879,-7.317961165048544,0.909698275862069,-0.13869625520110956,0.0,0.018952854773750295,0.02870581527936146,0.0,-0.1233181299885975,-7.311200923787529,0.974180734856008,-1.9680015220022427,-1.3060568912173556,-0.1861758270853571,-0.1687822643517626,-0.0010183299389002036,-1.9680017901096443,0.2969543147208122,-0.20334649041989536,0.4684477047043775,0.2265887686947525,Asset Management,Financial Services,11.8655,186490064,14245,EMF
2011,2011-08-31,2011-08-31,44690000.0,10120000.0,3940000.0,2.47043,9820000.0,0.9703557312252964,398500000.0,397300000.0,0.0,0.0,1200000.0,0.0,3800000.0,372111300.0,21.962410171365395,0.0,0.0,0.0,0.009916939340548703,21.962410171365395,0.11248426881449786,36.76989130434782,8.326500335645559,0.9366003020387617,0.06041620049228015,0.0,0.007255893599576255,0.025395232120451694,0.0,0.11214554579673777,8.324637583892617,0.9703557312252964,-0.3976265251782423,-0.45800800626157046,-0.11885605345865881,0.06845777177474767,0.2703751617076326,-0.39762771262973445,0.4646840148698885,2.3266149030314827,-0.163177856120428,0.1489888587046112,Asset Management,Financial Services,11.8655,186490064,14245,EMF
2010,2010-08-31,2010-08-31,74190000.0,8020000.0,2690000.0,4.10116,7730000.0,0.9638403990024937,355900000.0,355300000.0,0.0,0.0,600000.0,0.0,-2500000.0,339549300.0,19.640685461580983,0.0,0.0,0.0,0.00757106670419364,19.640685461580983,0.20880945679707288,42.33781795511222,4.576752931661948,0.9556692935547425,0.03369726378218089,0.0,0.0073627010864107225,0.022534419780837315,0.0,0.20845743186288282,4.576136118598383,0.9638403990024937,3.0637155494723918,-0.15078910547868984,-0.2284072916309962,0.09252084434312827,0.15892053973013492,3.065998329156224,-0.2134502923976608,-0.4751187989039386,-0.3518500628822805,-0.1513458003568427,Asset Management,Financial Services,11.8655,186490064,14245,EMF
2009,2009-08-31,2009-08-31,-35910000.0,6850000.0,3420000.0,-1.98727,6670000.0,0.9737226277372263,284500000.0,283400000.0,0.0,0.0,1100000.0,0.0,-4000000.0,271411400.0,15.683453237410072,0.0,0.0,0.0,0.012067748764996472,15.683453237410072,-0.12671136203246294,39.622102189781025,-7.558100807574492,0.957697247706422,-0.7268170426065163,0.0,0.09616397837378976,0.02407732864674868,0.0,-0.12622144112478031,-7.5602061281337045,0.9737226277372263,-0.06716249597250565,-1.7086519570144612,-0.11111959238974861,0.1709605288741979,-0.42648323301805674,-0.06716196136701337,-0.3724770642201835,-1.4359918147771586,-0.4029133855188206,-0.23700962831372002,Asset Management,Financial Services,11.8655,186490064,14245,EMF
2008,2008-08-31,2008-08-31,-33650000.0,12080000.0,5450000.0,-1.8622,11630000.0,0.9627483443708609,346100000.0,345400000.0,0.0,0.0,700000.0,0.0,25000000.0,318435500.0,19.114554510237962,0.0,0.0,0.0,0.015778807180081067,19.114554510237962,-0.09742327735958309,26.40194536423841,-9.478023774145615,0.9233801389693109,-1.1649331352154533,0.0,0.12290886401795977,0.034903207165559086,0.0,-0.097226235192141,-9.492127976190476,0.9627483443708609,-1.2383310936200167,-1.8415173223203978,0.9611146758545119,0.7664208929921634,-0.030833333333333334,-1.2383313265812026,-0.1925925925925926,-1.3855987957195528,0.16348582128170838,0.06325460349218086,Asset Management,Financial Services,11.8655,186490064,14245,EMF
TTM,,,,,,,,,,,,,,,,210909957.0,13.330078746977179,5.730693387141153,0.10246227628955261,0.11536485906375851,-0.3492249237600848,13.330078746977179,-0.3135931976786507,-2.210467330254682,-2.2755401626992904,0.8901297753166465,-0.15490136065034887,0.0,0.09514980405376933,-0.34577659124458127,5.730693387141153,-0.3474235739721506,-159.97157586831023,1.0,,,,,,,,,,,Asset Management,Financial Services,11.8655,186490064,14245,EMF
