Quarters,Year,Quarter,FillingDate,Date,NetIncome,Revenue,OperatingIncome,EPSDiluted,GrossProfit,GrossProfitRatio,TotalAssets,CommonStockEquity,CurrentAssets,CurrentLiability,TotalLiability,Inventory,RetainedEarnings,MarketCap,EnterpriseValue,bookValuePerShare,currentRatio,debtToAssets,debtToEquity,roic,shareholdersEquityPerShare,roe,priceToSalesRatio,peRatio,pbRatio,payoutRatio,inventoryTurnover,dividendYield,assetTurnover,quickRatio,returnOnAssets,priceToFreeCashFlowsRatio,grossProfitMargin,epsdilutedGrowth,fiveYNetIncomeGrowthPerShare,fiveYRevenueGrowthPerShare,fiveYShareholdersEquityGrowthPerShare,grossProfitGrowth,netIncomeGrowth,operatingIncomeGrowth,threeYNetIncomeGrowthPerShare,threeYRevenueGrowthPerShare,threeYShareholdersEquityGrowthPerShare,Industry,Sector,Symbol
2023Q1,2023,Q1,2023-05-12,2023-03-31,-212647.0,0.0,-321250.0,-0.0517,-321250.0,0.0,14258482.0,13442048.0,111382.0,316433.0,816434.0,95544.0,-559055.0,20764726.75,20757654.75,6.635338555562741,0.3519923648924101,0.0,0.0,-0.027437786643934366,6.635338555562741,-0.015819538808372058,0.0,-24.41220279383203,1.5447591579794984,0.0,3.362325211420916,0.0,0.0,44.758090970284385,-0.01491371942679452,-188.0283857326548,0.0,-1.000000003049705,0.0,0.0,0.0,0.5921354833876941,-1.3440433469992654,-0.10949938696921031,0.0,0.0,0.0,Shell Companies,Financial Services,OLITU
2022Q4,2022,Q4,2023-01-30,2022-12-31,618082.0,0.0,-289545.0,16952460.0,-787639.0,0.0,14271766.0,13654695.0,260696.0,117070.0,617071.0,0.0,-265618.0,139264773.72,139147267.72,0.9765625474927171,2.226838643546596,0.0,0.0,-0.014416756017680585,0.9765625474927171,0.04526516337420938,0.0,56.329408444187024,10.199039503994781,0.0,0.0,0.0,0.0,120.75972495088409,0.04330802508953692,-671.5050422388521,0.0,712288234.2941176,0.0,0.0,0.0,0.0,0.8346700703493722,-0.6364854095664412,0.0,0.0,0.0,Shell Companies,Financial Services,OLITU
2022Q3,2022,Q3,2022-09-30,2022-09-30,336890.0,0.0,-176931.0,0.0238,0.0,0.0,147691141.0,142422418.0,364317.0,237473.0,5268723.0,0.0,-4559500.0,143204910.4,143014898.4,10.044812135157065,1.534140723366446,0.0,0.0,-0.0008624320429448723,10.044812135157065,0.0023654281729720388,0.0,106.2697842025587,1.0054941659535648,0.0,0.0,0.0,0.0,0.8001414897693633,0.0022810440607267026,-1214.5890758583255,0.0,1.3800000000000001,0.0,0.0,0.0,1.0,4.217600049560153,-0.2888424303790092,0.0,0.0,0.0,Shell Companies,Financial Services,OLITU
2022Q2,2022,Q2,2022-08-10,2022-06-30,64568.0,0.0,-137279.0,0.01,-137279.0,0.0,147205811.0,142085528.0,476682.0,89033.0,5120283.0,0.0,-4539951.0,144181250.0,143898101.0,9.88421064347826,5.353992339918906,0.0,0.0,-0.0008792018461588448,9.88421064347826,0.00045443051737119913,0.0,558.2535079296246,1.0147497217309844,0.0,0.0,0.0,0.0,1650.5774937382769,0.00043862398883152785,-2110.1959722506804,0.0,0.0,0.0,0.0,0.0,0.0,1.4363203881526931,0.14173804313848076,0.0,0.0,0.0,Shell Companies,Financial Services,OLITU
2022Q1,2022,Q1,2022-05-06,2022-03-31,-147983.0,0.0,-159950.0,0.0,0.0,0.0,147124711.0,142020960.0,389909.0,72501.0,5103751.0,0.0,-4604519.0,0.0,-177312.0,0.0,5.377980993365608,0.0,0.0,-0.0009694486357470363,0.0,-0.0010419800006984884,0.0,0.0,0.0,0.0,0.0,,0.0,2.4456490255306824,-0.0010058337514763241,0.0,0.0,1.0,0.0,0.0,0.0,0.0,0.11814622576858214,0.06553249166019151,0.0,0.0,0.0,Shell Companies,Financial Services,OLITU
2021Q4,2021,Q4,2022-04-01,2021-12-31,-167809.0,0.0,-171167.0,-0.012,0.0,0.0,147428.222,-4432.123,666.507,204.095,5235.345,0.0,-4432.602,0.0,-494.599,0.0,3.265670398588892,0.0,0.0,38.23706321149935,0.0,37.861990743487944,0.0,0.0,0.0,0.0,0.0,,0.0,2.4233763688478405,-1.1382420388953751,0.0,0.0,0.0,0.0,0.0,0.0,0.0,0.0,0.0,0.0,0.0,0.0,Shell Companies,Financial Services,OLITU
2021Q3,2021,Q3,2021-12-17,2021-09-30,0.0,0.0,0.0,0.0,0.0,0.0,711995.0,25000.0,528900.0,686995.0,686995.0,0.0,0.0,0.0,-228900.0,0.0,0.7698745987962067,0.42135127353422425,12.0,,0.0,0.0,0.0,0.0,0.0,0.0,0.0,,0.0,0.7698745987962067,0.0,0.0,0.0,0.0,0.0,0.0,0.0,0.0,0.0,0.0,0.0,0.0,0.0,Shell Companies,Financial Services,OLITU
2021Q2,2021,Q2,2021-06-30,2021-06-30,,,,,,,124995.0,25000.0,25000.0,99995.0,,0.0,0.0,0.0,-25000.0,0.0,0.2500125006250313,0.0,0.0,,0.0,,0.0,0.0,0.0,0.0,0.0,,,0.2500125006250313,,0.0,0.0,0.0,0.0,0.0,0.0,0.0,0.0,0.0,0.0,0.0,0.0,Shell Companies,Financial Services,OLITU
