Year,Date,FillingDate,NetIncome,Revenue,OperatingIncome,EPSDiluted,GrossProfit,GrossProfitRatio,TotalAssets,CommonStockEquity,CurrentAssets,CurrentLiability,TotalLiability,Inventory,RetainedEarnings,EnterpriseValue,bookValuePerShare,currentRatio,debtToAssets,debtToEquity,roic,shareholdersEquityPerShare,roe,priceToSalesRatio,peRatio,pbRatio,payoutRatio,inventoryTurnover,dividendYield,assetTurnover,quickRatio,returnOnAssets,priceToFreeCashFlowsRatio,grossProfitMargin,epsdilutedGrowth,fiveYNetIncomeGrowthPerShare,fiveYRevenueGrowthPerShare,fiveYShareholdersEquityGrowthPerShare,grossProfitGrowth,netIncomeGrowth,operatingIncomeGrowth,threeYNetIncomeGrowthPerShare,threeYRevenueGrowthPerShare,threeYShareholdersEquityGrowthPerShare,Industry,Sector,Price,MarketCap,AvgVolume,Symbol
2022,2022-12-31,2023-03-02,-24406000.0,0.0,-24932000.0,-2.17,0.0,0.0,41661000.0,38729000.0,39436000.0,1530000.0,2932000.0,0.0,-106520000.0,-2216858.0,3.4487088156723065,25.77516339869281,0.041189601785842876,0.04430788298174495,-0.5850477008748267,3.4487088156723065,-0.6301737715923468,0.0,-0.02549135458493813,0.01606398306178832,0.0,0.0,0.0,0.0,25.518954248366015,-0.5858236720193947,-0.039541248252192705,0.0,0.0,-1.421076000671647,-1.0,3.6893955642304217,0.0,-0.5397678840607653,-0.4759210047202596,0.0,0.0,0.0,Medical Devices,Healthcare,0.0063,59680,8352,NVNOW
2021,2021-12-31,2022-03-28,-15850441.0,0.0,-16892503.0,0.0,0.0,0.0,57699142.0,54404208.0,55040090.0,1580063.0,3294934.0,0.0,-81851233.0,-52721765.0,0.0,34.83411104493935,0.034766114893008286,0.03687168830763973,-0.2773235413605924,0.0,-0.2913458642757928,0.0,0.0,0.0,0.0,0.0,,0.0,34.63642905377824,-0.27470843500584463,0.0,0.0,0.0,1.0,-1.0,1.0,0.0,-0.7761510230961564,-0.8491811716663787,1.0,-1.0,-1.0,Medical Devices,Healthcare,0.0063,59680,8352,NVNOW
2020,2020-12-31,2021-03-31,-8924039.0,0.0,-9135126.0,0.0,0.0,0.0,10537835.0,7097856.0,9569051.0,3186233.0,3439979.0,0.0,-65323411.0,-8453936.0,0.0,3.0032489777112974,0.08357010714250128,0.12407239594604343,-1.0441394080775739,0.0,-1.2572865665350212,0.0,0.0,0.0,0.0,0.0,,0.0,2.92966145288182,-0.8468569682482218,0.0,0.0,0.0,1.0,0.0,1.0,-1.0,-0.08641357139370158,-0.19019604675353913,1.0,-1.0,1.0,Medical Devices,Healthcare,0.0063,59680,8352,NVNOW
2019,2019-12-31,2020-03-18,-8214219.0,31243.0,-7675312.0,0.0,31243.0,1.0,3434200.0,989940.0,1423878.0,1876312.0,2444260.0,0.0,-56187925.0,-450598.0,0.0,0.7588705929504261,0.24944179139246403,0.8653383033315151,-3.0585861245024764,0.0,-8.29769379962422,0.0,0.0,0.0,0.0,0.0,,0.009097606429444995,0.6967023608014019,-2.391887193523965,0.0,1.0,1.0,1.0,0.0,1.0,-0.8325239075432052,0.3702060668531361,0.02284887492146507,1.0,-1.0,1.0,Medical Devices,Healthcare,0.0063,59680,8352,NVNOW
2018,2018-12-31,2019-03-14,-13042709.0,186552.0,-7854785.0,-1.50265,186552.0,1.0,3559436.0,2036443.0,2836973.0,1522993.0,1522993.0,0.0,-48562528.0,1077609.5776,0.23461800607938593,1.8627616804542109,0.0,0.0,-3.857110167090363,0.23461800607938593,-6.404652131191495,20.467508134997214,-0.29275011637536347,1.8749626567500295,0.0,0.0,0.0,0.052410550435518434,1.8205382427890344,-3.66426282141328,-0.5995757989780568,1.0,-0.6739820642789507,-7.131298811169236,0.0,1.5693311869706317,75.0815660685155,-0.6739730338399601,-0.28698461654919094,-7.131298811169236,0.0,1.5693311869706317,Medical Devices,Healthcare,0.0063,59680,8352,NVNOW
2017,2017-12-31,2017-12-31,-7791469.0,422111.0,-6103247.0,-0.89765,2452.0,0.00580889860723838,2214888.0,-11130451.0,170413.0,8174584.0,13345339.0,0.0,-35519819.0,9485041.2,-1.2823360243249171,0.02084668773358987,1.1823938727375831,-0.23528875873942573,0.7170520964319085,-1.2823360243249171,0.7000137730268072,16.45031567526077,-0.8912130947322001,-0.6238614410143849,0.0,0.0,0.0,0.1905789367227598,0.013807308115006219,-3.5177711017441964,-1.6481286098047603,0.00580889860723838,-1.3000743075306838,-3.85748494557089,0.0,-2.1117555852770997,1.1005659913050612,-1.3000714393252821,-0.3099393176872426,-3.85748494557089,0.0,-2.1117555852770997,Medical Devices,Healthcare,0.0063,59680,8352,NVNOW
2016,2016-12-31,2016-12-31,-3387490.0,785912.0,-4659183.0,-0.39027,-24382.0,-0.03102382963995969,1782867.0,-4219359.0,393221.0,2066588.0,6002226.0,90908.0,-27728350.0,7520117.2,-0.4861111239121899,0.1902754685500932,0.3549182300194013,-0.14996875117760777,1.2990575720036903,-0.4861111239121899,0.8028446975002601,8.83541566994778,-2.0498537855462304,-1.6457142423766264,0.0,8.91334096009152,0.0,0.44081358845051255,0.11916453594040032,-1.900023950188096,-2.007897930556668,-0.03102382963995969,-1.1118506493506495,-1.1118843799894391,0.0,-0.1796120331996609,0.0,-1.111884379989439,-2.6121869890398193,-1.1118843799894391,0.0,-0.1796120331996609,Medical Devices,Healthcare,0.0063,59680,8352,NVNOW
2015,2015-12-31,2015-12-31,-1604013.0,0.0,-1289851.0,-0.1848,0.0,0.0,2874791.0,-3576904.0,1784609.0,4655211.0,6451695.0,0.0,-24340860.0,7189562.2,-0.41209407011017735,0.38335727424600086,0.636883863905237,-0.5118694826587462,0.7387479696402511,-0.41209407011017735,0.44843613359486306,0.0,-4.329054190957305,-1.941304323515532,0.0,0.0,0.0,0.0,0.34052269596372753,-0.5579581263472718,-3.4340129460561215,0.0,0.0,0.0,0.0,0.0,0.0,0.0,0.0,0.0,0.0,0.0,Medical Devices,Healthcare,0.0063,59680,8352,NVNOW
TTM,,,,,,,,,,,,,,,,-576320.0,3.0388211201139703,29.579263067694946,0.04471089503728184,0.047965073690995924,-0.6776098383415965,3.0388211201139703,-0.6097466175572378,0.0,-0.002863659543467703,0.0020731723753992207,0.0,0.0,0.0,0.0,29.31191088260497,-0.6748422691393767,-0.0034184900905029213,0.0,,,,,,,,,,,Medical Devices,Healthcare,0.0063,59680,8352,NVNOW
