Quarters,Year,Quarter,FillingDate,Date,NetIncome,Revenue,OperatingIncome,EPSDiluted,GrossProfit,GrossProfitRatio,TotalAssets,CommonStockEquity,CurrentAssets,CurrentLiability,TotalLiability,Inventory,RetainedEarnings,MarketCap,EnterpriseValue,bookValuePerShare,currentRatio,debtToAssets,debtToEquity,roic,shareholdersEquityPerShare,roe,priceToSalesRatio,peRatio,pbRatio,payoutRatio,inventoryTurnover,dividendYield,assetTurnover,quickRatio,returnOnAssets,priceToFreeCashFlowsRatio,grossProfitMargin,epsdilutedGrowth,fiveYNetIncomeGrowthPerShare,fiveYRevenueGrowthPerShare,fiveYShareholdersEquityGrowthPerShare,grossProfitGrowth,netIncomeGrowth,operatingIncomeGrowth,threeYNetIncomeGrowthPerShare,threeYRevenueGrowthPerShare,threeYShareholdersEquityGrowthPerShare,Industry,Sector,Symbol
2023Q1,2023,Q1,2023-04-28,2023-03-31,181900000.0,1285400000.0,248800000.0,3.37,448300000.0,0.348763031,5480800000.0,2472700000.0,2098700000.0,1052100000.0,2997700000.0,779600000.0,241900000.0,13041416000.0,14054816000.0,46.132462686567166,1.994772360041821,0.26331922347102615,0.5836534961782667,0.0481369145797718,46.132462686567166,0.07356331136005176,10.145803640889996,17.923881253435955,5.274160229708416,0.32985156679494226,1.073755772190867,0.004600727405674352,0.23452780615968472,1.1644330386845356,0.03318858560794045,162.40866749688666,0.34876303096312433,0.4845814977973569,2.184099869434986,0.3234256230951778,0.5183187177829266,0.22219193020719738,0.48006509357200977,0.44651162790697674,1.4570074626865668,0.19433820076906116,0.30815850638706827,Electrical Equipment & Parts,Industrials,HUBB
2022Q4,2022,Q4,2023-02-09,2022-12-31,122900000.0,1219600000.0,172000000.0,2.27,366800000.0,0.3007543457,5402600000.0,2360900000.0,2021400000.0,1088500000.0,3032000000.0,740700000.0,2705500000.0,12578848000.0,13580948000.0,44.04664179104478,1.8570509875976113,0.2670195831636619,0.611038163412258,0.034680832449338915,44.04664179104478,0.05205641916218391,10.313912758281404,25.587567127746137,5.327988478969885,0.4882017900732303,1.1513433238828135,0.004769912157297711,0.2257431607004035,1.0991272393201654,0.02274830637100655,70.90669673055243,0.3007543456871105,-0.11673151750972756,5.136907374890254,0.35376891287270756,0.47163544351428516,-0.0795483061480552,-0.11646297627606039,-0.15520628683693516,0.22183549865979224,0.11984737781228902,0.22835635008665775,Electrical Equipment & Parts,Industrials,HUBB
2022Q3,2022,Q3,2022-10-26,2022-09-30,139100000.0,1316200000.0,203600000.0,2.57,398500000.0,0.3027655372,5338400000.0,2318700000.0,1994500000.0,1062500000.0,3008200000.0,739000000.0,2686200000.0,11975100000.0,13049500000.0,43.17877094972067,1.8771764705882352,0.26998726210100404,0.6215983093975073,0.0418962300432706,43.17877094972067,0.05999051192478544,9.098237349946817,21.522465851905103,5.1645749773580025,0.404744787922358,1.2418132611637347,0.004701422117560606,0.24655327438933014,1.1104941176470589,0.026056496328487937,63.393859184753836,0.30276553715240845,0.1371681415929204,0.7503871895569446,0.4079528857202472,0.42364788276252946,0.039926931106471816,0.14016393442622951,0.06820566631689402,0.07616059635909787,0.10540377512574466,0.23199372737629798,Electrical Equipment & Parts,Industrials,HUBB
2022Q2,2022,Q2,2022-07-27,2022-06-30,122000000.0,1256000000.0,190600000.0,2.26,383200000.0,0.3050955414,5238200000.0,2256900000.0,2034200000.0,1002900000.0,2970300000.0,719500000.0,2716500000.0,9571888000.0,10590188000.0,42.10634328358209,2.0283178781533553,0.2753808560192432,0.6391510478975586,0.03895499506265891,42.10634328358209,0.054056449111613274,7.620929936305733,19.614524590163935,4.2411662014267355,0.46229508196721314,1.2130646282140376,0.005892254485217545,0.23977702264136536,1.2150762787915046,0.02329044328204345,65.78617182130584,0.3050955414012739,0.18324607329842926,0.576881710285488,0.35412781080362193,0.44911612883269403,0.18601052305787683,0.17533718689788053,0.3337998600419874,0.2874300373134329,0.06352640009580984,0.24536981333324678,Electrical Equipment & Parts,Industrials,HUBB
2022Q1,2022,Q1,2022-04-27,2022-03-31,103800000.0,1156100000.0,142900000.0,1.91,323100000.0,0.2794740939,5169700000.0,2213300000.0,1927100000.0,962100000.0,2945300000.0,708800000.0,2538100000.0,9941957000.0,11026857000.0,40.91127541589649,2.0030142396840245,0.27930053968315377,0.652374282745222,0.029456409339041402,40.91127541589649,0.046898296661094296,8.599564916529712,23.944983140655108,4.491915691501378,0.5481695568400771,1.1752257336343115,0.005723219281676635,0.22362999787221696,1.1945743685687558,0.020078534537787494,-171.7091018998273,0.2794740939365107,0.03804347826086948,0.6864735038911195,0.38402751888279685,0.43048229743300576,0.11413793103448276,0.027722772277227723,0.2990909090909091,0.4436459300051388,0.06917217486446178,0.2308906490928429,Electrical Equipment & Parts,Industrials,HUBB
2021Q4,2021,Q4,2022-02-11,2021-12-31,101000000.0,1100000000.0,110000000.0,1.84,290000000.0,0.2636363636,5281000000.0,2240000000.0,1879000000.0,1065000000.0,3040000000.0,662000000.0,2560000000.0,11329888000.0,12487688000.0,41.1764705882353,1.764319248826291,0.27343306192009087,0.6446428571428572,0.02451824192509026,41.1764705882353,0.045089285714285714,10.299898181818183,28.044277227722773,5.0579857142857145,0.5653465346534653,1.2235649546827794,0.005039767383402201,0.20829388373414126,0.9113615023474179,0.019125165688316608,53.11714955461791,0.2636363636363636,-0.07070707070707066,0.5942695012787724,0.3090593882132576,0.4295949419446333,-0.12201029367241902,-0.06912442396313365,-0.2916934964584675,0.14983706550802137,-0.036778202234481853,0.2603154257322385,Electrical Equipment & Parts,Industrials,HUBB
2021Q3,2021,Q3,2021-10-27,2021-09-30,108500000.0,1213600000.0,155300000.0,1.98,330300000.0,0.2721654581410679,5241700000.0,2168800000.0,1833200000.0,1035400000.0,3063600000.0,700700000.0,2501300000.0,9810381000.0,11211181000.0,39.941068139963164,1.770523469190651,0.31644313867638363,0.7648008115086684,0.031167242366682318,39.941068139963164,0.0500276650682405,8.083702208305867,22.60456451612903,4.523414330505348,0.4912442396313364,1.260596546310832,0.0054330203893202525,0.23152793940897037,1.0296503766660228,0.02069939141881451,139.94837375178318,0.2721654581410679,0.13793103448275862,0.27448856262253557,0.3620783644687776,0.358807178185151,-0.0015114873035066505,0.1325678496868476,0.017026850032743943,-0.039617539491090314,0.034419744321175436,0.2427526330305384,Electrical Equipment & Parts,Industrials,HUBB
2021Q2,2021,Q2,2021-07-28,2021-06-30,95800000.0,1191800000.0,152700000.0,1.74,330800000.0,0.2775633495552945,5172800000.0,2125700000.0,1745100000.0,999400000.0,3031900000.0,638300000.0,2447300000.0,10145412000.0,11548212000.0,39.14732965009208,1.746147688613168,0.32249458707083206,0.7847767794138402,0.032856951104134884,39.14732965009208,0.04506750717410735,8.512679979862392,26.475501043841337,4.7727393329256245,0.5563674321503131,1.3488955036816543,0.005253606260642742,0.23039746365604702,1.0409245547328396,0.018519950510361892,77.50505729564553,0.2775633495552945,0.2253521126760564,0.20449719209694653,0.33555065429408876,0.378708017864025,0.1414768806073154,0.23294723294723294,0.29846938775510207,-0.03782942149610111,0.02903863362388538,0.27091158636123025,Electrical Equipment & Parts,Industrials,HUBB
2021Q1,2021,Q1,2021-04-28,2021-03-31,77700000.0,1078400000.0,117600000.0,1.42,289800000.0,0.26873145400593473,5292900000.0,2082700000.0,1827500000.0,1148700000.0,3194900000.0,616400000.0,2415400000.0,10129438000.0,11593138000.0,38.42619926199262,1.5909288761208322,0.3584991214646035,0.911076967398089,0.022444870824775698,38.42619926199262,0.03730734143179527,9.393024851632047,32.591499356499355,4.863608777068229,0.6846846846846847,1.2793640493186242,0.005252018917535208,0.20374463904475806,0.99860712109341,0.014680043076574278,257.74651399491097,0.26873145400593473,-0.04054054054054058,0.3252958391652883,0.3418579609849764,0.3806848034017389,0.014350717535876793,-0.03955500618046971,-0.018363939899833055,0.3450564265505433,0.09801083482989796,0.26468898894765125,Electrical Equipment & Parts,Industrials,HUBB
2020Q4,2020,Q4,2021-02-11,2020-12-31,80900000.0,1037900000.0,119800000.0,1.48,285700000.0,0.2752673667983428,5085100000.0,2070000000.0,1587600000.0,948200000.0,2999700000.0,607300000.0,2393700000.0,8498018000.0,9935418000.0,38.191881918819185,1.6743303100611686,0.3337200841674697,0.8198067632850241,0.025141057483973512,38.191881918819185,0.03908212560386473,8.187704017728105,26.26087144622991,4.10532270531401,0.657601977750309,1.2385970689939074,0.006260283280171918,0.2041061139407288,0.9529635098080573,0.015909224990658985,54.57943481053308,0.2752673667983428,-0.24489795918367346,0.40039300393003924,0.3317139480904268,0.2660413574146082,-0.13319174757281554,-0.2446311858076564,-0.2645794966236955,2.9949533318862605,0.13932633605512254,0.27602297929722647,Electrical Equipment & Parts,Industrials,HUBB
2020Q3,2020,Q3,2020-10-28,2020-09-30,107100000.0,1108600000.0,162900000.0,1.96,329600000.0,0.2973119249503879,4877100000.0,2016800000.0,1640400000.0,792700000.0,2846100000.0,584900000.0,2366000000.0,7416728000.0,8701328000.0,37.210332103321036,2.069383120978933,0.3185909659428759,0.7704284014280047,0.03471522274842828,37.210332103321036,0.053103927013090045,6.690174995489807,17.31262371615313,3.6774732249107496,0.4603174603174603,1.331851598563857,0.006647136041661498,0.22730721125258863,1.2483915731045794,0.021959771175493633,54.857455621301774,0.2973119249503879,0.20987654320987645,0.5554713732676209,0.3457110158330774,0.10449928615753068,0.1750445632798574,0.21428571428571427,0.23878326996197718,0.3352773007928098,0.1749411360499718,0.22686239905877334,Electrical Equipment & Parts,Industrials,HUBB
2020Q2,2020,Q2,2020-07-31,2020-06-30,88200000.0,949200000.0,131500000.0,1.62,280500000.0,0.29551201011378003,5058700000.0,1959900000.0,1793600000.0,880700000.0,3085200000.0,604200000.0,0.0,6781976000.0,8151276000.0,36.22735674676525,2.03656182582037,0.36655662521991816,0.9461196999846931,0.02649880348120139,36.22735674676525,0.045002296035512014,7.144938895912348,19.22328798185941,3.4603683861421497,0.5600907029478458,1.1067527308838132,0.007284012800988974,0.18763713997667386,1.293289428863404,0.017435309466859075,38.07959573273442,0.29551201011378003,0.18248175182481752,0.17439614529896774,0.1583101046033069,0.08452759379908426,-0.10526315789473684,0.176,0.1069023569023569,0.12947180737081448,0.013900348575902893,0.2467871316477648,Electrical Equipment & Parts,Industrials,HUBB
2020Q1,2020,Q1,2020-05-01,2020-03-31,75000000.0,1090300000.0,118800000.0,1.37,313500000.0,0.2875355406768779,4959100000.0,1914900000.0,1675000000.0,841300000.0,3030600000.0,595700000.0,2269600000.0,6230382000.0,7662482000.0,35.26519337016575,1.990966361583264,0.3492770865681273,0.9045380959841245,0.02403139925830796,35.26519337016575,0.039166536111546295,5.71437402549757,20.76794,3.253633087889707,0.66,1.3040120866207823,0.007944938207641201,0.21985844205601823,1.2138357304172114,0.015123711963864412,68.76801324503312,0.2875355406768779,-0.2594594594594594,0.2838220711148889,0.43830184246217196,0.09836817499173726,-0.03834355828220859,-0.26398429833169773,-0.12582781456953643,0.21406200513776974,0.30044734332773915,0.23306434030097495,Electrical Equipment & Parts,Industrials,HUBB
2019Q4,2019,Q4,2020-02-14,2019-12-31,101900000.0,1103300000.0,135900000.0,1.85,326000000.0,0.2954772047493882,4903000000.0,1947100000.0,1574200000.0,844900000.0,2942500000.0,633000000.0,2279400000.0,8026626000.0,9445626000.0,35.858195211786374,1.86317907444668,0.3265347746277789,0.822248472086693,0.029330333946080613,35.858195211786374,0.05233424066560526,7.275107405057555,19.692409224730127,4.122349134610446,0.4857703631010795,1.2279620853080568,0.006166974766234281,0.22502549459514584,1.04059652029826,0.020783193962879868,43.340313174946004,0.2954772047493882,-0.22268907563025203,0.34802099402209496,0.3979809866990209,0.08666836197827017,-0.09944751381215469,-0.22035195103289976,-0.21399652978600348,0.6114380654976379,0.31540458952039835,0.2449511521922316,Electrical Equipment & Parts,Industrials,HUBB
2019Q3,2019,Q3,2019-10-30,2019-09-30,130700000.0,1204000000.0,172900000.0,2.38,362000000.0,0.30066445182724255,5074300000.0,1903100000.0,1809900000.0,866200000.0,3158700000.0,662000000.0,2227500000.0,7135020000.0,8613720000.0,35.047882136279924,2.0894712537520204,0.3505311077389985,0.9346329672639377,0.036121625198517734,35.047882136279924,0.068677421049866,5.92609634551495,13.647704667176741,3.749156639167674,0.34889058913542464,1.2719033232628398,0.006391012218606254,0.23727410677334804,1.2680674209189564,0.025757247305047002,47.37729083665339,0.30066445182724255,0.35999999999999993,0.5822789233096554,0.4587248037068556,0.019065141840789706,0.012870733072188025,0.3614583333333333,0.035949670461354104,0.535259494329635,0.35130384873138454,0.19233951530992294,Electrical Equipment & Parts,Industrials,HUBB
2019Q2,2019,Q2,2019-07-31,2019-06-30,96000000.0,1196400000.0,166900000.0,1.75,357400000.0,0.2987295218990304,5036000000.0,1835900000.0,1729000000.0,874100000.0,3181000000.0,661900000.0,2143800000.0,7120359000.0,8717359000.0,33.81031307550644,1.9780345498226748,0.35879666401906274,0.9842039326760716,0.03529762972548768,33.81031307550644,0.052290429761969605,5.951486960882648,18.5426015625,3.8784024184323767,0.47604166666666664,1.2675630759933525,0.006418215710752786,0.23756949960285942,1.1507836631964306,0.019062748212867357,66.48327731092436,0.2987295218990304,0.3257575757575757,0.15642341757420575,0.5189948599029824,-0.001297450958806384,0.16303286690530427,0.3278008298755187,0.380479735318445,0.2070118000136416,0.3407054898451483,0.19074660111801442,Electrical Equipment & Parts,Industrials,HUBB
2019Q1,2019,Q1,2019-05-01,2019-03-31,72300000.0,1087300000.0,120900000.0,1.32,307300000.0,0.28262668996597073,4976100000.0,1808100000.0,1650600000.0,847900000.0,3149200000.0,663000000.0,2114700000.0,6498624000.0,8102124000.0,33.237132352941174,1.9466918268663758,0.3634975181366934,1.00038714672861,0.025172136924110796,33.237132352941174,0.039986726397876225,5.976845396854594,22.471037344398336,3.5941728886676625,0.6334716459197787,1.1764705882352942,0.007047645778552506,0.21850445127710455,1.098006840429296,0.01452945077470308,118.58802919708029,0.28262668996597073,-0.17500000000000002,0.22139568444200122,0.5526541261665957,0.013274845669161999,-0.04148471615720524,-0.1784090909090909,-0.11493411420204978,0.22865654882642725,0.34795825523549145,0.19423738047775105,Electrical Equipment & Parts,Industrials,HUBB
2018Q4,2018,Q4,2019-02-15,2018-12-31,88000000.0,1144100000.0,136600000.0,1.6,320600000.0,0.2802202604667424,4872100000.0,1780600000.0,1643700000.0,839300000.0,3073200000.0,651000000.0,2064400000.0,5414030000.0,7018230000.0,32.67155963302752,1.958417729059931,0.36805484288089324,1.0070762664270472,0.029725001918691114,32.67155963302752,0.04942154330001123,4.732130058561315,15.380767045454546,3.040564978097271,0.5204545454545455,1.2649769585253456,0.008459502440880453,0.23482687136963526,1.1004408435601096,0.018062026641489298,35.5251312335958,0.2802202604667424,-0.2233009708737864,0.16178115909599464,0.5355405064183787,0.011131986124959938,-0.08137535816618911,-0.22535211267605634,-0.16605616605616605,0.51491012157828,0.4598969672911508,0.08304549628041366,Electrical Equipment & Parts,Industrials,HUBB
2018Q3,2018,Q3,2018-10-24,2018-09-30,113600000.0,1179700000.0,163800000.0,2.06,349000000.0,0.29583792489616006,4997500000.0,1754800000.0,1760100000.0,938000000.0,3225700000.0,672500000.0,2034100000.0,7303295999.999999,8997296000.0,32.13919413919414,1.8764392324093817,0.38475237618809405,1.0957374059721905,0.03585072644630938,32.13919413919414,0.06473672213357648,6.190807832499787,16.07239436619718,4.161896512423068,0.37059859154929575,1.2352416356877323,0.005764520567152147,0.23605802901450726,1.0961620469083155,0.022731365682841422,44.61390348197922,0.29583792489616006,0.13186813186813187,0.2742242213744805,0.5276085919105418,0.05770485222540019,0.0031618281115263006,0.13260219341974078,0.04397705544933078,0.6377874058638044,0.42152714256477075,-0.04602525755877263,Electrical Equipment & Parts,Industrials,HUBB
2018Q2,2018,Q2,2018-07-25,2018-06-30,100300000.0,1166700000.0,156900000.0,1.82,347900000.0,0.2981914802434216,4971100000.0,1684900000.0,1735900000.0,871400000.0,3269300000.0,686700000.0,1967000000.0,5783978000.0,7577578000.0,30.80255941499086,1.9920817075969703,0.4000523023073364,1.1803074366431243,0.03263820271464975,30.80255941499086,0.05952875541575168,4.957553784177595,14.416694915254237,3.4328316220547213,0.42073778664007977,1.1923693024610456,0.007296016686093897,0.23469654603608858,1.1303649299977048,0.020176620868620626,45.471525157232705,0.2981914802434216,0.7333333333333333,0.3199513679977377,0.5731285381547491,0.04881676639163441,0.22976316719688936,0.7204116638078902,0.5753012048192772,0.3208603505216286,0.40810892783186015,-0.0778729489234344,Electrical Equipment & Parts,Industrials,HUBB
2018Q1,2018,Q1,2018-04-25,2018-03-31,58300000.0,991200000.0,99600000.0,1.05,282900000.0,0.28541162227602906,4975400000.0,1662000000.0,1720800000.0,898500000.0,3296900000.0,714300000.0,1908900000.0,6661366000.0,8525766000.0,30.383912248628885,1.9151919866444074,0.41819753185673514,1.2519253910950663,0.020994536911361595,30.383912248628885,0.035078219013237065,6.720506456820016,28.565034305317322,4.008042117930205,0.7238421955403087,0.9916001679966401,0.006335036987909087,0.19922016320295854,1.041513633834168,0.011717650842143346,-297.3824107142857,0.28541162227602906,1.837837837837838,-0.04416419537663013,0.44700837156498685,0.05827982902756195,-0.019410745233968803,1.857843137254902,-0.18760195758564438,-0.009339989687338738,0.29800935142205154,-0.05366399397461327,Electrical Equipment & Parts,Industrials,HUBB
2017Q4,2017,Q4,2018-02-15,2017-12-31,20400000.0,917700000.0,122600000.0,0.37,288500000.0,0.31437288874359814,3720600000.0,1634200000.0,1604100000.0,706100000.0,2072700000.0,634700000.0,1892400000.0,7389564000.0,8069764000.0,29.93040293040293,2.2717745361846764,0.2836101704026232,0.6456982009545955,0.009125422927718145,29.93040293040293,0.012483172194345858,8.052265446224256,90.55838235294118,4.521823522212704,2.0637254901960786,0.9913344887348353,0.005697223814557936,0.24665376552169005,1.316810650049568,0.005482986615062087,59.64135593220339,0.31437288874359814,-0.7482993197278912,-0.6928884745296428,0.32004600051111676,0.06482471297063154,-0.059954382535027696,-0.7475247524752475,-0.16256830601092895,-0.7316140194368976,0.1564199231494235,-0.0929710284180731,Electrical Equipment & Parts,Industrials,HUBB
2017Q3,2017,Q3,2017-10-25,2017-09-30,80800000.0,950500000.0,146400000.0,1.47,306900000.0,0.32288269331930564,3743200000.0,1656000000.0,1685000000.0,740600000.0,2075500000.0,623600000.0,1914300000.0,6334692000.0,7028792000.0,30.32967032967033,2.2751822846340803,0.2886567642658688,0.652475845410628,0.035839132617492046,30.32967032967033,0.048792270531400964,6.664589163598106,19.599913366336633,3.8252971014492756,0.474009900990099,1.032071840923669,0.006046071379634558,0.25392712117973926,1.3706454226302998,0.021585808933532805,83.02348623853212,0.32288269331930564,0.027972027972028,0.0041256103253807935,0.30282121323022926,0.1116176846409404,0.041398031896844247,0.021491782553729456,0.12098009188361408,-0.027194531658817276,0.14526552787470923,-0.11812332407682158,Electrical Equipment & Parts,Industrials,HUBB
2017Q2,2017,Q2,2017-07-26,2017-06-30,79100000.0,948300000.0,130600000.0,1.43,294700000.0,0.3107666350311083,3666700000.0,1592300000.0,1609600000.0,1025300000.0,2063500000.0,585300000.0,1871800000.0,6201716000.0,6929216000.0,29.056569343065693,1.5698819857602653,0.29868819374369326,0.687810086039063,0.033646136984117496,29.056569343065693,0.049676568485838096,6.539824949910366,19.600872313527184,3.8948163034604035,0.4854614412136536,1.1166922945498035,0.00619183464705575,0.25862492159162187,0.9580610553008876,0.021572531158807647,124.78301810865192,0.3107666350311083,0.2654867256637169,0.10073228161054866,0.31386228347874356,0.1113404401858545,0.12566844919786097,0.25955414012738853,0.25456292026897215,-0.055849126838979184,0.19301230077973736,-0.1417154344443397,Electrical Equipment & Parts,Industrials,HUBB
2017Q1,2017,Q1,2017-04-26,2017-03-31,62800000.0,852300000.0,104100000.0,1.13,261800000.0,0.30716883726387423,3494600000.0,1578700000.0,1517600000.0,576000000.0,1905800000.0,547800000.0,1867200000.0,6626760000.0,7241760000.0,28.59963768115942,2.6347222222222224,0.2850111600755451,0.6308988408183949,0.028422421222197566,28.59963768115942,0.039779565465256225,7.7751495952129535,26.380414012738854,4.1976056248812315,0.6178343949044586,1.0779481562614093,0.005855048319238965,0.24389057402850112,1.6246527777777777,0.01797058318548618,134.14493927125505,0.30716883726387423,-0.025862068965517265,0.06567602274811958,0.2628638706344535,0.12767986594154634,0.01237432327919567,-0.024844720496894408,-0.03432282003710575,0.045532529685313114,0.19943755903483404,-0.12810488131638204,Electrical Equipment & Parts,Industrials,HUBB
2016Q4,2016,Q4,2017-02-16,2016-12-31,64400000.0,854200000.0,107800000.0,1.16,258600000.0,0.30273940529150084,3525000000.0,1592800000.0,1551300000.0,589600000.0,1921800000.0,532400000.0,1879300000.0,6453510000.0,7009610000.0,28.802893309222423,2.6311058344640434,0.28190070921985816,0.623869914615771,0.027969773912514637,28.802893309222423,0.04043194374686088,7.555033949894638,25.052445652173915,4.0516762933199395,0.6040372670807453,1.1187077385424493,0.006027727546714888,0.24232624113475176,1.6601085481682496,0.01826950354609929,55.58578811369509,0.30273940529150084,-0.2564102564102565,-0.02010849909584079,0.22947021162211026,0.15580488889031252,-0.10426047800484932,-0.25720876585928487,-0.2073529411764706,-0.16208706390861383,0.12986935539484604,-0.1085969863385843,Electrical Equipment & Parts,Industrials,HUBB
2016Q3,2016,Q3,2016-10-26,2016-09-30,86700000.0,907400000.0,136000000.0,1.56,288700000.0,0.31816178091249725,3491100000.0,1625500000.0,1521700000.0,577500000.0,1856500000.0,545700000.0,1853700000.0,5958022000.0,6589422000.0,29.394213381555154,2.634978354978355,0.28526825355905017,0.61267302368502,0.03683068024928643,29.394213381555154,0.05333743463549677,6.566037028873705,17.179994232987312,3.665347277760689,0.4013840830449827,1.1337731354223932,0.005840864635947971,0.25991807739680906,1.6348051948051947,0.024834579358941306,48.597243066884175,0.31816178091249725,0.07586206896551731,0.12829184150002637,0.2731057434393157,0.1800669240581008,-0.016354344122657582,0.07037037037037037,0.029523088569265707,-0.039816732097180674,0.16013037890314097,-0.032632803847917544,Electrical Equipment & Parts,Industrials,HUBB
2016Q2,2016,Q2,2016-07-27,2016-06-30,81000000.0,908800000.0,132100000.0,1.45,293500000.0,0.32295334507042256,3417700000.0,1570200000.0,1452000000.0,578000000.0,1838300000.0,546800000.0,1802000000.0,5832491000.0,6541991000.0,28.394213381555154,2.5121107266435985,0.30663896772683386,0.6674309005222264,0.03542183116498525,28.394213381555154,0.051585785250286585,6.417793794014084,18.001515432098767,3.714489237039867,0.42962962962962964,1.1252743233357718,0.005966575859268364,0.265909822395178,1.496885813148789,0.023700149223161774,118.5465650406504,0.32295334507042256,0.34259259259259245,0.3479182152009674,0.39035502397322086,0.14354463880608764,0.12928049249711426,0.33004926108374383,0.296368989205103,0.054397120787290226,0.21209183359139044,-0.03318660433835938,Electrical Equipment & Parts,Industrials,HUBB
2016Q1,2016,Q1,2016-04-27,2016-03-31,60900000.0,834800000.0,101900000.0,1.08,259900000.0,0.31133205558217536,3400900000.0,1566900000.0,1425400000.0,565500000.0,1825200000.0,559500000.0,1789800000.0,5963859000.0,6644459000.0,27.83126110124334,2.5206012378426172,0.2909523949542768,0.6315016912374752,0.026979977984870916,27.83126110124334,0.03886655179015891,7.144057259223766,24.482179802955667,3.806151636990236,0.5829228243021346,1.0275245755138516,0.005952521681012243,0.24546443588461878,1.4790450928381962,0.017907024611132347,138.37259860788862,0.31133205558217536,0.018867924528301903,0.2989063840756526,0.3608776868011498,0.15279671548148244,-0.015157256536566882,-0.00975609756097561,-0.08936550491510277,-0.029912375982771792,0.1840529446959186,-0.030629696438306625,Electrical Equipment & Parts,Industrials,HUBB
2015Q4,2015,Q4,2016-02-18,2015-12-31,61500000.0,829700000.0,111900000.0,1.06,263900000.0,0.3180667711220923,3208700000.0,1740600000.0,1387800000.0,603100000.0,1459700000.0,540000000.0,1886100000.0,5830008000.0,6130608000.0,30.16637781629116,2.301110926877798,0.2007355003584006,0.37004481213374696,0.03243818815733099,30.16637781629116,0.035332643915891075,7.026645775581535,23.69921951219512,3.349424336435712,0.5934959349593496,1.0477777777777777,0.00626071182063558,0.2585782404088883,1.3634554800198972,0.019166640695608812,51.50183745583039,0.3180667711220923,-0.16535433070866137,0.29532829559680446,0.35855589451309006,0.24866311684757822,-0.0934386808656819,-0.16098226466575716,-0.14580152671755725,-0.12389150153183083,0.12934401216050498,0.07321991869901724,Electrical Equipment & Parts,Industrials,HUBB
2015Q3,2015,Q3,2015-10-23,2015-09-30,73300000.0,877000000.0,131000000.0,1.27,291100000.0,0.33192702394526796,3382500000.0,1943900000.0,1566100000.0,553500000.0,1428900000.0,527000000.0,2062500000.0,4901614826.9,5066114826.9,33.689774696707104,2.8294489611562783,0.1768810051736881,0.3077833221873553,0.033443125566074546,33.689774696707104,0.03770770101342662,5.589070498175598,16.717649477830832,2.5215365126292504,0.4406548431105048,1.111764705882353,0.006589665067670763,0.25927568366592757,1.7607949412827462,0.021670362158167037,63.989749698433414,0.33192702394526796,-0.07299270072992707,0.06546653994521157,0.3268883856848285,0.4099296849766147,0.024639211545230553,-0.08489388264669163,0.03393843725335438,-0.13801940835749263,0.13749402236639013,0.23476941679093946,Electrical Equipment & Parts,Industrials,HUBB
2015Q2,2015,Q2,2015-07-24,2015-06-30,80100000.0,874000000.0,126700000.0,1.37,284100000.0,0.3250572082379863,3330100000.0,1927400000.0,1536800000.0,516300000.0,1393600000.0,511900000.0,2021600000.0,6247755942.3,6401455942.3,33.403812824956674,2.9765640131706372,0.17957418696135252,0.31026252983293556,0.034566465725181315,33.403812824956674,0.04155857632043167,7.148462176544623,19.499862491573033,3.241546094375843,0.4044943820224719,1.15237351045126,0.005185861979761092,0.2624545809435152,1.873329459616502,0.024053331731779825,114.21857298537478,0.3250572082379863,0.28037383177570097,0.44123700173310226,0.4013139832180792,0.46813759145407097,0.12425801345468936,0.28365384615384615,0.20666666666666667,0.05862581763291789,0.15005940283673036,0.27761153116421133,Electrical Equipment & Parts,Industrials,HUBB
2015Q1,2015,Q1,2015-04-24,2015-03-31,62400000.0,809700000.0,105000000.0,1.07,252700000.0,0.3120908978634062,3255700000.0,1862200000.0,1470500000.0,514100000.0,1384500000.0,485500000.0,1973900000.0,6357960174.0,6551960174.0,32.10689655172414,2.860338455553394,0.18358571121417822,0.3209644506497691,0.028576637480606026,32.10689655172414,0.033508753087745674,7.85224178584661,25.47259685096154,3.4142198335302325,0.5208333333333334,1.1472708547888775,0.005111702355875751,0.24870227600823172,1.7984827854503016,0.019166385109193107,669.2589656842106,0.3120908978634062,-0.22463768115942018,0.6810344827586206,0.47586905769288884,0.4604775611100854,-0.08209226298583364,-0.23247232472324722,-0.16732751784298175,0.0077695329550414235,0.14182427990204957,0.2659706113374644,Electrical Equipment & Parts,Industrials,HUBB
2014Q4,2014,Q4,2015-02-19,2014-12-31,81300000.0,848800000.0,126100000.0,1.38,275300000.0,0.3243402450518379,3322800000.0,1927100000.0,1629400000.0,499200000.0,1387100000.0,441800000.0,1944100000.0,6238872116.799999,6183972116.799999,32.99828767123287,3.2640224358974357,0.18026965210063803,0.3108297441751855,0.03403941698079831,32.99828767123287,0.04218774324113954,7.3502263393025435,19.184723606396062,3.2374407746354628,0.4009840098400984,1.2980986871887732,0.005225303450637321,0.25544721319369207,2.2666266025641026,0.024467316720837847,46.04333665535055,0.3243402450518379,-0.08609271523178816,0.6927910441062747,0.4809879144709284,0.5330528617864988,-0.07056043214044565,-0.09263392857142858,-0.1169467787114846,0.17137230919765173,0.15684746390225845,0.3241580214168253,Electrical Equipment & Parts,Industrials,HUBB
2014Q3,2014,Q3,2014-10-24,2014-09-30,89600000.0,895300000.0,142800000.0,1.51,296200000.0,0.3308388249748688,3411400000.0,2025700000.0,1703300000.0,525400000.0,1376400000.0,445900000.0,2088000000.0,7099216941.1,7043916941.1,34.392190152801355,3.2419109250095164,0.17544116784897695,0.2954534235079232,0.03653338917815168,34.392190152801355,0.04423162363627388,7.9294280588629515,19.80808298297991,3.504574685836995,0.32924107142857145,1.3435747925543844,0.0041553878751350104,0.2624435715542006,2.292919680243624,0.0262648765902562,58.381718265625004,0.3308388249748688,0.0,0.49732886514546787,0.4435075788913376,0.7280352112409767,0.01264957264957265,-0.0066518847006651885,-0.006263048016701462,0.09476321558672746,0.17935383465056845,0.38071686145902134,Electrical Equipment & Parts,Industrials,HUBB
2014Q2,2014,Q2,2014-07-22,2014-06-30,90200000.0,855800000.0,143700000.0,1.51,292500000.0,0.34178546389343306,3309600000.0,1997400000.0,1603400000.0,464500000.0,1303400000.0,429800000.0,2027800000.0,7265850118.0,7266950118.0,33.85423728813559,3.4518837459634013,0.18083756345177665,0.29963953139080807,0.03685023721706879,33.85423728813559,0.04515870631821368,8.490126335592429,20.138165515521063,3.6376540092119756,0.3270509977827051,1.3106095858538855,0.004060089256027783,0.2585810974135847,2.3935414424111947,0.02725404882765289,167.41590133640554,0.34178546389343306,0.3981481481481481,1.1884539275574295,0.4003539535450478,0.7784826593245598,0.19387755102040816,0.40498442367601245,0.3711832061068702,0.40688364354788403,0.22716453009836818,0.36344088957453063,Electrical Equipment & Parts,Industrials,HUBB
2014Q1,2014,Q1,2014-04-22,2014-03-31,64200000.0,759500000.0,104800000.0,1.08,245000000.0,0.3225806451612903,3243600000.0,1935300000.0,1600300000.0,471600000.0,1299200000.0,418100000.0,1967200000.0,7072330177.0,7023230177.0,32.80169491525424,3.39334181509754,0.18442471328153903,0.30909936443962177,0.02810801441742051,32.80169491525424,0.03317315144938769,9.31182380118499,27.540226545950155,3.654384424637007,0.46105919003115264,1.2305668500358766,0.004185324957856531,0.23415340979158958,2.3821034775233247,0.019792822789493156,230.36906114006516,0.3225806451612903,-0.21739130434782597,0.8157055460836423,0.23980619616560164,0.8055978852433524,-0.09560723514211886,-0.21707317073170732,-0.16957210776545167,0.30662802843953224,0.18146487448458468,0.35867670613177616,Electrical Equipment & Parts,Industrials,HUBB
2013Q4,2013,Q4,2014-02-18,2013-12-31,82000000.0,806600000.0,126200000.0,1.38,270900000.0,0.3358542028266799,3187200000.0,1906400000.0,1632400000.0,467000000.0,1272400000.0,385700000.0,1932600000.0,6425100118.0,6281900118.0,32.31186440677966,3.495503211991435,0.18746862449799198,0.3134179605539236,0.035821748972889846,32.31186440677966,0.043013008812421316,7.96565846516241,19.58871987195122,3.3702791219051615,0.36097560975609755,1.388903292714545,0.004606932103217384,0.25307479919678716,2.5518201284796573,0.025727911646586346,46.728000858181815,0.3358542028266799,-0.14814814814814828,0.6930116777098511,0.1824182107870531,0.8077464066485202,-0.07003089598352215,-0.15025906735751296,-0.16754617414248021,0.6890495515465676,0.29163094168144715,0.3374702646446626,Electrical Equipment & Parts,Industrials,HUBB
2013Q3,2013,Q3,2013-10-18,2013-09-30,96500000.0,835900000.0,151600000.0,1.62,291300000.0,0.3484866610838617,3141200000.0,1795800000.0,1596300000.0,484600000.0,1337300000.0,401900000.0,1880100000.0,6190133881.8,6156933881.8,30.385786802030456,3.294056954189022,0.1901184260792054,0.33255373649626907,0.04297111049353356,30.385786802030456,0.05373649626907228,7.405352173465726,16.036616274093262,3.447006282325426,0.2756476683937824,1.3550634486190594,0.004297160692793467,0.2661084935693366,2.3532810565414777,0.03072074366484146,60.09838720194175,0.3484866610838617,0.18248175182481752,0.3725557548694072,0.07599314522777244,0.5263888229991934,0.07095588235294117,0.1753958587088916,0.14761544284632855,0.36946673216527487,0.234745513604308,0.27165655452545395,Electrical Equipment & Parts,Industrials,HUBB
2013Q2,2013,Q2,2013-07-19,2013-06-30,82100000.0,801300000.0,132100000.0,1.37,272000000.0,0.3394483963559216,3041000000.0,1735700000.0,1504800000.0,452400000.0,1297500000.0,384700000.0,1810300000.0,5975009881.8,5992309881.8,29.36886632825719,3.326259946949602,0.19628411706675436,0.34389583453361755,0.03827738601513012,29.36886632825719,0.04730080082963646,7.456645303631599,18.194305364799025,3.442420857175779,0.32399512789281365,1.3758773069924617,0.0044518754824195575,0.2634988490628083,2.348364279398762,0.026997698125616573,113.16306594318182,0.3394483963559216,0.24545454545454545,0.26041847220502673,0.09709594026405356,0.5134676220139927,0.1510791366906475,0.24582701062215478,0.35209825997952915,0.44222950742620787,0.25431754787153843,0.290796859054667,Electrical Equipment & Parts,Industrials,HUBB
2013Q1,2013,Q1,2013-04-19,2013-03-31,65900000.0,740100000.0,97700000.0,1.1,236300000.0,0.3192811782191596,2987700000.0,1696800000.0,1470500000.0,444600000.0,1283700000.0,350600000.0,1754900000.0,5614500000.0,5615200000.0,28.710659898477157,3.307467386414755,0.19975231783646283,0.3517208863743517,0.031200281179055062,28.710659898477157,0.038837812352663835,7.586137008512363,21.299317147192717,3.308875530410184,0.40515933232169954,1.4369652025099828,0.004755543681538873,0.2477156340998092,2.383940620782726,0.02205710077986411,189.04040404040404,0.3192811782191596,-0.08333333333333323,0.29936653102319927,0.12484205267255373,0.572423012501565,-0.05404323458767014,-0.08344923504867872,-0.1158371040723982,0.7422800338409475,0.3238982413681115,0.3059896486363252,Electrical Equipment & Parts,Industrials,HUBB
2012Q4,2012,Q4,2013-02-13,2012-12-31,71900000.0,752500000.0,110500000.0,1.2,249800000.0,0.33196013289036547,2947000000.0,1661200000.0,1456200000.0,447400000.0,1279100000.0,341700000.0,1715700000.0,5001632822.7,4962132822.7,28.1082910321489,3.2548055431381315,0.20247709535120462,0.3591981699975921,0.034942933417498226,28.1082910321489,0.04328196484469059,6.646688136478405,17.390934710361616,3.0108552990007222,0.7093184979137691,1.4711735440444835,0.010196670129109756,0.25534441805225655,2.367009387572642,0.024397692568713946,35.90547611414214,0.33196013289036547,-0.1724137931034483,0.42948392554991527,0.16824764504826337,0.46435212840679657,-0.0696461824953445,-0.17451205510907003,-0.18208734270910437,0.4793368095355055,0.29741230955176323,0.3058706692932373,Electrical Equipment & Parts,Industrials,HUBB
2012Q3,2012,Q3,2012-10-19,2012-09-30,87100000.0,789700000.0,135100000.0,1.45,268500000.0,0.3400025326073192,2972300000.0,1612500000.0,1492600000.0,493000000.0,1353700000.0,356300000.0,1670600000.0,4673628118.2,4664828118.2,27.284263959390863,3.027586206896552,0.2007872691181913,0.37010852713178294,0.041525517395281465,27.284263959390863,0.05401550387596899,5.918232389768266,13.414546837543053,2.8983740267906972,0.2801377726750861,1.4628122368790346,0.005220783379187091,0.2656865053998587,2.197160243407708,0.029303906066009487,60.617744723735406,0.3400025326073192,0.12403100775193791,0.3157883826566438,0.1935197203753666,0.5628537913465192,0.03348729792147806,0.12387096774193548,0.08514056224899598,0.4506249944631957,0.26893809568173227,0.3708975388059194,Electrical Equipment & Parts,Industrials,HUBB
2012Q2,2012,Q2,2012-07-20,2012-06-30,77500000.0,778400000.0,124500000.0,1.29,259800000.0,0.33376156217882835,2909300000.0,1545200000.0,1405900000.0,480600000.0,1358200000.0,355300000.0,1607800000.0,4606254118.200001,4658354118.200001,26.145516074450086,2.9253017062005826,0.2051008833740075,0.3861636034170334,0.03905103452668807,26.145516074450086,0.05015531969971525,5.917592649280577,14.858884252258067,2.9810083602122703,0.3161290322580645,1.459611595834506,0.005318855488931197,0.2675557694290723,2.075322513524761,0.02663871034269412,92.30970176753509,0.33376156217882835,0.22857142857142856,0.46141465319377906,0.2208977356983974,0.4928805679345718,0.10978214438274242,0.22626582278481014,0.22418879056047197,0.8771419000747249,0.27154840582027223,0.37351630644465805,Electrical Equipment & Parts,Industrials,HUBB
2012Q1,2012,Q1,2012-04-20,2012-03-31,63200000.0,723800000.0,101700000.0,1.05,234100000.0,0.3234318872616745,2877900000.0,1501400000.0,1384900000.0,488700000.0,1370800000.0,337400000.0,1554600000.0,4651936118.4,4686236118.4,25.361486486486488,2.8338448946183754,0.20733868445741688,0.39742906620487545,0.032588228169390755,25.361486486486488,0.042094045557479684,6.427101572810168,18.401646037974682,3.098398906620487,0.35443037974683544,1.451393005334914,0.004815199398676249,0.2515028319260572,2.0300798035604664,0.021960457277876228,138.03964743026705,0.3234318872616745,-0.10256410256410248,0.5283881003305463,0.16655453999628528,0.4852665717512688,-0.009310198899703767,-0.09714285714285714,-0.07377049180327869,0.781384935231089,0.1775379375276916,0.3960451276965038,Electrical Equipment & Parts,Industrials,HUBB
2011Q4,2011,Q4,2012-02-15,2011-12-31,70000000.0,740000000.0,109800000.0,1.17,236300000.0,0.31932432432432434,2846500000.0,1467800000.0,1353500000.0,492100000.0,1373000000.0,318300000.0,1515800000.0,3938054058.8999996,3967654058.8999996,24.920203735144312,2.7504572241414347,0.21050412787633938,0.4082300040877504,0.03675164615413102,24.920203735144312,0.0476904210382886,5.321694674189189,14.064478781785715,2.6829636591497477,0.32,1.582469368520264,0.005688088498779242,0.2599683822237836,1.984759195285511,0.02459160372387142,37.97544897685631,0.31932432432432434,-0.14598540145985414,1.429820685164081,0.27343112697127014,0.46502822549297435,-0.06341656757827982,-0.15048543689320387,-0.12370311252992817,0.4477076129325612,0.08662909357231409,0.394206418670905,Electrical Equipment & Parts,Industrials,HUBB
2011Q3,2011,Q3,2011-10-21,2011-09-30,82400000.0,764300000.0,125300000.0,1.37,252300000.0,0.3301059793274892,2810100000.0,1477100000.0,1364500000.0,529800000.0,1327600000.0,331200000.0,1468300000.0,2937722059.2999997,3024422059.2999997,24.90893760539629,2.575500188750472,0.2129817444219067,0.40518583711326245,0.04261577620193956,24.90893760539629,0.0557849840904475,3.8436766443804786,8.912991684769416,1.988844397332611,0.2766990291262136,1.5458937198067633,0.007761115428813841,0.27198320344471727,1.838052095130238,0.02932279990035942,32.425188292494475,0.3301059793274892,0.28037383177570097,0.7602845522694746,0.19751725965748318,0.44674334194316734,0.09743366681165724,0.26380368098159507,0.192197906755471,0.16805335429636498,-0.019490453402561714,0.2512667255047202,Electrical Equipment & Parts,Industrials,HUBB
2011Q2,2011,Q2,2011-07-22,2011-06-30,65200000.0,709200000.0,105100000.0,1.07,229900000.0,0.3241680767061478,2775400000.0,1489800000.0,1307900000.0,483800000.0,1281100000.0,324200000.0,1408300000.0,3896999820.0,3984899820.0,24.83,2.7033898305084745,0.21557253008575342,0.4015975298697812,0.0344824555494193,24.83,0.04376426365955162,5.494923604060913,14.942483972392637,2.6157872331856624,0.35276073619631904,1.4784083898827884,0.005901976151489789,0.25553073430856815,1.912567176519223,0.02349210924551416,72.43494089219331,0.3241680767061478,0.30487804878048796,0.5855929487179486,0.1894462864721485,0.45818595201238377,0.12037037037037036,0.2962226640159046,0.25717703349282295,-0.014048780487804793,-0.043567285382830626,0.27956594015515324,Electrical Equipment & Parts,Industrials,HUBB
2011Q1,2011,Q1,2011-04-22,2011-03-31,50300000.0,658100000.0,83600000.0,0.82,205200000.0,0.311806716304513,2742100000.0,1458200000.0,1267200000.0,485600000.0,1279500000.0,303700000.0,1365900000.0,4290211939.6000004,4391111939.6,24.142384105960264,2.6095551894563425,0.21800809598482915,0.4099574818269099,0.027858607634872228,24.142384105960264,0.034494582361815934,6.519088192675886,21.323120972167,2.942128610341517,0.43538767395626243,1.4912742838327298,0.005104642919352338,0.23999854126399475,1.8579077429983526,0.01834360526603698,136.19720443174603,0.311806716304513,-0.0034607645875252575,0.2691002051812435,0.1504180969222056,0.46913522270226904,-0.007736943907156673,0.012072434607645875,-0.08131868131868132,-0.02956871545071429,-0.02131355543391252,0.3222280671743629,Electrical Equipment & Parts,Industrials,HUBB
2010Q4,2010,Q4,2011-02-16,2010-12-31,49700000.0,639300000.0,91000000.0,0.8228476821192053,206800000.0,0.3234788049429063,2705800000.0,1459200000.0,1226100000.0,445000000.0,1242300000.0,298400000.0,1338600000.0,3631852060.4,3708852060.4,24.158940397350992,2.7552808988764044,0.22089585335205855,0.4096080043859649,0.032612554612750366,24.158940397350992,0.03405975877192982,5.680982418895668,18.268873543259556,2.4889337036732457,0.4567404426559356,1.449396782841823,0.006250254587049423,0.23627023431147903,1.9579775280898877,0.018367950328923053,47.35139583311604,0.3234788049429063,-0.3026714558311819,-0.044485896963302796,0.19536763805975205,0.46439825071609553,-0.12074829931972789,-0.302945301542777,-0.2261904761904762,-0.03315397350993374,-0.028855943296520054,0.2586035824963938,Electrical Equipment & Parts,Industrials,HUBB
2010Q3,2010,Q3,2010-10-22,2010-09-30,71300000.0,685000000.0,117600000.0,1.18,235200000.0,0.34335766423357666,2609200000.0,1428900000.0,1125100000.0,477400000.0,1176300000.0,294000000.0,1310700000.0,3034850000.0,3196450000.0,23.89464882943144,2.35672392124005,0.19331595891460984,0.35299881027363705,0.039939680657624065,23.89464882943144,0.049898523339631885,4.430437956204379,10.641129032258064,2.1239065015046537,0.302945301542777,1.5299319727891156,0.007117320460648796,0.2625325770351066,1.5994972769166318,0.027326383565843937,42.504901960784316,0.34335766423357666,0.24210526315789474,0.49222839016653447,0.23918974255657627,0.517001552082929,0.11469194312796209,0.2378472222222222,0.25775401069518716,0.06449522912003759,0.02316182894516377,0.3686952512830152,Electrical Equipment & Parts,Industrials,HUBB
2010Q2,2010,Q2,2010-07-23,2010-06-30,57600000.0,646400000.0,93500000.0,0.95,211000000.0,0.32642326732673266,2559100000.0,1360600000.0,1024500000.0,445800000.0,1194500000.0,276500000.0,1261000000.0,2373461940.2,2589661940.2,22.752508361204015,2.298115746971736,0.19694423820874526,0.3704248125826841,0.03395770881671625,22.752508361204015,0.0423342642951639,3.6718161203589106,10.30148411545139,1.744423004703807,0.3732638888888889,1.5746835443037974,0.00905849789956535,0.25258880075026374,1.4847465231045311,0.022507912938142315,40.92175758965517,0.32642326732673266,0.4843749999999999,0.645822208482055,0.26680353017904707,0.48280236114684294,0.20091064314171883,0.49222797927461137,0.4231354642313546,0.07344682399743993,0.00199165758520918,0.29914351307845666,Electrical Equipment & Parts,Industrials,HUBB
2010Q1,2010,Q1,2010-04-23,2010-03-31,38600000.0,570500000.0,65700000.0,0.64,175700000.0,0.3079754601226994,2509400000.0,1325900000.0,971900000.0,432200000.0,1179600000.0,270400000.0,1224900000.0,3041559375.0,3280059375.0,21.98383419689119,2.248727440999537,0.20052602215669085,0.37951580058827966,0.024320362473347543,21.98383419689119,0.029112301078512707,5.331392418930762,19.69921875,2.293958349045931,0.5414507772020726,1.4600591715976332,0.006871475260942424,0.22734518211524668,1.4185562239703842,0.015382163066868574,237.621826171875,0.3079754601226994,-0.22177419354838712,0.3617021333333333,0.18871913249201971,0.39580823397978027,-0.08394160583941605,-0.2217741935483871,-0.17358490566037735,-0.08374100719424463,-0.09748070761783063,0.2874582122370063,Electrical Equipment & Parts,Industrials,HUBB
2009Q4,2009,Q4,2010-02-19,2009-12-31,49600000.0,591900000.0,79500000.0,0.8223834196891192,191800000.0,0.32404122317959116,2464500000.0,1298200000.0,917900000.0,418500000.0,1162500000.0,263500000.0,1208000000.0,2852781189.6875,3091481189.6875,21.524559585492227,2.193309438470729,0.20174477581659567,0.38299183484825144,0.031646494917984255,21.524559585492227,0.038206747804652594,4.819701283472715,14.378937448021672,2.1974897471017565,0.39919354838709675,1.5184060721062618,0.0069405953991756855,0.24017041996348143,1.3586618876941459,0.02012578616352201,31.522444084944752,0.32404122317959116,-0.18575899040681268,0.05424386120059839,0.20320433822938502,0.39675075907882523,-0.005702436495593572,-0.1343804537521815,-0.12924424972617743,0.6813797998438499,-0.005281842413153096,0.2654024689846243,Electrical Equipment & Parts,Industrials,HUBB
2009Q3,2009,Q3,2009-10-23,2009-09-30,57300000.0,593900000.0,91300000.0,1.01,192900000.0,0.32480215524499073,2219700000.0,1122500000.0,1037100000.0,404200000.0,1093800000.0,247900000.0,1179200000.0,2368800000.0,2453900000.0,19.902482269503547,2.56580900544285,0.22412938685407938,0.44320712694877507,0.038624391177033215,19.902482269503547,0.051046770601336305,3.988550260986698,10.335078534031414,2.1102895322939865,0.343804537521815,1.6175877369907221,0.00831644714623438,0.2675586791007794,1.8421573478476,0.025814299229625626,17.190130624092888,0.32480215524499073,0.44285714285714295,0.4940550745962573,0.2238590078350493,0.35562141768775335,0.10734787600459242,0.4543147208121827,0.3708708708708709,0.2870217235830503,-0.02162164377274375,0.15596193493649005,Electrical Equipment & Parts,Industrials,HUBB
2009Q2,2009,Q2,2009-07-24,2009-06-30,39400000.0,584200000.0,66600000.0,0.7,174200000.0,0.29818555289284493,2134300000.0,1073600000.0,939200000.0,372600000.0,1057200000.0,279600000.0,1141700000.0,1808184056.4,2020784056.4,19.0354609929078,2.5206655931293613,0.23178559715129082,0.46078614008941876,0.029094602910122194,19.0354609929078,0.036698956780924,3.0951455946593636,11.473249088832487,1.6842250897913562,0.5,1.4663805436337625,0.010894908585369163,0.27371972075153445,1.6341921631776704,0.018460385137984352,17.832189905325446,0.29818555289284493,0.16666666666666663,0.3434260689117765,0.24373287707889996,0.3231828978983024,0.04311377245508982,0.16568047337278108,0.16230366492146597,0.01932453627932337,0.04234096638260244,0.11789133346507692,Electrical Equipment & Parts,Industrials,HUBB
2009Q1,2009,Q1,2009-04-24,2009-03-31,33800000.0,585600000.0,57300000.0,0.6,167000000.0,0.2851775956284153,2089700000.0,1024600000.0,900700000.0,380900000.0,1061800000.0,320100000.0,1122000000.0,1520543943.6,1826043943.6,18.166666666666668,2.3646626411131533,0.2380724505909939,0.4855553386687488,0.025777243393124434,18.166666666666668,0.032988483310560215,2.596557280737705,11.246626801775147,1.4840366422018347,0.5828402366863905,1.3077163386441737,0.01295588995169636,0.28023161219313775,1.381990023628249,0.016174570512513756,39.392330145077715,0.2851775956284153,-0.26911447084233264,0.07016211243220707,0.35510563143740503,0.3020613807893598,-0.10166756320602474,-0.26997840172786175,-0.2085635359116022,-0.08672311842363815,0.09628309383238647,0.10549520552538054,Electrical Equipment & Parts,Industrials,HUBB
2008Q4,2008,Q4,2009-02-20,2008-12-31,46300000.0,652100000.0,72400000.0,0.8209219858156028,185900000.0,0.2850789756172366,2115500000.0,1008100000.0,919100000.0,425000000.0,1107400000.0,335200000.0,1108000000.0,1843152000.0,2162352000.0,17.874113475177303,2.1625882352941175,0.23512172063342,0.4934034321991866,0.03473607692231967,17.874113475177303,0.045927983334986607,2.8264867351633187,9.952224622030238,1.8283424263465928,0.42332613390928725,1.3908114558472553,0.010633957481531637,0.3082486409832191,1.259294117647059,0.021886078941148666,26.7511175616836,0.2850789756172366,-0.304303401851184,0.43636000664254915,0.5789069264826459,0.30795954866622716,-0.15576748410535876,-0.3037593984962406,-0.29912875121006777,-0.046722070214127207,0.3057764282697655,0.08344240581928342,Electrical Equipment & Parts,Industrials,HUBB
2008Q3,2008,Q3,2008-10-24,2008-09-30,66500000.0,734800000.0,103300000.0,1.18,220200000.0,0.2996733805117039,2265000000.0,1112800000.0,1010400000.0,474000000.0,1152200000.0,340000000.0,1081300000.0,1959294944.1,2262494944.1,19.906976744186046,2.131645569620253,0.21955849889624723,0.44689072609633357,0.044581756865637284,19.906976744186046,0.05975916606757728,2.6664329669297766,7.3657704665413535,1.7606892021028038,0.2962406015037594,1.5135294117647058,0.010054637286398539,0.32441501103752757,1.3139240506329113,0.029359823399558498,19.632213868737473,0.2996733805117039,0.08256880733944941,1.087060219921371,0.7347612950870142,0.534947623521442,0.049070986183897096,0.08130081300813008,0.08736842105263158,0.4888700367002931,0.4220201884300229,0.26383588366498595,Electrical Equipment & Parts,Industrials,HUBB
2008Q2,2008,Q2,2008-07-28,2008-06-30,61500000.0,689600000.0,95000000.0,1.09,209900000.0,0.3043793503480278,2164600000.0,1082800000.0,994600000.0,410400000.0,1081800000.0,331700000.0,1034500000.0,2224745944.2,2503945944.2,19.405017921146953,2.4234892787524367,0.22969601773999815,0.4591799039527152,0.04178287921046985,19.405017921146953,0.056797192463982266,3.2261397102668212,9.043682700000002,2.0546231475803474,0.3008130081300813,1.4461863129333736,0.008315556231591399,0.3185808001478333,1.4653996101364521,0.02841171579044627,27.602306999999996,0.3043793503480278,0.2823529411764707,1.6881720319026035,0.6235218681070595,0.5029121450397153,0.1200640341515475,0.2706611570247934,0.26162018592297476,0.8832264088431068,0.4483454357025056,0.26464326195508997,Electrical Equipment & Parts,Industrials,HUBB
2008Q1,2008,Q1,2008-04-25,2008-03-31,48400000.0,627900000.0,75300000.0,0.85,187400000.0,0.2984551680203854,2034400000.0,1029800000.0,867000000.0,634700000.0,1004600000.0,332900000.0,992600000.0,2467500000.0,2810200000.0,18.25886524822695,1.3659996848904994,0.2177546205269367,0.43018061759564963,0.03555390623536683,18.25886524822695,0.04699941736259468,3.9297658862876252,12.745351239669422,2.3960963293843465,0.39462809917355374,1.3232201862421147,0.007740628166160082,0.30864136846244594,0.7425555380494722,0.023790798269760126,120.36585365853658,0.2984551680203854,-0.0012500000000000345,1.319340631107625,0.5568291880624803,0.43009852975635726,0.035931453841901606,0.008333333333333333,0.09766763848396501,0.825863897754137,0.39907924427940583,0.15930070379654182,Electrical Equipment & Parts,Industrials,HUBB
2007Q4,2007,Q4,2008-02-25,2007-12-31,48000000.0,614700000.0,68600000.0,0.851063829787234,180900000.0,0.29428989751098095,1863400000.0,1082600000.0,788000000.0,419500000.0,780800000.0,322900000.0,962700000.0,2910239887.2,3068839887.2,19.19503546099291,1.8784266984505364,0.12670387463775892,0.21808608904489193,0.038894153049342704,19.19503546099291,0.04433770552373915,4.734406844314299,15.1574994125,2.6881949817106965,0.39791666666666664,1.3434499845153298,0.0065630328565032805,0.32988086293871416,0.9771156138259833,0.02575936460233981,28.33729198831548,0.29428989751098095,-0.22630560928433274,0.8350641113892365,0.4997838618493964,0.5127155298230668,-0.07040082219938334,-0.2649310872894334,-0.2283464566929134,0.09101034452060892,0.33623391062808106,0.24558554818271333,Electrical Equipment & Parts,Industrials,HUBB
2007Q3,2007,Q3,2007-10-26,2007-09-30,65300000.0,652700000.0,88900000.0,1.1,194600000.0,0.2981461620959093,1869400000.0,1017800000.0,873600000.0,481400000.0,851600000.0,316200000.0,933800000.0,3328929883.4,3511129883.4,17.457975986277873,1.8147071042791858,0.14373595806141007,0.2640007860090391,0.052653146556943316,17.457975986277873,0.0641579878168599,5.100244956948062,12.744754530627871,3.2707112236195717,0.3016845329249617,1.4487666034155597,0.005917817644113135,0.3491494597196962,1.0546323223930203,0.03493099390178667,47.42065360968661,0.2981461620959093,0.23595505617977536,1.1133369910045061,0.47363358610226786,0.3789485127243451,0.03897490656700481,0.225140712945591,0.13974358974358975,0.6471597278720371,0.30119451926334045,0.18911831378644933,Electrical Equipment & Parts,Industrials,HUBB
2007Q2,2007,Q2,2007-07-27,2007-06-30,53300000.0,640800000.0,78000000.0,0.89,187300000.0,0.29229088639201,1808700000.0,1040300000.0,822300000.0,394300000.0,768400000.0,316400000.0,887600000.0,3275315940.6000004,3431515940.6000004,17.513468013468014,2.0854679178290643,0.11942278984906286,0.20763241372680957,0.04412321897635915,17.513468013468014,0.05123522060943959,5.111292042134832,15.36264512476548,3.1484340484475632,0.3696060037523452,1.4333122629582806,0.006014686936244442,0.35428760988555313,1.1643418716713163,0.029468679161828937,35.03011701176471,0.29229088639201,0.28985507246376824,0.7255892188661505,0.5430436041652944,0.3719563262724677,0.08265895953757225,0.27817745803357313,0.22065727699530516,0.7255892145982114,0.2953308953524106,0.21738692679645544,Electrical Equipment & Parts,Industrials,HUBB
2007Q1,2007,Q1,2007-04-30,2007-03-31,41700000.0,625700000.0,63900000.0,0.69,173000000.0,0.276490330829471,1824100000.0,1019400000.0,852300000.0,433000000.0,804700000.0,318100000.0,854000000.0,2893659059.7000003,3104559059.7000003,17.07537688442211,1.9683602771362587,0.1509785647716682,0.2701589170100059,0.034703999549892395,17.07537688442211,0.040906415538552086,4.624674859677162,17.348075897482016,2.8385904058269573,0.47721822541966424,1.4231373781829613,0.006877105971863572,0.34301847486431664,1.122632794457275,0.022860588783509675,224.31465579069769,0.276490330829471,0.4107191780821917,1.1166438219301638,1.0527553112651977,0.3572767576245498,0.14116094986807387,0.4280821917808219,0.5323741007194245,0.24730797428318077,0.3678642838079764,0.22384525524565319,Electrical Equipment & Parts,Industrials,HUBB
