Quarters,Year,Quarter,FillingDate,Date,NetIncome,Revenue,OperatingIncome,EPSDiluted,GrossProfit,GrossProfitRatio,TotalAssets,CommonStockEquity,CurrentAssets,CurrentLiability,TotalLiability,Inventory,RetainedEarnings,MarketCap,EnterpriseValue,bookValuePerShare,currentRatio,debtToAssets,debtToEquity,roic,shareholdersEquityPerShare,roe,priceToSalesRatio,peRatio,pbRatio,payoutRatio,inventoryTurnover,dividendYield,assetTurnover,quickRatio,returnOnAssets,priceToFreeCashFlowsRatio,grossProfitMargin,epsdilutedGrowth,fiveYNetIncomeGrowthPerShare,fiveYRevenueGrowthPerShare,fiveYShareholdersEquityGrowthPerShare,grossProfitGrowth,netIncomeGrowth,operatingIncomeGrowth,threeYNetIncomeGrowthPerShare,threeYRevenueGrowthPerShare,threeYShareholdersEquityGrowthPerShare,Industry,Sector,Symbol
2023Q1,2023,Q1,2023-05-15,2023-03-31,-2224540.0,0.0,-2029212.0,-0.23,-2029212.0,0.0,43175807.0,35023091.0,268864.0,6615539.0,8152716.0,-870.0,-7884427.0,59052500.0,60433149.0,6.090972347826087,0.04064128410398608,0.03389576482033098,0.04178606051647469,-0.057301885075863375,6.090972347826087,-0.06351638123545406,0.0,-6.636484396774164,1.6861018920346007,0.0,-2332.4275862068966,0.0,0.0,0.012651727999789586,-0.05152283546199843,307.1076417419885,0.0,-0.5333333333333334,0.0,0.0,0.0,0.5654349351240083,0.14003676378206925,0.25252756684280225,0.0,0.0,0.0,Shell Companies,Financial Services,FLAG
2022Q4,2022,Q4,2023-03-31,2022-12-31,-2586785.0,0.0,-2714765.0,-0.15,-4669524.0,0.0,42854778.0,37247631.0,401671.0,4535913.0,5607147.0,0.0,-5206051.0,179749492.10999998,180880235.10999998,2.1074240757141243,0.0885535062070194,0.028576393512060663,0.03287819834770163,-0.07470246857107651,2.1074240757141243,-0.06944830934348549,0.0,-17.371901038354558,4.825796628784257,0.0,0.0,0.0,0.0,0.02089149417107427,-0.060361647422371434,154.27366475444026,0.0,-9.064516129032258,-1.1538772325432771,0.0,2.399036219714685,-3.3874998942946353,-6.240947622636616,-1.5508019983481776,-1.1538772325432771,0.0,2.399036219714685,Shell Companies,Financial Services,FLAG
2022Q3,2022,Q3,2022-11-14,2022-09-30,493572.0,0.0,-1064279.0,0.0186,-1064279.0,0.0,42158839.0,31784416.0,479094.0,1339647.0,10374423.0,0.0,-9895904.0,260961644.79999998,261381700.79999998,1.1997031128461066,0.35762704652792865,0.0109111164090643,0.014472501240859671,-0.0233645133794854,1.1997031128461066,0.015528742135768674,0.0,132.1801301532502,8.210364626488653,0.0,0.0,0.0,0.0,0.029816809950681037,0.01170743814837975,-783.0266622258629,0.0,-0.94,1.2206288833191568,0.0,-0.944569951568641,-1.943070388416634,-0.9441915748694516,-1.943070388416634,1.2206288833191568,0.0,-0.944569951568641,Shell Companies,Financial Services,FLAG
2022Q2,2022,Q2,2022-08-10,2022-06-30,8844041.0,0.0,-361622.0,0.31,-361622.0,0.0,231020255.0,220941373.0,759668.0,373661.0,10078882.0,0.0,-9242756.0,57155000.0,56826157.0,38.424586608695655,2.0330406437921003,0.0,0.0,-0.0034786353745253767,38.424586608695655,0.040028903957250235,0.0,1.61563588409416,0.2586885345371688,0.0,0.0,0.0,0.0,0.8800570570650937,0.038282535009754884,-212.72596667398642,0.0,1.5833333333333335,181.02253637715432,0.0,6426.73657332869,0.0,1.5488993584262147,0.3162209893771107,181.02253637715432,0.0,6426.73657332869,Shell Companies,Financial Services,FLAG
2022Q1,2022,Q1,2022-05-11,2022-03-31,3469749.0,0.0,-528858.0,0.12,0.0,0.0,231235050.0,216780163.0,1032507.0,386833.0,14454887.0,0.0,-13243967.0,56867500.0,56269978.0,37.70089791304348,2.6691285386717265,0.0,0.0,-0.005789124620643794,37.70089791304348,0.01600584182603461,0.0,4.097378513546658,0.2623279695568824,0.0,0.0,0.0,0.0,1.5446510509703153,0.015005290071725718,-122.2612554312656,0.0,-0.8736842105263158,0.0,0.0,0.0,0.0,-0.6258427235271586,0.2299903904953263,0.0,0.0,0.0,Shell Companies,Financial Services,FLAG
2021Q4,2021,Q4,2022-03-31,2021-12-31,9273504.0,0.0,-686820.0,0.95,0.0,0.0,231769289.0,-14686814.0,1483561.0,410985.0,16451319.0,0.0,-14687389.0,95647500.0,94584847.0,-1.5063398974358975,3.6097692129883088,0.0,0.0,0.10100984787206871,-1.5063398974358975,-0.6314169975870872,0.0,2.578515629043779,-6.512474386888811,0.0,0.0,0.0,0.0,2.585624779493169,0.04001178948260052,-99210.23888873329,0.0,12.250592136428233,0.0,0.0,0.0,0.0,12.263971703739513,0.3726983779044279,0.0,0.0,0.0,Shell Companies,Financial Services,FLAG
2021Q3,2021,Q3,2021-11-12,2021-09-30,-823289.0,0.0,-1094880.0,-0.08444,0.0,0.0,232005361.0,211024628.0,2004938.0,47901.0,20980733.0,0.0,-18975947.0,95355000.0,94157658.0,21.64355158974359,41.8558693972986,0.0,0.0,-0.00518839914742084,21.64355158974359,-0.003901388230382285,0.0,-28.955506511079342,0.4518666892283302,0.0,0.0,0.0,0.0,24.996179620467213,-0.0035485774830866946,-64.88813762777053,0.0,-8.882958801498129,0.0,0.0,0.0,0.0,-8.883065435818638,-12.14334417728053,0.0,0.0,0.0,Shell Companies,Financial Services,FLAG
2021Q2,2021,Q2,2021-06-30,2021-06-30,-83303.0,0.0,-83303.0,-0.008544,0.0,0.0,624876.0,-58303.0,117500.0,683179.0,683179.0,0.0,-83303.0,95355000.0,95448804.0,-0.005979794871794872,0.17199006409740347,0.30214634583501365,-3.23832392844279,-0.6383322733159132,-0.005979794871794872,1.4287944016602918,0.0,-286.16916557626973,-1635.5076068126855,0.0,0.0,0.0,0.0,0.13905579650428365,-0.13331124895179203,-802.624490757887,0.0,0.0,0.0,0.0,0.0,0.0,0.0,0.0,0.0,0.0,0.0,Shell Companies,Financial Services,FLAG
2021Q1,2021,Q1,2021-04-30,2021-04-30,,,,,,,468150.0,15000.0,25000.0,453150.0,453150.0,0.0,-10000.0,0.0,-25000.0,0.0,0.05516936996579499,0.0,0.0,,0.0,,0.0,0.0,0.0,0.0,0.0,,,0.05516936996579499,,0.0,0.0,0.0,0.0,0.0,0.0,0.0,0.0,0.0,0.0,0.0,0.0,Shell Companies,Financial Services,FLAG
