Quarters,Year,Quarter,FillingDate,Date,NetIncome,Revenue,OperatingIncome,EPSDiluted,GrossProfit,GrossProfitRatio,TotalAssets,CommonStockEquity,CurrentAssets,CurrentLiability,TotalLiability,Inventory,RetainedEarnings,MarketCap,EnterpriseValue,bookValuePerShare,currentRatio,debtToAssets,debtToEquity,roic,shareholdersEquityPerShare,roe,priceToSalesRatio,peRatio,pbRatio,payoutRatio,inventoryTurnover,dividendYield,assetTurnover,quickRatio,returnOnAssets,priceToFreeCashFlowsRatio,grossProfitMargin,epsdilutedGrowth,fiveYNetIncomeGrowthPerShare,fiveYRevenueGrowthPerShare,fiveYShareholdersEquityGrowthPerShare,grossProfitGrowth,netIncomeGrowth,operatingIncomeGrowth,threeYNetIncomeGrowthPerShare,threeYRevenueGrowthPerShare,threeYShareholdersEquityGrowthPerShare,Industry,Sector,Symbol
2021Q4,2021,Q4,2021-12-31,2021-12-31,65800000.0,739150000.0,89675000.0,0.18,592650000.0,0.8017993641,4323100000.0,1264400000.0,1343600000.0,1389600000.0,3059200000.0,135700000.0,3166600000.0,11048080001.105244,12318680001.105244,3.402400301383133,0.9668969487622338,0.4469940551918762,1.5283138247390067,0.021266803912157864,3.402400301383133,0.05204049351471053,14.947006698376843,41.97598784614454,8.737804493123413,0.5269756838905775,1.079587324981577,0.003138554391037278,0.17097684531933102,0.4774035693724813,0.015220559320857719,109.57679148133145,0.8017993641344788,0.02127659574468087,0.544197209956889,0.3401239014087019,2.4458030783835834,0.0,0.0,-0.023148148148148147,3.6477778047932268,0.1850134689605324,0.5055273816165886,Specialty Business Services,Industrials,RTO
2021Q3,2021,Q3,,2021-09-30,65800000.0,739150000.0,91800000.0,0.17625,592650000.0,0.8017993641344788,1080775000.0,315975000.0,335900000.0,347400000.0,764800000.0,33925000.0,791650000.0,10992273612.835659,11309923612.835659,0.8502637102416447,0.9668969487622338,0.29055538849436746,0.9938286256824116,0.11796985542909874,0.8502637102416447,0.20824432312682967,14.8715059363264,41.763957495576214,34.78842823905581,0.5269756838905775,4.318349299926308,0.003154488436269459,0.6839073812773241,0.4774035693724813,0.060882237283430875,109.02329395324234,0.8017993641344788,0.0,0.544197209956889,0.3401239014087019,2.4434855223759206,0.0,0.0,0.0,3.6477778047932268,0.1850134689605324,0.5042090255074861,Specialty Business Services,Industrials,RTO
2021Q2,2021,Q2,2021-06-30,2021-06-30,65800000.0,739150000.0,91800000.0,0.17625,592650000.0,0.8017993641344788,5126700000.0,1135800000.0,2388200000.0,2331000000.0,3991300000.0,130900000.0,3046700000.0,9471785117.718,10743085117.718,3.0563478822453045,1.0245388245388245,0.552733727348977,2.494893467159711,0.01778695407819553,3.0563478822453045,0.05793273463637964,12.814428894971252,35.98702552324468,8.339307199963022,0.5269756838905775,1.1191749427043545,0.003660872746694459,0.14417656582206878,0.7441012441012441,0.012834767004115708,93.9428228883511,0.8017993641344788,0.0,0.544197209956889,0.3401239014087019,2.5177379344342423,0.0,0.0,0.0,3.6477778047932268,0.1850134689605324,0.09247674641624047,Specialty Business Services,Industrials,RTO
2021Q1,2021,Q1,,2021-03-31,65800000.0,739150000.0,91800000.0,0.17625,592650000.0,0.8017993641344788,1080775000.0,315975000.0,335900000.0,347400000.0,764800000.0,33925000.0,791650000.0,9186357479.806936,9504007479.806936,0.8502637102416447,0.9668969487622338,0.29055538849436746,0.9938286256824116,0.11796985542909874,0.8502637102416447,0.20824432312682967,12.428272312530524,34.90257401142453,29.073051601572708,0.5269756838905775,4.318349299926308,0.0037746190561624804,0.6839073812773241,0.4774035693724813,0.060882237283430875,91.1119016097886,0.8017993641344788,0.4128256513026051,0.544197209956889,0.3401239014087019,2.4434855223759206,0.06793404811244257,0.41581495427649273,0.16682554814108674,3.6477778047932268,0.1850134689605324,0.5042090255074861,Specialty Business Services,Industrials,RTO
2020Q4,2020,Q4,2020-12-31,2020-12-31,46475000.0,705875000.0,78675000.0,0.12475,554950000.0,0.7861873561182929,5838200000.0,1129700000.0,3093900000.0,2957900000.0,4707600000.0,131300000.0,3030600000.0,9680220789.92734,10853320789.92734,3.0479710770559034,1.045978565874438,0.582148607447501,3.0084978312826416,0.013447935396852913,3.0479710770559034,0.04113924050632911,13.71378897103218,52.07219359831812,8.568841984533362,0.0,1.1494668697638994,0.0,0.12090627248124422,0.8106426856891714,0.007960501524442465,98.85341628723349,0.7861873561182929,0.0,0.46813643561292706,0.5757238497286994,4.223616564653886,0.0,0.0,0.0,-0.7304419430106552,0.15883849963519306,0.19790453725654322,Specialty Business Services,Industrials,RTO
2020Q3,2020,Q3,,2020-09-30,46475000.0,705875000.0,78675000.0,0.12475,554950000.0,0.7861873561182929,1459550000.0,282650000.0,773475000.0,739475000.0,1176900000.0,32825000.0,757650000.0,10056189489.4059,10349464489.4059,0.7625998273257069,1.045978565874438,0.22911171251413107,1.1830886255085795,0.10336636057650705,0.7625998273257069,0.16442596851229435,14.246416843500477,54.09461801724528,35.57823983515266,0.0,4.597867479055598,0.0,0.4836250899249769,0.8106426856891714,0.03184200609776986,102.69276986883736,0.7861873561182929,0.0,0.46813643561292706,0.5757238497286994,4.232707612903068,0.0,0.0,0.0,-0.7304419430106552,0.15883849963519306,0.19847380143657983,Specialty Business Services,Industrials,RTO
2020Q2,2020,Q2,2020-06-30,2020-06-30,46475000.0,705875000.0,78675000.0,0.12475,554950000.0,0.7861873561182929,4302100000.0,1072500000.0,1725700000.0,1649600000.0,3228900000.0,148600000.0,2897000000.0,9616716469.784437,10659416469.784437,2.8936434275847183,1.0461323957322988,0.4686780874456661,1.88,0.019287031386070057,2.8936434275847183,0.043333333333333335,13.623823580356914,51.73058886382161,8.966635403062414,0.0,1.0156460296096905,0.0,0.1640768461913949,0.5918404461687682,0.010802863717719253,98.2049167197798,0.7861873561182929,0.0,0.46813643561292706,0.5757238497286994,6.440446817614303,0.0,0.0,0.0,-0.7304419430106552,0.15883849963519306,0.27320310813727594,Specialty Business Services,Industrials,RTO
2020Q1,2020,Q1,,2020-03-31,46475000.0,705875000.0,78675000.0,0.12475,554950000.0,0.7861873561182929,1459550000.0,282650000.0,773475000.0,739475000.0,1176900000.0,32825000.0,757650000.0,7214406455.060791,7507681455.060791,0.7625998273257069,1.045978565874438,0.22911171251413107,1.1830886255085795,0.10336636057650705,0.7625998273257069,0.16442596851229435,10.220515608373708,38.80799599279607,25.524169308546934,0.0,4.597867479055598,0.0,0.4836250899249769,0.8106426856891714,0.03184200609776986,73.6727746240571,0.7861873561182929,-0.3451443569553806,0.46813643561292706,0.5757238497286994,4.232707612903068,0.03308977521291944,-0.3442680776014109,0.07442813246841926,-0.7304419430106552,0.15883849963519306,0.19847380143657983,Specialty Business Services,Industrials,RTO
2019Q4,2019,Q4,2019-12-31,2019-12-31,70875000.0,678600000.0,73225000.0,0.1905,537175000.0,0.7915929855585028,3394400000.0,1001700000.0,925700000.0,915800000.0,2392100000.0,106500000.0,2844100000.0,8530742964.568118,9636342964.56812,2.708761492698756,1.0108102205721774,0.40083667216592034,1.3582909054607168,0.023804647582479327,2.708761492698756,0.07075471698113207,12.571091901809782,30.090804107824052,8.51626531353511,0.30264550264550266,1.3279342723004695,0.0025144351540177883,0.19991751119490928,0.28030137584625464,0.020879978788592976,116.85949266531668,0.7915929855585028,0.0,0.06420510580947071,0.5323814492332899,8.824531952860099,0.0,0.0,0.0,0.6714835772462727,0.2363982999572768,1.7433158545024559,Specialty Business Services,Industrials,RTO
2019Q3,2019,Q3,,2019-09-30,70875000.0,678600000.0,73225000.0,0.1905,537175000.0,0.7915929855585028,848600000.0,250575000.0,231425000.0,228950000.0,598025000.0,26625000.0,711025000.0,8767774880.291159,9044174880.291159,0.6775959978366685,1.0108102205721774,0.3120728258307801,1.0568692008380725,0.11911561139932904,0.6775959978366685,0.2828494462735708,12.92038738622334,30.926895521309206,34.99062109265154,0.30264550264550266,5.311737089201878,0.0024464587985963083,0.7996700447796371,0.28030137584625464,0.0835199151543719,120.10650520946793,0.7915929855585028,0.0,0.06420510580947071,0.5323814492332899,8.850077501352082,0.0,0.0,0.0,0.6714835772462727,0.2363982999572768,1.744198041696161,Specialty Business Services,Industrials,RTO
2019Q2,2019,Q2,2019-06-30,2019-06-30,70875000.0,678600000.0,73225000.0,0.1905,537175000.0,0.7915929855585028,3749700000.0,858400000.0,1127900000.0,1363600000.0,2891000000.0,116100000.0,2659500000.0,7447546863.592972,8867746863.592972,2.321254732287723,0.8271487239659724,0.49859988799103927,2.178005591798695,0.02086182755036502,2.321254732287723,0.08256640260950605,10.974870120237211,26.270006573520185,8.676079757214552,0.30264550264550266,1.2181309216192937,0.0028801430045183665,0.18097447795823665,0.33176884716925786,0.018901512120969678,102.02118991223249,0.7915929855585028,0.0,0.06420510580947071,0.5323814492332899,19.25953235515161,0.0,0.0,0.0,0.6714835772462727,0.2363982999572768,1.6716742144074266,Specialty Business Services,Industrials,RTO
2019Q1,2019,Q1,,2019-03-31,70875000.0,678600000.0,73225000.0,0.1905,537175000.0,0.7915929855585028,848600000.0,250575000.0,231425000.0,228950000.0,598025000.0,26625000.0,711025000.0,6703812427.8,6980212427.8,0.6775959978366685,1.0108102205721774,0.3120728258307801,1.0568692008380725,0.11911561139932904,0.6775959978366685,0.2828494462735708,9.878886572060123,23.646604683597882,26.753716164022748,0.30264550264550266,5.311737089201878,0.003199671862990844,0.7996700447796371,0.28030137584625464,0.0835199151543719,91.83304695616438,0.7915929855585028,3.8485981308411215,0.06420510580947071,0.5323814492332899,8.850077501352082,0.09605182615792696,3.8781725888324874,0.0635439360929557,0.6714835772462727,0.2363982999572768,1.744198041696161,Specialty Business Services,Industrials,RTO
2018Q4,2018,Q4,2018-12-31,2018-12-31,-24625000.0,618075000.0,68850000.0,-0.066875,490100000.0,0.7929458399061603,3081500000.0,832200000.0,741500000.0,838800000.0,2248900000.0,103200000.0,2631200000.0,6257432065.23954,7438132065.23954,2.259939170106452,0.884000953743443,0.41070907025799125,1.520788272049988,0.028275333559660054,2.259939170106452,-0.029590242730112952,10.12406595516651,-63.527229088726294,7.519144514827614,-0.7532994923857868,1.2400678294573644,0.0029644748527189783,0.20057601817296772,0.10419647114926085,-0.00799123803342528,129.35260083182513,0.7929458399061603,0.0,-3.592285466000435,0.04848925673043212,4.538591526066725,0.0,0.0,0.0,-1.7829690280342894,0.38872038491840555,2.873086517435382,Specialty Business Services,Industrials,RTO
2018Q3,2018,Q3,,2018-09-30,-24625000.0,618075000.0,68850000.0,-0.066875,490100000.0,0.7929458399061603,770375000.0,208150000.0,185375000.0,209700000.0,562225000.0,25800000.0,657800000.0,6214341977.496,6509516977.496,0.5652563545513796,0.884000953743443,0.3731624208989129,1.38109536392025,0.11967918232828219,0.5652563545513796,-0.11830410761470093,10.054349354845286,-63.08976626899492,29.85511399229402,-0.7532994923857868,4.9602713178294575,0.002985030445246677,0.8023040726918709,0.10419647114926085,-0.03196495213370112,128.461849664,0.7929458399061603,0.0,-3.592285466000435,0.04848925673043212,4.5418183512252135,0.0,0.0,0.0,-1.7829690280342894,0.38872038491840555,2.8786020186699472,Specialty Business Services,Industrials,RTO
2018Q2,2018,Q2,2018-06-30,2018-06-30,-24625000.0,618075000.0,68850000.0,-0.066875,490100000.0,0.7929458399061603,3284400000.0,1030200000.0,772800000.0,739900000.0,2253800000.0,100400000.0,2847300000.0,6618390408.4,7705190408.4,2.7976319791440365,1.044465468306528,0.38003897211058335,1.211609396233741,0.025646832731518014,2.7976319791440365,-0.023903125606678316,10.708070069813534,-67.19178079593908,6.4243743044069115,-0.7532994923857868,1.2746513944223108,0.0028027962775445388,0.18818505663134819,0.22002973374780377,-0.00749756424308854,136.81427200826872,0.7929458399061603,0.0,-3.592285466000435,0.04848925673043212,6.3036797801801026,0.0,0.0,0.0,-1.7829690280342894,0.38872038491840555,6.193571867786334,Specialty Business Services,Industrials,RTO
2018Q1,2018,Q1,,2018-03-31,-24625000.0,618075000.0,68850000.0,-0.066875,490100000.0,0.7929458399061603,770375000.0,208150000.0,185375000.0,209700000.0,562225000.0,25800000.0,657800000.0,5128816271.26179,5423991271.26179,0.5652563545513796,0.884000953743443,0.3731624208989129,1.38109536392025,0.11967918232828219,0.5652563545513796,-0.11830410761470093,8.298048410406166,-52.06920072346995,24.64000130320341,-0.7532994923857868,4.9602713178294575,0.0036168189732084773,0.8023040726918709,0.10419647114926085,-0.03196495213370112,106.02204178318947,0.7929458399061603,-1.1449864498644986,-3.592285466000435,0.04848925673043212,4.5418183512252135,0.01119306751947181,-1.1442589338019917,-0.10787172011661808,-1.7829690280342894,0.38872038491840555,2.8786020186699472,Specialty Business Services,Industrials,RTO
2017Q4,2017,Q4,2017-12-31,2017-12-31,170700000.0,603075000.0,77175000.0,0.46125,484675000.0,0.8036728433445259,3107700000.0,933700000.0,864100000.0,713800000.0,2173700000.0,84300000.0,2757100000.0,5922835216.873027,6847635216.873027,2.544419010246348,1.210563182964416,0.3973678282974547,1.3225875548891506,0.03406144333679765,2.544419010246348,0.18282103459355253,9.821059100233017,8.674333943867936,6.343402824111628,0.09417106033977739,1.4045077105575325,0.0027140717935568077,0.19405830678636934,0.43513589240683664,0.05492808186118351,127.09946817324092,0.8036728433445259,0.0,12.154449768801868,-0.0618678053669071,6.93447355547701,0.0,0.0,0.0,1.58293791385393,0.37237417097571934,8.228470625785707,Specialty Business Services,Industrials,RTO
2017Q3,2017,Q3,,2017-09-30,170700000.0,603075000.0,77175000.0,0.46125,484675000.0,0.8036728433445259,776925000.0,233500000.0,216025000.0,178450000.0,543425000.0,21075000.0,689275000.0,5620438733.448,5851638733.448,0.6363091345105734,1.210563182964416,0.3754866943398655,1.249357601713062,0.14063619595445642,0.6363091345105734,0.7310492505353319,9.319634760930233,8.23145684453427,24.070401428042825,0.09417106033977739,5.61803084223013,0.00286009700707802,0.7762332271454774,0.43513589240683664,0.21971232744473404,120.61027324995707,0.8036728433445259,0.0,12.154449768801868,-0.0618678053669071,7.203139189763974,0.0,0.0,0.0,1.58293791385393,0.37237417097571934,8.249898626553302,Specialty Business Services,Industrials,RTO
2017Q2,2017,Q2,2017-06-30,2017-06-30,170700000.0,603075000.0,77175000.0,0.46125,484675000.0,0.8036728433445259,3239600000.0,834000000.0,1098400000.0,1011100000.0,2405400000.0,88700000.0,2630800000.0,5130206876.602447,6149706876.602447,2.272727272727273,1.08634160814954,0.46888504753673294,1.8213429256594724,0.030876414337741662,2.272727272727273,0.20467625899280575,8.506747712311812,7.513484002053964,6.151327190170798,0.09417106033977739,1.334836527621195,0.003133401904962924,0.18615724163476974,0.4971812877064583,0.05269169033213977,110.09027632194092,0.8036728433445259,0.0,12.154449768801868,-0.0618678053669071,5.711144531452575,0.0,0.0,0.0,1.58293791385393,0.37237417097571934,18.877804014167655,Specialty Business Services,Industrials,RTO
2017Q1,2017,Q1,,2017-03-31,170700000.0,603075000.0,77175000.0,0.46125,484675000.0,0.8036728433445259,776925000.0,233500000.0,216025000.0,178450000.0,543425000.0,21075000.0,689275000.0,4569916250.592,4801116250.592,0.6363091345105734,1.210563182964416,0.3754866943398655,1.249357601713062,0.14063619595445642,0.6363091345105734,0.7310492505353319,7.577691415813954,6.692906049490333,19.57137580553319,0.09417106033977739,5.61803084223013,0.0035175699331289932,0.7762332271454774,0.43513589240683664,0.21971232744473404,98.06687233030043,0.8036728433445259,3.050493962678375,12.154449768801868,-0.0618678053669071,7.203139189763974,0.08132076524067154,3.0764179104477614,0.24025713137806348,1.58293791385393,0.37237417097571934,8.249898626553302,Specialty Business Services,Industrials,RTO
2016Q4,2016,Q4,2016-12-31,2016-12-31,41875000.0,542025000.0,62225000.0,0.113875,448225000.0,0.8269452516027859,2542800000.0,360600000.0,823400000.0,679600000.0,2182100000.0,80000000.0,2099000000.0,4056776723.9999995,5234376724.0,0.9874041621029573,1.2115950559152442,0.5261129463583452,3.7099278979478645,0.02948565782324682,0.9874041621029573,0.11612590127565169,7.484482678843226,24.219562531343282,11.25007410981697,0.33134328358208953,1.1725,0.003420203019287487,0.21316068900424728,0.2498528546203649,0.01646806669812805,104.48877589182227,0.8269452516027859,0.0,3.3860473850534523,-0.15392663686227048,4.263744295155263,0.0,0.0,0.0,3.4448959474260685,-0.07286640438251664,2.546068162824027,Specialty Business Services,Industrials,RTO
2016Q3,2016,Q3,,2016-09-30,41875000.0,542025000.0,62225000.0,0.113875,448225000.0,0.8269452516027859,635700000.0,90175000.0,205850000.0,169900000.0,545525000.0,20000000.0,524750000.0,4169386144.0,4463786144.0,0.24691949616648412,1.2115950559152442,0.495674060091238,3.494316606598281,0.12356656898896404,0.24691949616648412,0.46437482672581093,7.692239553526129,24.891857576119403,46.236608195176046,0.33134328358208953,4.69,0.003327828011316958,0.8526427560169891,0.2498528546203649,0.0658722667925122,107.38921169349646,0.8269452516027859,0.0,3.3860473850534523,-0.15392663686227048,4.436967727829832,0.0,0.0,0.0,3.4448959474260685,-0.07286640438251664,2.5471635051176493,Specialty Business Services,Industrials,RTO
2016Q2,2016,Q2,2016-06-30,2016-06-30,41875000.0,542025000.0,62225000.0,0.113875,448225000.0,0.8269452516027859,2456500000.0,317300000.0,593100000.0,788700000.0,2139000000.0,68800000.0,2062500000.0,3528521534.1200004,4670521534.120001,0.8688389923329682,0.7519969570178775,0.5124771015672706,3.9675386069965333,0.031081455590244788,0.8688389923329682,0.1319728963126379,6.50988706078133,21.065800203701492,11.120458664103372,0.33134328358208953,1.3633720930232558,0.003932241837220464,0.2206492977813963,0.15443134271586154,0.017046611031956035,90.88271820012879,0.8269452516027859,0.0,3.3860473850534523,-0.15392663686227048,4.302316757022371,0.0,0.0,0.0,3.4448959474260685,-0.07286640438251664,2.6471229347608105,Specialty Business Services,Industrials,RTO
2016Q1,2016,Q1,,2016-03-31,41875000.0,542025000.0,62225000.0,0.113875,448225000.0,0.8269452516027859,635700000.0,90175000.0,205850000.0,169900000.0,545525000.0,20000000.0,524750000.0,3219465154.3999996,3513865154.3999996,0.24691949616648412,1.2115950559152442,0.495674060091238,3.494316606598281,0.12356656898896404,0.24691949616648412,0.46437482672581093,5.939698638254693,19.22068748895522,35.70241368893817,0.33134328358208953,4.69,0.004309722060832751,0.8526427560169891,0.2498528546203649,0.0658722667925122,82.92247661043142,0.8269452516027859,0.33773861967694563,3.3860473850534523,-0.15392663686227048,4.436967727829832,0.23563059958649207,0.3475462590506838,0.23769269020387868,3.4448959474260685,-0.07286640438251664,2.5471635051176493,Specialty Business Services,Industrials,RTO
2015Q4,2015,Q4,2015-12-31,2015-12-31,31075000.0,439750000.0,50275000.0,0.085125,362750000.0,0.8249005116543491,2160800000.0,212300000.0,598700000.0,852600000.0,1948700000.0,55700000.0,1956100000.0,2930292772.7999997,4025692772.7999997,0.5834982409850483,0.7022050199390101,0.5544242873009997,5.6429580781912385,0.0278685631363504,0.5834982409850483,0.14637305699481865,6.663542405457646,23.574358590506836,13.8026037343382,0.3934030571198713,1.3824057450628366,0.004171938078500795,0.20351258793039614,0.23680506685432795,0.014381247686042207,79.3579627027759,0.8249005116543491,0.0,6.277510448849498,-0.2999837855671644,2.5543326761332,0.0,0.0,0.0,1.415230515658313,-0.31006711291749284,2.3609216354887477,Specialty Business Services,Industrials,RTO
2015Q3,2015,Q3,,2015-09-30,31075000.0,439750000.0,50275000.0,0.085125,362750000.0,0.8249005116543491,540200000.0,53025000.0,149675000.0,213150000.0,487175000.0,13925000.0,489025000.0,2709988307.7119994,2983838307.7119994,0.14573713720316622,0.7022050199390101,0.40049981488337655,4.08015087223008,0.14590453676545695,0.14573713720316622,0.586044318717586,6.162565793546332,21.801997648527752,51.10774743445544,0.3934030571198713,5.529622980251347,0.004511089573785421,0.8140503517215846,0.23680506685432795,0.05752499074416883,73.39169418312795,0.8249005116543491,0.0,6.277510448849498,-0.2999837855671644,2.683100969846662,0.0,0.0,0.0,1.415230515658313,-0.31006711291749284,2.420736711385286,Specialty Business Services,Industrials,RTO
2015Q2,2015,Q2,2015-06-30,2015-06-30,31075000.0,439750000.0,50275000.0,0.085125,362750000.0,0.8249005116543491,1772200000.0,141500000.0,645200000.0,791600000.0,1630600000.0,58500000.0,1876800000.0,2800653961.152,3616453961.152,0.3889072119613017,0.8150581101566448,0.5550727908813904,6.9519434628975265,0.03418249660044787,0.3889072119613017,0.2196113074204947,6.368741241960205,22.531407571617056,19.792607499307422,0.3934030571198713,1.3162393162393162,0.004365051937716525,0.2481379076853628,0.33653360282971195,0.017534702629500055,75.84709441169939,0.8249005116543491,0.0,6.277510448849498,-0.2999837855671644,2.931073887084771,0.0,0.0,0.0,1.415230515658313,-0.31006711291749284,1.8061671573445397,Specialty Business Services,Industrials,RTO
2015Q1,2015,Q1,,2015-03-31,31075000.0,439750000.0,50275000.0,0.085125,362750000.0,0.8249005116543491,540200000.0,53025000.0,149675000.0,213150000.0,487175000.0,13925000.0,489025000.0,2471789827.5839996,2745639827.5839996,0.14573713720316622,0.7022050199390101,0.40049981488337655,4.08015087223008,0.14590453676545695,0.14573713720316622,0.586044318717586,5.620897845557702,19.88567841982301,46.615555447128706,0.3934030571198713,5.529622980251347,0.00494580884813701,0.8140503517215846,0.23680506685432795,0.05752499074416883,66.9408213292891,0.8249005116543491,-0.5267546907574705,6.277510448849498,-0.2999837855671644,2.683100969846662,-0.08540813110620864,-0.5252100840336135,-0.06334420121099209,1.415230515658313,-0.31006711291749284,2.420736711385286,Specialty Business Services,Industrials,RTO
2014Q4,2014,Q4,2014-12-31,2014-12-31,65450000.0,435200000.0,53675000.0,0.179875,396625000.0,0.9113625919117647,1788400000.0,100200000.0,628500000.0,516100000.0,1688400000.0,58900000.0,1847200000.0,2167047112.0499997,2977147112.0499997,0.2757140498596665,1.2177872505328424,0.5631849698054127,10.05189620758483,0.036675934246620474,0.2757140498596665,0.6531936127744511,4.979428106732536,8.277490878724217,21.627216687125745,0.1650114591291062,0.6549235993208828,0.00498374028877634,0.24334600760456274,0.48149583414067043,0.036596958174904944,104.31033030324909,0.9113625919117647,0.0,4.470640030818337,-0.315826101293981,1.625251660873728,0.0,0.0,0.0,4.747622518325232,-0.3173477345696002,1.9113392386427996,Specialty Business Services,Industrials,RTO
2014Q3,2014,Q3,,2014-09-30,65450000.0,435200000.0,53675000.0,0.179875,396625000.0,0.9113625919117647,447100000.0,25000000.0,157125000.0,129025000.0,422100000.0,14725000.0,461800000.0,2119501600.2900004,2322026600.2900004,0.06879093060370921,1.2177872505328424,0.5372399910534557,9.608,0.15638441344675127,0.06879093060370921,2.618,4.870178309489891,8.095880826165013,84.78006401160002,0.1650114591291062,2.6196943972835314,0.005095537553980753,0.973384030418251,0.48149583414067043,0.14638783269961977,102.0217376794224,0.9113625919117647,0.0,4.470640030818337,-0.315826101293981,1.6626661051200213,0.0,0.0,0.0,4.747622518325232,-0.3173477345696002,1.9575275023763898,Specialty Business Services,Industrials,RTO
2014Q2,2014,Q2,2014-06-30,2014-06-30,65450000.0,435200000.0,53675000.0,0.179875,396625000.0,0.9113625919117647,1633100000.0,-46200000.0,572900000.0,510800000.0,1679100000.0,64000000.0,1710300000.0,2042428976.7120001,2957328976.712,-0.1271256397556546,1.1215740015661708,0.6320494764558202,-22.341991341991342,0.04113175289703306,-0.1271256397556546,-1.4166666666666667,4.693081288400736,7.801485778120704,-44.208419409350654,0.1650114591291062,0.602734375,0.005287821570856459,0.26648704917028965,0.32870007830853565,0.04007715387912559,98.31186410166066,0.9113625919117647,0.0,4.470640030818337,-0.315826101293981,0.793560753554025,0.0,0.0,0.0,4.747622518325232,-0.3173477345696002,0.5168159646184449,Specialty Business Services,Industrials,RTO
2014Q1,2014,Q1,,2014-03-31,65450000.0,435200000.0,53675000.0,0.179875,396625000.0,0.9113625919117647,447100000.0,25000000.0,157125000.0,129025000.0,422100000.0,14725000.0,461800000.0,2222504495.262,2425029495.262,0.06879093060370921,1.2177872505328424,0.5372399910534557,9.608,0.15638441344675127,0.06879093060370921,2.618,5.1068577556571695,8.4893219834301,88.90017981048,0.1650114591291062,2.6196943972835314,0.0048593827472672175,0.973384030418251,0.48149583414067043,0.14638783269961977,106.97975909805055,0.9113625919117647,5.985436893203884,4.470640030818337,-0.315826101293981,1.6626661051200213,-0.22605980779550222,5.981333333333334,-0.1497029702970297,4.747622518325232,-0.3173477345696002,1.9575275023763898,Specialty Business Services,Industrials,RTO
2013Q4,2013,Q4,2013-12-31,2013-12-31,9375000.0,581775000.0,63125000.0,0.02575,512475000.0,0.8808817841949207,1994000000.0,-232100000.0,926100000.0,1041300000.0,2226000000.0,63800000.0,1533100000.0,2081368121.3999996,3404268121.3999996,-0.6386549997248363,0.8893690579083837,0.7355566700100301,-6.319258940112021,0.03740150190710629,-0.6386549997248363,-0.04039207238259371,3.5776169849168484,55.503149904,-8.967548993537267,1.0293333333333334,1.0862068965517242,0.004636373499133387,0.2917627883650953,0.4185153173917219,0.00470160481444333,433.6183586249999,0.8808817841949207,0.0,0.9840328931884683,-0.03951303783126783,-2.25614963752516,0.0,0.0,0.0,2.594009332989026,-0.07283095127962039,-0.7012602011830052,Specialty Business Services,Industrials,RTO
2013Q3,2013,Q3,,2013-09-30,9375000.0,581775000.0,63125000.0,0.02575,512475000.0,0.8808817841949207,498500000.0,-58000000.0,231525000.0,260325000.0,556500000.0,15950000.0,383275000.0,1999626604.7399998,2330351604.74,-0.15959495900060536,0.8893690579083837,0.5059177532597794,-4.348275862068966,0.24180013205134887,-0.15959495900060536,-0.16163793103448276,3.4371133251514756,53.3233761264,-34.47632077137931,1.0293333333333334,4.344827586206897,0.004825900984276379,1.1670511534603811,0.4185153173917219,0.01880641925777332,416.58887598749993,0.8808817841949207,0.0,0.9840328931884683,-0.03951303783126783,-2.72797323292658,0.0,0.0,0.0,2.594009332989026,-0.07283095127962039,-0.843143315640218,Specialty Business Services,Industrials,RTO
2013Q2,2013,Q2,2013-06-30,2013-06-30,9375000.0,581775000.0,63125000.0,0.02575,512475000.0,0.8808817841949207,1837300000.0,-191700000.0,650400000.0,1078600000.0,2023700000.0,63900000.0,1548500000.0,1647993732.6780002,2772193732.6780005,-0.5274888558692422,0.6030038939365845,0.6787677570347793,-6.50547730829421,0.04356395365467293,-0.5274888558692422,-0.04890453834115806,2.8326994674539128,43.946499538080005,-8.596733086478874,1.0293333333333334,1.0845070422535212,0.005855604793058702,0.31664670984596965,0.11589096977563508,0.005102596200947042,343.33202764125,0.8808817841949207,0.0,0.9840328931884683,-0.03951303783126783,-14.889722634967805,0.0,0.0,0.0,2.594009332989026,-0.07283095127962039,-1.6191850497199682,Specialty Business Services,Industrials,RTO
2013Q1,2013,Q1,,2013-03-31,9375000.0,581775000.0,63125000.0,0.02575,512475000.0,0.8808817841949207,498500000.0,-58000000.0,231525000.0,260325000.0,556500000.0,15950000.0,383275000.0,1808696639.3399997,2139421639.3399997,-0.15959495900060536,0.8893690579083837,0.5059177532597794,-4.348275862068966,0.24180013205134887,-0.15959495900060536,-0.16163793103448276,3.108928089622276,48.231910382399995,-31.184424816206892,1.0293333333333334,4.344827586206897,0.005335333626495443,1.1670511534603811,0.4185153173917219,0.01880641925777332,376.8117998624999,0.8808817841949207,-0.2695035460992907,0.9840328931884683,-0.03951303783126783,-2.72797323292658,-0.19494953461885875,-0.2704280155642023,0.7318244170096022,2.594009332989026,-0.07283095127962039,-0.843143315640218,Specialty Business Services,Industrials,RTO
2012Q4,2012,Q4,2012-12-31,2012-12-31,12850000.0,636575000.0,36450000.0,0.03525,636575000.0,1.0,1947000000.0,-155800000.0,695900000.0,754800000.0,2096100000.0,54000000.0,1576300000.0,1761105544.66,2822405544.66,-0.42875227035059715,0.9219660837307896,0.6225988700564972,-7.780487804878049,0.022010842338534696,-0.42875227035059715,-0.0824775353016688,2.7665326861092567,34.26275378715953,-11.303629940051348,0.7042801556420234,0.0,0.005138817504403008,0.3269517205957884,0.2012453630100689,0.006599897277863379,117.79970198394649,1.0,0.0,-0.9221002780142997,0.14945352893868236,-4.04456229067819,0.0,0.0,0.0,0.07418583042221234,0.0008638360472456633,0.027695290549975767,Specialty Business Services,Industrials,RTO
2012Q3,2012,Q3,,2012-09-30,12850000.0,636575000.0,36450000.0,0.03525,636575000.0,1.0,486750000.0,-37275000.0,173975000.0,188700000.0,524025000.0,13500000.0,394075000.0,1498215740.0,1763540740.0,-0.10257856789036271,0.9219660837307896,0.5694915254237288,-7.436619718309859,0.09864857253986187,-0.10257856789036271,-0.34473507712944335,2.353557302753014,29.148166147859925,-40.19358122065728,0.7042801556420234,0.0,0.006040518570442999,1.3078068823831537,0.2012453630100689,0.026399589111453518,100.21509966555183,1.0,0.0,-0.9221002780142997,0.14945352893868236,-3.5438077240681096,0.0,0.0,0.0,0.07418583042221234,0.0008638360472456633,0.011856076721963761,Specialty Business Services,Industrials,RTO
2012Q2,2012,Q2,2012-06-30,2012-06-30,12850000.0,636575000.0,36450000.0,0.03525,636575000.0,1.0,1719000000.0,-175300000.0,622800000.0,674200000.0,1888300000.0,52500000.0,1549100000.0,1301941120.3199997,2261941120.3199997,-0.48241510264736637,0.92376149510531,0.6154159394997092,-6.034797490017113,0.026265962453253088,-0.48241510264736637,-0.0733029092983457,2.0452281668617203,25.329593780544744,-7.42693166183685,0.7042801556420234,0.0,0.006951159202787628,0.3703170447934846,0.14669237614951053,0.007475276323443862,87.08636256321068,1.0,0.0,-0.9221002780142997,0.14945352893868236,0.6925337423719553,0.0,0.0,0.0,0.07418583042221234,0.0008638360472456633,0.21660641821666674,Specialty Business Services,Industrials,RTO
2012Q1,2012,Q1,,2012-03-31,12850000.0,636575000.0,36450000.0,0.03525,636575000.0,1.0,486750000.0,-37275000.0,173975000.0,188700000.0,524025000.0,13500000.0,394075000.0,1527826122.68,1793151122.68,-0.10257856789036271,0.9219660837307896,0.5694915254237288,-7.436619718309859,0.09864857253986187,-0.10257856789036271,-0.34473507712944335,2.4000724544319207,29.724243631906617,-40.987957684238765,0.7042801556420234,0.0,0.005923448922397764,1.3078068823831537,0.2012453630100689,0.026399589111453518,102.19572726956523,1.0,1.7343749999999998,-0.9221002780142997,0.14945352893868236,-3.5438077240681096,0.0,1.7374461979913918,-0.18501956400223588,0.07418583042221234,0.0008638360472456633,0.011856076721963761,Specialty Business Services,Industrials,RTO
2011Q4,2011,Q4,2011-12-31,2011-12-31,-17425000.0,636075000.0,44725000.0,-0.048,0.0,0.0,1798900000.0,-109700000.0,581900000.0,710100000.0,1903100000.0,49600000.0,1616200000.0,1117253998.0,2036253998.0,-0.30253723110865965,0.8194620475989297,0.5608427372283061,-9.19690063810392,0.06608839320319933,-0.30253723110865965,0.15884229717411122,1.7564815438431003,-16.02946912482066,-10.184630793072015,0.0,0.0,0.0,0.35359108343987994,0.1295592170116885,-0.00968647506809717,74.98348979865771,0.0,0.0,-1.2833541832492699,0.37542216263616934,0.7975801822230394,0.0,0.0,0.0,-4.695995235356938,0.05250888348112293,-0.5424704979006811,Specialty Business Services,Industrials,RTO
2011Q3,2011,Q3,,2011-09-30,-17425000.0,636075000.0,44725000.0,-0.048,0.0,0.0,449725000.0,-26050000.0,145475000.0,177525000.0,475775000.0,12400000.0,404050000.0,1273797120.4,1503547120.4,-0.07184225041367899,0.8194620475989297,0.5294902440380233,-9.141074856046066,0.28021541043648157,-0.07184225041367899,0.6689059500959693,2.0025895065833432,-18.275424969870876,-48.89816201151631,0.0,0.0,0.0,1.4143643337595198,0.1295592170116885,-0.03874590027238868,85.48973962416107,0.0,0.0,-1.2833541832492699,0.37542216263616934,0.8054227505662502,0.0,0.0,0.0,-4.695995235356938,0.05250888348112293,-0.6781606901154559,Specialty Business Services,Industrials,RTO
2011Q2,2011,Q2,2011-06-30,2011-06-30,-17425000.0,636075000.0,44725000.0,-0.048,0.0,0.0,1895600000.0,-95400000.0,608500000.0,695600000.0,1984400000.0,49700000.0,1634600000.0,1700277087.6,2724877087.6,-0.26309983452840596,0.874784358826912,0.5938489132728424,-11.79979035639413,0.05692756314619871,-0.26309983452840596,0.18265199161425577,2.6730764258931727,-24.39421933428981,-17.822610981132076,0.0,0.0,0.0,0.33555338679046215,0.14836112708453134,-0.009192340156151087,114.11255621476509,0.0,0.0,-1.2833541832492699,0.37542216263616934,0.833173095445572,0.0,0.0,0.0,-4.695995235356938,0.05250888348112293,-6.9254440154440156,Specialty Business Services,Industrials,RTO
2011Q1,2011,Q1,,2011-03-31,-17425000.0,636075000.0,44725000.0,-0.048,0.0,0.0,449725000.0,-26050000.0,145475000.0,177525000.0,475775000.0,12400000.0,404050000.0,1638479169.6000001,1868229169.6000001,-0.07184225041367899,0.8194620475989297,0.5294902440380233,-9.141074856046066,0.28021541043648157,-0.07184225041367899,0.6689059500959693,2.575921345124396,-23.507592103299856,-62.89747292130518,0.0,0.0,0.0,1.4143643337595198,0.1295592170116885,-0.03874590027238868,109.96504493959732,0.0,-1.9767441860465116,-1.2833541832492699,0.37542216263616934,0.8054227505662502,-1.0,-1.9786324786324787,-0.06286013619696176,-4.695995235356938,0.05250888348112293,-0.6781606901154559,Specialty Business Services,Industrials,RTO
2010Q4,2010,Q4,2010-12-31,2010-12-31,-5850000.0,624125000.0,47725000.0,-0.016125,624125000.0,1.0,1801500000.0,-135700000.0,553600000.0,723000000.0,1926700000.0,44700000.0,1586800000.0,1753881837.7080002,2707481837.708,-0.3754011286931504,0.7656984785615492,0.5809603108520677,-7.712601326455417,-0.07335053244044351,-0.3754011286931504,0.043109801031687545,2.8101451435337474,-74.95221528666667,-12.924700351569639,0.0,0.0,0.0,0.3464474049403275,0.12987551867219918,-0.00324729392173189,54.132155484814824,1.0,0.0,-1.072634827168969,0.3215517272144803,0.7968463798908384,0.0,0.0,0.0,-1.035650480946405,0.13289631788083617,-3.665716777109082,Specialty Business Services,Industrials,RTO
2010Q3,2010,Q3,,2010-09-30,-5850000.0,624125000.0,47725000.0,-0.016125,624125000.0,1.0,450375000.0,-31300000.0,138400000.0,180750000.0,481675000.0,11175000.0,396700000.0,1850488416.0,2088888416.0,-0.08658846962487551,0.7656984785615492,0.5484318623369414,-7.891373801916933,-0.3097589244320816,-0.08658846962487551,0.1869009584664537,2.964932370919287,-79.08070153846154,-59.12103565495208,0.0,0.0,0.0,1.38578961976131,0.12987551867219918,-0.01298917568692756,57.11384,1.0,0.0,-1.072634827168969,0.3215517272144803,0.8105765643876434,0.0,0.0,0.0,-1.035650480946405,0.13289631788083617,-3.147275228899829,Specialty Business Services,Industrials,RTO
2010Q2,2010,Q2,2010-06-30,2010-06-30,-5850000.0,624125000.0,47725000.0,-0.016125,624125000.0,1.0,1959400000.0,-72800000.0,647900000.0,740600000.0,2022200000.0,49600000.0,1650600000.0,1893811794.0000002,2937311794.0,-0.2013942680092951,0.874831217931407,0.5990609370215372,-16.123626373626372,-0.05995065051592642,-0.2013942680092951,0.08035714285714286,3.0343469561385943,-80.93212794871796,-26.013898269230776,0.0,0.0,0.0,0.31852863121363684,0.1802592492573589,-0.002985607839134429,58.450981296296305,1.0,0.0,-1.072634827168969,0.3215517272144803,0.9147289105144681,0.0,0.0,0.0,-1.035650480946405,0.13289631788083617,0.8716417841134199,Specialty Business Services,Industrials,RTO
2010Q1,2010,Q1,,2010-03-31,-5850000.0,624125000.0,47725000.0,-0.016125,624125000.0,1.0,450375000.0,-31300000.0,138400000.0,180750000.0,481675000.0,11175000.0,396700000.0,2281829848.2000003,2520229848.2000003,-0.08658846962487551,0.7656984785615492,0.5484318623369414,-7.891373801916933,-0.3097589244320816,-0.08658846962487551,0.1869009584664537,3.656046221830563,-97.51409607692308,-72.9019120830671,0.0,0.0,0.0,1.38578961976131,0.12987551867219918,-0.01298917568692756,70.42684716666668,1.0,-1.4904942965779469,-1.072634827168969,0.3215517272144803,0.8105765643876434,-0.013553026710921448,-1.4915966386554622,0.12958579881656804,-1.035650480946405,0.13289631788083617,-3.147275228899829,Specialty Business Services,Industrials,RTO
2009Q4,2009,Q4,2009-12-31,2009-12-31,11900000.0,632700000.0,42250000.0,0.032875,632700000.0,1.0,2001000000.0,-159400000.0,601900000.0,805500000.0,2151100000.0,47300000.0,1593000000.0,2068271801.9600003,3176371801.96,-0.4409649219873852,0.74723774053383,0.6045977011494252,-7.5897114178168135,0.03025990099009901,-0.4409649219873852,-0.07465495608531995,3.2689612801643753,43.45108827647059,-12.97535634855709,0.0,0.0,0.0,0.31619190404797604,0.12911235257603973,0.005947026486756621,36.03260979024391,1.0,0.0,-0.7499446719043931,0.16042912688064917,0.7992251892787319,0.0,0.0,0.0,-0.8058902593070503,0.3723631623810446,0.7049618031221438,Specialty Business Services,Industrials,RTO
2009Q3,2009,Q3,,2009-09-30,11900000.0,632700000.0,42250000.0,0.032875,632700000.0,1.0,500250000.0,-37525000.0,150475000.0,201375000.0,537775000.0,11825000.0,398250000.0,2063515809.6,2340540809.6,-0.10380933938253846,0.74723774053383,0.5597701149425287,-7.4623584277148565,0.1310721649484536,-0.10380933938253846,-0.31712191872085277,3.2614443015647225,43.35117247058824,-54.990427970686206,0.0,0.0,0.0,1.2647676161919041,0.12911235257603973,0.023788105947026485,35.949752780487806,1.0,0.0,-0.7499446719043931,0.16042912688064917,0.8085035472084153,0.0,0.0,0.0,-0.8058902593070503,0.3723631623810446,0.7188432209976676,Specialty Business Services,Industrials,RTO
2009Q2,2009,Q2,2009-06-30,2009-06-30,11900000.0,632700000.0,42250000.0,0.032875,632700000.0,1.0,2046300000.0,-222600000.0,629300000.0,753400000.0,2259700000.0,49300000.0,1517400000.0,1620054459.072,2836954459.072,-0.6158017041053447,0.835280063711176,0.6433563016175536,-5.914195867026056,0.028632555625619314,-0.6158017041053447,-0.05345911949685535,2.560541266116643,34.034757543529416,-7.277872682264151,0.0,0.0,0.0,0.30919220055710306,0.1322006902044067,0.005815374089820652,28.22394528,1.0,0.0,-0.7499446719043931,0.16042912688064917,0.7162619292260374,0.0,0.0,0.0,-0.8058902593070503,0.3723631623810446,0.6095311412894682,Specialty Business Services,Industrials,RTO
2009Q1,2009,Q1,,2009-03-31,11900000.0,632700000.0,42250000.0,0.032875,632700000.0,1.0,500250000.0,-37525000.0,150475000.0,201375000.0,537775000.0,11825000.0,398250000.0,793772666.8199999,1070797666.8199999,-0.10380933938253846,0.74723774053383,0.5597701149425287,-7.4623584277148565,0.1310721649484536,-0.10380933938253846,-0.31712191872085277,1.2545798432432431,16.675896361764707,-21.153169002531644,0.0,0.0,0.0,1.2647676161919041,0.12911235257603973,0.023788105947026485,13.828792104878048,1.0,1.5288461538461542,-0.7499446719043931,0.16042912688064917,0.8085035472084153,0.05016805676584091,1.5319148936170213,0.41068447412353926,-0.8058902593070503,0.3723631623810446,0.7188432209976676,Specialty Business Services,Industrials,RTO
2008Q4,2008,Q4,2008-12-31,2008-12-31,4700000.0,602475000.0,29950000.0,0.013,602475000.0,1.0,2396900000.0,-70900000.0,684600000.0,831400000.0,2458800000.0,53400000.0,1702700000.0,784319711.7839999,2146519711.784,-0.19613809892663495,0.8234303584315612,0.6117485084901331,-20.681241184767277,0.015438571345951233,-0.19613809892663495,-0.06629055007052186,1.3018294730636124,41.719133605531916,-11.062337260705219,5.675531914893617,0.0,0.034010365415049315,0.2513559180608286,0.1252104883329324,0.0019608661187367014,-80.64984182868893,1.0,0.0,-0.9342912017037316,0.03262496925833714,0.8838821902461795,0.0,0.0,0.0,-0.9416438140693755,0.27570899555945366,0.8938570989997084,Specialty Business Services,Industrials,RTO
2008Q3,2008,Q3,,2008-09-30,4700000.0,602475000.0,29950000.0,0.013,602475000.0,1.0,599225000.0,-15475000.0,171150000.0,207850000.0,614700000.0,13350000.0,425675000.0,1196761234.48,1537311234.48,-0.04281011397587695,0.8234303584315612,0.5732821561183195,-22.19870759289176,0.0656698139190378,-0.04281011397587695,-0.3037156704361874,1.9864081239553508,63.65751247234042,-77.33513631534733,5.675531914893617,0.0,0.022289324914163394,1.0054236722433143,0.12725523213856146,0.007843464474946805,-123.06028118046272,1.0,0.0,-0.9342912017037316,0.03262496925833714,0.8975464382994552,0.0,0.0,0.0,-0.9416438140693755,0.27570899555945366,0.9063473589105042,Specialty Business Services,Industrials,RTO
2008Q2,2008,Q2,2008-06-30,2008-06-30,4700000.0,602475000.0,29950000.0,0.013,602475000.0,1.0,2098500000.0,-12000000.0,662400000.0,1040700000.0,2102700000.0,46500000.0,1683900000.0,1795624427.5200002,2894924427.5200005,-0.033196857364169524,0.6364946670510233,0.5756969263759828,-100.675,0.017763013238902003,-0.033196857364169524,-0.39166666666666666,2.980413174853729,95.51193763404255,-149.63536896000002,5.675531914893617,0.0,0.014855556424369754,0.28709792709077914,0.1045450177764966,0.0022396950202525612,-184.64004396092548,1.0,0.0,-0.9342912017037316,0.03262496925833714,0.9812925704779899,0.0,0.0,0.0,-0.9416438140693755,0.27570899555945366,0.9859443259089782,Specialty Business Services,Industrials,RTO
2008Q1,2008,Q1,,2008-03-31,4700000.0,602475000.0,29950000.0,0.013,602475000.0,1.0,599225000.0,-15475000.0,171150000.0,207850000.0,614700000.0,13350000.0,425675000.0,1758024362.36,2098574362.36,-0.04281011397587695,0.8234303584315612,0.5732821561183195,-22.19870759289176,0.0656698139190378,-0.04281011397587695,-0.3037156704361874,2.918003838101166,93.5119341680851,-113.60415911857834,5.675531914893617,0.0,0.015173282333921161,1.0054236722433143,0.12725523213856146,0.007843464474946805,-180.77371335321337,1.0,-0.9713656387665198,-0.9342912017037316,0.03262496925833714,0.8975464382994552,0.0937187982209313,-0.9713545634618315,-0.39341772151898735,-0.9416438140693755,0.27570899555945366,0.9063473589105042,Specialty Business Services,Industrials,RTO
2007Q4,2007,Q4,2007-12-31,2007-12-31,164075000.0,550850000.0,49375000.0,0.454,550850000.0,1.0,1960300000.0,50900000.0,611300000.0,1033900000.0,1902000000.0,38400000.0,1753900000.0,2183256633.6,3130356633.6,0.140825586542718,0.5912564077763807,0.5319593939703107,20.48722986247544,0.03551188496987226,0.140825586542718,3.2234774066797645,3.9634322113097937,3.3266137949108643,42.89305763457761,0.203260703946366,0.0,0.015275345777838656,0.2810029077182064,0.09256214334074862,0.08369892363413763,16.25353905527638,1.0,0.0,-0.7579368829048605,-0.8964317020928565,1.0075475671047192,0.0,0.0,0.0,2.448098188478579,0.010420620016800247,1.064119001473851,Specialty Business Services,Industrials,RTO
2007Q3,2007,Q3,,2007-09-30,164075000.0,550850000.0,49375000.0,0.454,550850000.0,1.0,490075000.0,14575000.0,152825000.0,258475000.0,475500000.0,9600000.0,438475000.0,3076354632.96,3313129632.96,0.04032481186365648,0.5912564077763807,0.3379074631433964,11.361921097770155,0.21556458216483582,0.04032481186365648,11.25728987993139,5.584741096414632,4.687421351455127,211.0706437708405,0.203260703946366,0.0,0.010840752767151351,1.1240116308728256,0.09333591256407776,0.3347956945365505,22.902323714572866,1.0,0.0,-0.7579368829048605,-0.8964317020928565,1.0087224821100749,0.0,0.0,0.0,2.448098188478579,0.010420620016800247,1.0743869335582839,Specialty Business Services,Industrials,RTO
2007Q2,2007,Q2,2007-06-30,2007-06-30,164075000.0,550850000.0,49375000.0,0.454,550850000.0,1.0,1916800000.0,-567100000.0,794500000.0,762100000.0,2476500000.0,38200000.0,1139100000.0,2861551925.2799997,4211851925.2799997,-1.5690017706949977,1.0425141057603988,0.7785893155258765,-2.6316346323399755,0.04062693367316871,-1.5690017706949977,-0.2893228707459002,5.1947933653081595,4.360127876397988,-5.045938856074766,0.203260703946366,0.0,0.01165451505715268,0.2873800083472454,0.18645847001705812,0.08559839315525876,21.30319691256281,1.0,0.0,-0.7579368829048605,-0.8964317020928565,0.660616150626179,0.0,0.0,0.0,2.448098188478579,0.010420620016800247,0.27706348896077054,Specialty Business Services,Industrials,RTO
2007Q1,2007,Q1,,2007-03-31,164075000.0,550850000.0,49375000.0,0.454,550850000.0,1.0,490075000.0,14575000.0,152825000.0,258475000.0,475500000.0,9600000.0,438475000.0,2934074499.8399997,3170849499.8399997,0.04032481186365648,0.5912564077763807,0.3379074631433964,11.361921097770155,0.21556458216483582,0.04032481186365648,11.25728987993139,5.326449123790505,4.4706300469907045,201.30871353962263,0.203260703946366,0.0,0.011366446217305877,1.1240116308728256,0.09333591256407776,0.3347956945365505,21.843100687437182,1.0,1.6764922623434049,-0.7579368829048605,-0.8964317020928565,1.0087224821100749,0.19542100694444445,1.6776825785393716,0.010230179028132993,2.448098188478579,0.010420620016800247,1.0743869335582839,Specialty Business Services,Industrials,RTO
2023Q1,2023,Q1,2023-03-20,2023-03-20,,,,,,,0.0,0.0,0.0,0.0,0.0,0.0,0.0,0.0,0.0,0.0,0.0,0.0,0.0,0.0,0.0,0.0,0.0,0.0,0.0,0.0,0.0,,0.0,0.0,0.0,0.0,0.0,0.0,1.0,-1.0,-1.0,0.0,0.0,0.0,-1.0,-1.0,-1.0,Specialty Business Services,Industrials,RTO
2022Q4,2022,Q4,2022-12-31,2022-12-31,,,,,,,11922000000.0,4099000000.0,3239000000.0,2845000000.0,7824000000.0,200000000.0,3302000000.0,0.0,3308000000.0,0.0,1.1384885764499122,0.4526086227143097,1.316418638692364,,0.0,,0.0,0.0,0.0,0.0,,,,0.7342706502636204,,0.0,0.0,0.0,-1.0,-1.0,-1.0,0.0,0.0,0.0,-1.0,-1.0,-1.0,Specialty Business Services,Industrials,RTO
2022Q2,2022,Q2,2022-06-30,2022-06-30,,,,,,,6540200000.0,1438700000.0,3186600000.0,1698300000.0,5102000000.0,172400000.0,3195000000.0,0.0,1384300000.0,0.0,1.8763469351704647,0.5742026237729733,2.6102731632723986,,0.0,,0.0,0.0,0.0,0.0,,,,1.7641170582347052,,0.0,0.0,0.0,-1.0,-1.0,-1.0,0.0,0.0,0.0,-1.0,-1.0,-1.0,Specialty Business Services,Industrials,RTO
