Quarters,Year,Quarter,FillingDate,Date,NetIncome,Revenue,OperatingIncome,EPSDiluted,GrossProfit,GrossProfitRatio,TotalAssets,CommonStockEquity,CurrentAssets,CurrentLiability,TotalLiability,Inventory,RetainedEarnings,MarketCap,EnterpriseValue,bookValuePerShare,currentRatio,debtToAssets,debtToEquity,roic,shareholdersEquityPerShare,roe,priceToSalesRatio,peRatio,pbRatio,payoutRatio,inventoryTurnover,dividendYield,assetTurnover,quickRatio,returnOnAssets,priceToFreeCashFlowsRatio,grossProfitMargin,epsdilutedGrowth,fiveYNetIncomeGrowthPerShare,fiveYRevenueGrowthPerShare,fiveYShareholdersEquityGrowthPerShare,grossProfitGrowth,netIncomeGrowth,operatingIncomeGrowth,threeYNetIncomeGrowthPerShare,threeYRevenueGrowthPerShare,threeYShareholdersEquityGrowthPerShare,Industry,Sector,Symbol
2022Q4,2022,Q4,2023-06-28,2022-12-31,-22686588.0,2434281.0,-8532719.0,-0.51,817627.0,0.3358802866,0.0,-3394820.0,25026478.0,29121056.0,29121056.0,0.0,-24703789.0,73735509.24589999,73592485.24589999,-0.07586093825358682,0.8593945906357242,0.0,0.0,2.5197949734319622,-0.07586093825358682,6.682707183296905,30.29046738889224,-0.8125451615498549,-21.72000555136944,0.0,0.0,0.0,0.0,0.00491136035726177,0.0,110.4623691170412,0.3358802866226208,0.0555555555555556,-131.85021849598712,-0.3128671362696117,-6.0086661903203655,0.3521625452097883,-29.60391179243947,-10.752230903889672,-131.85021849598712,-0.3128671362696117,-6.0086661903203655,Health Information Services,Healthcare,EUDA
2022Q3,2022,Q3,2022-09-30,2022-09-30,-741297.0,2311368.0,-726051.0,-0.54,604681.0,0.2616117382,6678164.0,-1344173.0,3844186.0,7892598.0,7944550.0,0.0,-2197789.0,13708702.68,13814897.68,-0.9824863646397209,0.487062181552893,0.06697873846763872,-0.3327659460500992,0.8829771114035687,-0.9824863646397209,0.551489280025711,5.930990945621813,-4.623215350932218,-10.198614821157692,0.0,0.0,0.0,0.3461083016230209,0.4669164703434788,-0.11100311402954464,-13.93735899161646,0.26161173815679717,0.7096774193548387,-0.7267578050902302,-0.3728039329798367,0.0,-0.08470699713309175,0.6015733964110824,0.581598423785669,-0.7267578050902302,-0.3728039329798367,0.0,Health Information Services,Healthcare,EUDA
2022Q2,2022,Q2,2022-06-30,2022-06-30,-1860561.0,2428197.0,-1735297.0,-1.86,660642.0,0.2720710058,7051012.0,-1112608.0,4190702.0,8033047.0,8083831.0,0.0,-1457460.0,9870000.0,10073916.0,-1.112608,0.5216827437957229,0.06366930023661851,-0.40349611004055336,3.084892056810457,-1.112608,1.6722520420489517,4.064744334994236,-1.3262129003026506,-8.871048922891081,0.0,0.0,0.0,0.34437567259848656,0.5046281940090728,-0.2638714839798883,-10.105539924561684,0.27207100577094856,-9.454545454545455,-3.199352682148427,-0.03495577173230059,0.0,-0.480319308772653,-9.269380516813781,-24.04144093902698,-3.199352682148427,-0.03495577173230059,0.0,Health Information Services,Healthcare,EUDA
2022Q1,2022,Q1,2022-03-31,2022-03-31,224994.0,2666863.0,75312.0,0.22,1271246.0,0.4766821543,0.0,737781.0,4990736.0,7335861.0,7335861.0,0.0,402918.0,9840000.0,9602754.0,0.737781,0.6803204150133161,0.0,0.0,0.09950384408728595,0.737781,0.30496041508252447,3.689728343750691,10.933624896663911,13.337291147373,0.0,0.0,0.0,0.0,0.03234058006279018,0.0,-39.01742699101885,0.4766821542763914,58.89473684210526,-0.8715403465420023,0.009429395170463057,0.0,0.14220021923125303,2.7333497684953354,1.3776078618165408,-0.8715403465420023,0.009429395170463057,0.0,Health Information Services,Healthcare,EUDA
2021Q4,2021,Q4,2021-12-31,2021-12-31,-129803.0,2692823.0,-199445.0,-0.0038,1112980.0,0.4133134632,0.0,515196.0,4352654.0,7316032.0,7316032.0,0.0,180333.0,331650744.75,,0.015145936137687506,0.5949473703778223,0.0,,0.0,0.015145936137687506,-0.2519487728941995,123.16098932235799,-638.7578575803333,643.7370335755712,0.0,0.0,0.0,0.0,0.025969815331589582,0.0,2675.1421234119784,0.41331346323170887,0.9877419354838709,0.0,0.0,0.0,0.11843010992566778,0.5863314052615645,0.4269793339634947,0.0,0.0,0.0,Health Information Services,Healthcare,EUDA
2021Q3,2021,Q3,2021-09-30,2021-09-30,-313785.0,2693625.0,-348059.0,-0.31,995127.0,0.3694378393,,,,,,,,9650000.0,,,0.0,0.0,0.0,0.0,,0.0,3.5825328321499836,-7.688385359402139,0.0,0.0,0.0,0.0,0.0,0.0,0.0,-57.87488230108133,0.3694378393428929,0.29545454545454547,0.0,0.0,0.0,-0.006420004053688407,0.2917760388571274,0.1463199874422392,0.0,0.0,0.0,Health Information Services,Healthcare,EUDA
2021Q2,2021,Q2,2021-06-30,2021-06-30,-443059.0,2516151.0,-407716.0,-0.44,1001557.0,0.3980512298,,,,,,,,9650000.0,,,0.0,0.0,0.0,0.0,,0.0,3.8352229258100965,-5.445098734028651,0.0,0.0,0.0,0.0,0.0,0.0,0.0,27.668505499294668,0.3980512298347754,-1.2514285714285713,0.0,0.0,0.0,-0.11732906549724198,-1.2529632150254986,-0.49342690846754844,0.0,0.0,0.0,Health Information Services,Healthcare,EUDA
2021Q1,2021,Q1,2021-03-31,2021-03-31,1751476.0,2641951.0,-273007.0,1.75,1134689.0,0.4294890405,,,,,,,,9650000.0,,,0.0,0.0,0.0,0.0,,0.0,3.65260370082564,1.3774096818911592,0.0,0.0,0.0,0.0,0.0,0.0,0.0,70.97936817329263,0.4294890404856108,0.0,0.0,0.0,0.0,0.0,0.0,0.0,0.0,0.0,0.0,Health Information Services,Healthcare,EUDA
