Quarters,Year,Quarter,FillingDate,Date,NetIncome,Revenue,OperatingIncome,EPSDiluted,GrossProfit,GrossProfitRatio,TotalAssets,CommonStockEquity,CurrentAssets,CurrentLiability,TotalLiability,Inventory,RetainedEarnings,MarketCap,EnterpriseValue,bookValuePerShare,currentRatio,debtToAssets,debtToEquity,roic,shareholdersEquityPerShare,roe,priceToSalesRatio,peRatio,pbRatio,payoutRatio,inventoryTurnover,dividendYield,assetTurnover,quickRatio,returnOnAssets,priceToFreeCashFlowsRatio,grossProfitMargin,epsdilutedGrowth,fiveYNetIncomeGrowthPerShare,fiveYRevenueGrowthPerShare,fiveYShareholdersEquityGrowthPerShare,grossProfitGrowth,netIncomeGrowth,operatingIncomeGrowth,threeYNetIncomeGrowthPerShare,threeYRevenueGrowthPerShare,threeYShareholdersEquityGrowthPerShare,Industry,Sector,Symbol
2023Q1,2023,Q1,2023-05-05,2023-03-31,612000000.0,1950000000.0,950000000.0,0.65,1950000000.0,1.0,154135000000.0,16883000000.0,37601000000.0,2000000000.0,137233000000.0,0.0,7433000000.0,17353600000.0,12827600000.0,18.05668449197861,18.8005,0.027943036948129885,0.25510868921400226,0.03477499430285826,18.05668449197861,0.03624948172718119,8.899282051282052,7.088888888888889,1.027874192975182,0.34477124183006536,0.0,0.012158860409367511,0.012651247283225744,18.8005,0.003970545301197003,97.49213483146067,1.0,-0.07142857142857134,0.7818181818181817,0.6413602007588206,0.28260956904449097,-0.0005125576627370579,-0.10656934306569343,-0.07135874877810362,2.8666666666666667,0.38795713000081816,-0.002985976296819128,Banks—Regional,Financial Services,RF
2022Q4,2022,Q4,2023-02-24,2022-12-31,685000000.0,1951000000.0,1023000000.0,0.7,1951000000.0,1.0,155220000000.0,15947000000.0,1649000000.0,0.0,139269000000.0,0.0,7004000000.0,20137040000.0,11194040000.0,17.073875802997858,0.0,0.014714598634196625,0.14322443092744716,0.04407976080665104,17.073875802997858,0.0429547877343701,10.321394156842645,7.349284671532846,1.2627478522606133,0.30656934306569344,0.0,0.010428543619121778,0.012569256539105785,0.0,0.004413091096508182,16.109632,1.0,0.6279069767441859,1.5220364984499344,0.6336541690471311,0.21474215199194246,0.04555198285101822,0.5967365967365967,0.6553398058252428,0.8042887104143386,0.3416401994740094,0.002743120188336949,Banks—Regional,Financial Services,RF
2022Q3,2022,Q3,2022-11-03,2022-09-30,429000000.0,1866000000.0,618000000.0,0.43,1866000000.0,1.0,157798000000.0,15173000000.0,44216000000.0,0.0,142625000000.0,0.0,6531000000.0,18745380000.0,5353380000.0,16.245182012847966,0.0,0.014410829034588525,0.14987148223818625,0.027038879518590825,16.245182012847966,0.028273907599024584,10.045755627009646,10.923881118881118,1.2354432215118962,0.4289044289044289,0.0,0.00981575193461002,0.011825244933395861,0.0,0.002718665635812875,63.97740614334471,1.0,-0.2711864406779661,0.7456915248869093,0.6502228866173758,0.15506527545634605,0.06750572082379863,-0.2641509433962264,-0.21473951715374842,0.1095427820505438,0.31767981863040806,-0.0320101424103619,Banks—Regional,Financial Services,RF
2022Q2,2022,Q2,2022-08-05,2022-06-30,583000000.0,1748000000.0,787000000.0,0.59,1748000000.0,1.0,160908000000.0,16507000000.0,49917000000.0,0.0,144401000000.0,0.0,6314000000.0,17512500000.0,-668500000.0,17.673447537473233,0.0,0.01441196211499739,0.14048585448597564,0.032934684923955085,17.673447537473233,0.03531834979099776,10.018592677345538,7.509648370497427,1.0609135518264978,0.313893653516295,0.0,0.01044967880085653,0.010863350485991996,0.0,0.0036231884057971015,23.16468253968254,1.0,0.017241379310344845,1.3743189764996073,0.5786438258386865,0.2575317551673963,0.09318323952470293,0.06386861313868614,0.1006993006993007,0.6165101850326691,0.3045103837395058,0.07479419634200177,Banks—Regional,Financial Services,RF
2022Q1,2022,Q1,2022-05-06,2022-03-31,548000000.0,1599000000.0,715000000.0,0.58,1599000000.0,1.0,164082000000.0,16982000000.0,57658000000.0,0.0,147100000000.0,0.0,5915000000.0,20879880000.0,-4722120000.0,18.104477611940297,0.0,0.014279445643032143,0.13796961488635026,0.02888218101672177,18.104477611940297,0.03226946178306442,13.058086303939962,9.525492700729929,1.2295300906842541,0.3375912408759124,0.0,0.008860204177418644,0.009745127436281859,0.0,0.0033397935178752086,40.54345631067961,1.0,0.2608695652173912,1.3465916738094055,0.4816471713528485,0.3089530817387764,-0.021419828641370868,0.2511415525114155,0.2370242214532872,0.510969445737231,0.18734105082438599,0.18930264869566538,Banks—Regional,Financial Services,RF
2021Q4,2021,Q4,2022-02-24,2021-12-31,438000000.0,1634000000.0,578000000.0,0.46,1634000000.0,1.0,162938000000.0,18326000000.0,125277000000.0,0.0,144612000000.0,0.0,5550000000.0,20688200000.0,-6315800000.0,19.31085353003161,0.0,0.014772490149627466,0.1313434464694969,0.02257057047740068,19.31085353003161,0.02390046927862054,12.66107711138311,11.808333333333334,1.128898832260177,0.1780821917808219,0.0,0.00377026517531733,0.01002835434336987,0.0,0.00268813904675398,27.185545335085415,1.0,-0.2923076923076923,0.9149934810951761,0.5053560138491647,0.41841602981029125,0.012391573729863693,-0.3271889400921659,0.0,0.17658203865100425,0.21560427649123018,0.32450188227851007,Banks—Regional,Financial Services,RF
2021Q3,2021,Q3,2021-11-04,2021-09-30,651000000.0,1614000000.0,0.0,0.65,1614000000.0,1.0,156153000000.0,18605000000.0,118725000000.0,0.0,137530000000.0,0.0,5296000000.0,20351050000.0,-4704950000.0,19.48167539267016,0.0,0.01569614416629844,0.1317387798978769,0.0,19.48167539267016,0.03499059392636388,12.609076827757125,7.815303379416282,1.0938484278419778,0.26881720430107525,0.0,0.008599064913112592,0.010336016599104724,0.0,0.004168988107817333,24.818353658536584,1.0,-0.15584415584415584,1.6542735602094243,0.4433209291309763,0.39787892538249453,0.020227560050568902,-0.1759493670886076,0.0,0.31258772418402586,0.2443368533144023,0.43243733760594405,Banks—Regional,Financial Services,RF
2021Q2,2021,Q2,2021-08-06,2021-06-30,790000000.0,1582000000.0,0.0,0.77,1582000000.0,1.0,155610000000.0,18252000000.0,117821000000.0,0.0,137358000000.0,0.0,4836000000.0,19332440000.0,-3391560000.0,19.052192066805844,0.0,0.018443544759334234,0.15724304185842647,0.0,19.052192066805844,0.043282927898312513,12.220252844500632,6.117860759493671,1.05919570458032,0.22531645569620254,0.0,0.009207321993499011,0.010166441745389113,0.0,0.005076794550478761,28.305183016105417,1.0,0.22222222222222224,2.7933194154488517,0.49211899791231717,0.38631135832668356,-0.01616915422885572,0.23052959501557632,0.0,1.4607098121085593,0.2708861595540915,0.3512963759115003,Banks—Regional,Financial Services,RF
2021Q1,2021,Q1,2021-05-05,2021-03-31,642000000.0,1608000000.0,0.0,0.63,1608000000.0,1.0,153331000000.0,17862000000.0,117632000000.0,0.0,135469000000.0,0.0,4235000000.0,19854260000.0,-2149740000.0,18.586888657648284,0.0,0.019017680703836796,0.16325159556600605,0.0,18.586888657648284,0.03594222371514948,12.347176616915423,7.731409657320873,1.1115362221475757,0.2757009345794392,0.0,0.008914963337842861,0.010487116108288605,0.0,0.00418702023726448,28.042740112994352,1.0,0.03278688524590167,2.1469508639123625,0.5425150772604703,0.388805927240468,-0.046263345195729534,0.04220779220779221,0.0,0.818591744710371,0.31687197344479406,0.3202712414704157,Banks—Regional,Financial Services,RF
2020Q4,2020,Q4,2021-02-24,2020-12-31,616000000.0,1686000000.0,0.0,0.61,1686000000.0,1.0,147389000000.0,18111000000.0,111608000000.0,0.0,129278000000.0,0.0,3770000000.0,15475200000.000002,1088200000.000002,18.865625,0.0,0.02421483285726886,0.19706255866600408,0.0,18.865625,0.03401247860416322,9.178647686832742,6.28051948051948,0.8544641378167964,0.28733766233766234,0.0,0.011437655086848636,0.011439116894747912,0.0,0.004179416374356295,-619.008,1.0,0.17307692307692302,1.929152046783626,0.6581141146589262,0.457146647174068,0.026171637248934874,0.16226415094339622,0.0,1.2065671641791047,0.37352342158859486,0.34221837944664046,Banks—Regional,Financial Services,RF
2020Q3,2020,Q3,2020-11-05,2020-09-30,530000000.0,1643000000.0,0.0,0.52,1643000000.0,1.0,145180000000.0,17904000000.0,109504000000.0,0.0,127276000000.0,0.0,3330000000.0,11068800000.0,2514800000.0,18.65,0.0,0.03388207742113239,0.2747430741733691,0.0,18.65,0.029602323503127793,6.736944613511868,5.221132075471697,0.618230563002681,0.3339622641509434,0.0,0.015990893321769298,0.011316985810717729,0.0,0.0036506405841024935,16.7202416918429,1.0,3.08,1.8224725452196384,0.7540120758870759,0.45111786219915034,0.0634304207119741,3.4766355140186915,0.0,1.0982717041800647,0.4136574074074075,0.3260526948989413,Banks—Regional,Financial Services,RF
2020Q2,2020,Q2,2020-08-05,2020-06-30,-214000000.0,1545000000.0,0.0,-0.25,1545000000.0,1.0,144070000000.0,17602000000.0,111409000000.0,0.0,126442000000.0,0.0,2978000000.0,10675200000.0,3885200000.0,18.335416666666667,0.0,0.04447837856597487,0.36404953982501986,0.0,18.335416666666667,-0.01215770935121009,6.9095145631067965,-12.471028037383176,0.6064765367571866,-0.8037383177570093,0.0,0.0161121103117506,0.010723953633650309,0.0,-0.001485389046991046,12.63337278106509,1.0,-2.7857142857142856,-2.044188596491228,0.5401545698924729,0.44847513166459557,0.07440890125173853,-2.3209876543209877,0.0,-1.847929852320675,0.3575219298245613,0.30463332938692556,Banks—Regional,Financial Services,RF
2020Q1,2020,Q1,2020-05-06,2020-03-31,162000000.0,1438000000.0,0.0,0.14,1438000000.0,1.0,133542000000.0,17332000000.0,101339000000.0,3150000000.0,116210000000.0,0.0,3364000000.0,8584290000.000001,16584290000.0,18.110762800417973,32.17111111111111,0.09925716254062392,0.764770366951304,0.0,18.110762800417973,0.009346872836372028,5.9696036161335195,13.247361111111113,0.4952855988922225,1.0617283950617284,0.0,0.020036601745747173,0.010768147848616915,8.844761904761905,0.001213101496158512,10.963333333333335,1.0,-0.6555784061696658,-0.026284060766819377,0.6013588253738962,0.4296573062789627,-0.0348993288590604,-0.583547557840617,0.0,-0.3200720690696633,0.3060088477426536,0.30940750064019434,Banks—Regional,Financial Services,RF
2019Q4,2019,Q4,2020-02-21,2019-12-31,389000000.0,1490000000.0,0.0,0.406478578892372,1490000000.0,1.0,126240000000.0,16295000000.0,95047000000.0,2050000000.0,109945000000.0,0.0,3751000000.0,16422120000.0,22237120000.0,17.027168234064785,46.36439024390244,0.07865177439797212,0.6093280147284443,0.0,17.027168234064785,0.023872353482663394,11.021557046979865,10.554061696658097,1.007801166001841,0.4473007712082262,0.0,0.010595465140919686,0.011802915082382763,12.43170731707317,0.0030814321926489227,33.378292682926826,1.0,0.042252766390697374,1.6295889108440178,0.6760529256450066,0.36806666899160817,-0.0053404539385847796,-0.0488997555012225,0.0,0.686541629031401,0.3612180922525751,0.2506753431646242,Banks—Regional,Financial Services,RF
2019Q3,2019,Q3,2019-11-06,2019-09-30,409000000.0,1498000000.0,0.0,0.39,1498000000.0,1.0,128147000000.0,16581000000.0,96579000000.0,5401000000.0,111566000000.0,0.0,3534000000.0,15630160000.0,25092160000.0,16.782388663967613,17.881688576189596,0.11337760540629122,0.8762438936131717,0.0,16.782388663967613,0.024666787286653398,10.434018691588784,9.553887530562347,0.9426548459079669,0.40097799511002447,0.0,0.010492534945259677,0.011689700110029887,4.962599518607665,0.003191647092791872,20.729655172413793,1.0,0.054054054054054106,0.7552226720647772,0.6084032251529515,0.34767666543982345,0.033816425120772944,0.04871794871794872,0.0,0.6118863866396762,0.29484450832887044,0.20419558164720097,Banks—Regional,Financial Services,RF
2019Q2,2019,Q2,2019-08-07,2019-06-30,390000000.0,1449000000.0,0.0,0.37,1449000000.0,1.0,127518000000.0,16608000000.0,96187000000.0,4250000000.0,110910000000.0,0.0,3299000000.0,15220700000.0,24195700000.0,16.443564356435644,22.632235294117645,0.10557725183895607,0.810633429672447,0.0,16.443564356435644,0.02348265895953757,10.504278812974466,9.756858974358975,0.9164679672447014,0.4076923076923077,0.0,0.010446300104463001,0.011363101679762858,6.1536470588235295,0.0030583917564579116,20.540755735492578,1.0,0.0,0.7736633663366338,0.5457017007408324,0.3306260897978928,-0.009569377990430622,-0.01015228426395939,0.0,0.7762376237623764,0.2963118811881187,0.19649749271734776,Banks—Regional,Financial Services,RF
2019Q1,2019,Q1,2019-05-08,2019-03-31,394000000.0,1463000000.0,0.0,0.37,1463000000.0,1.0,128802000000.0,15512000000.0,96216000000.0,1600000000.0,113279000000.0,0.0,3066000000.0,14948730000.0,25698730000.0,15.222767419038274,60.135,0.11301843139081691,0.9384347601856627,0.0,15.222767419038274,0.025399690562145437,10.21786056049214,9.485234771573603,0.9636881124290871,0.4035532994923858,0.0,0.010636355061600551,0.011358519277650967,16.635,0.003058958711821245,26.22584210526316,1.0,0.0,0.6702465075785776,0.5776905462872097,0.30033309592330404,-0.0020463847203274215,-0.029556650246305417,0.0,0.8213791442446989,0.3235394880777768,0.1374399454350834,Banks—Regional,Financial Services,RF
2018Q4,2018,Q4,2019-02-22,2018-12-31,406000000.0,1466000000.0,0.0,0.37,1466000000.0,1.0,125688000000.0,15090000000.0,94070000000.0,1600000000.0,110598000000.0,0.0,2828000000.0,13848300000.0,24334300000.0,14.579710144927537,58.79375,0.11157787537394183,0.9293571901921802,0.0,14.579710144927537,0.026905235255135853,9.446316507503411,8.527278325123154,0.917713717693837,0.4039408866995074,0.0,0.011842608840074233,0.011663802431417479,15.83,0.0032302208643625483,14.276597938144329,1.0,-0.26,1.3812722126455128,0.4372855791053908,0.27415275112317,-0.006101694915254237,-0.2801418439716312,0.0,0.7906805661496736,0.33727799863977065,0.12611035968598466,Banks—Regional,Financial Services,RF
2018Q3,2018,Q3,2018-11-07,2018-09-30,564000000.0,1475000000.0,0.0,0.5,1475000000.0,1.0,124578000000.0,14770000000.0,92975000000.0,3250000000.0,109808000000.0,0.0,2582000000.0,19700040000.0,30633040000.0,13.60036832412523,28.607692307692307,0.11581499141100354,0.9768449559918754,0.0,13.60036832412523,0.03818551117129316,13.355959322033899,8.732287234042554,1.3337874069058904,0.2074468085106383,0.0,0.005939074235382263,0.011839971744609802,8.161846153846154,0.004527284111159274,34.201458333333335,1.0,0.5625,1.4602040239096412,0.429245605731224,0.2187559709397519,0.014442916093535076,0.504,0.0,1.65506017388325,0.3919654113024279,0.058216482982608335,Banks—Regional,Financial Services,RF
2018Q2,2018,Q2,2018-08-08,2018-06-30,375000000.0,1454000000.0,0.0,0.32,1454000000.0,1.0,124557000000.0,15777000000.0,92582000000.0,1400000000.0,108780000000.0,0.0,2182000000.0,19895820000.0,26899820000.0,14.099195710455763,66.13,0.09064123252807951,0.7155986562717881,0.0,14.099195710455763,0.023768777334093934,13.683507565337,13.26388,1.2610648412245675,0.312,0.0,0.005880632213198551,0.01167337042478544,19.69142857142857,0.003010669813820179,39.3198023715415,1.0,-0.08571428571428563,0.7584420278940869,0.39496060727455756,0.2886015519830729,0.015363128491620111,-0.09420289855072464,0.0,0.5697756455481868,0.24348736871438584,0.11381894037862858,Banks—Regional,Financial Services,RF
2018Q1,2018,Q1,2018-05-09,2018-03-31,414000000.0,1432000000.0,0.0,0.35,1432000000.0,1.0,122913000000.0,15866000000.0,90725000000.0,0.0,107047000000.0,0.0,1923000000.0,20939659999.999996,25703659999.999996,14.078083407275955,0.0,0.06467175969995037,0.501008445733014,0.0,14.078083407275955,0.026093533341737047,14.62266759776536,12.64472222222222,1.3197819236102355,0.28502415458937197,0.0,0.005635239540661119,0.011650517032372491,0.0,0.0033682360694149522,137.76092105263155,1.0,0.2962962962962961,0.5494364910143161,0.38214024438975297,0.2638076146430065,-0.027834351663272233,0.23582089552238805,0.0,1.113029827315542,0.3541314078042659,0.11131899983540179,Banks—Regional,Financial Services,RF
2017Q4,2017,Q4,2018-02-26,2017-12-31,335000000.0,1473000000.0,0.0,0.27,1473000000.0,1.0,124294000000.0,16192000000.0,91338000000.0,500000000.0,108102000000.0,0.0,1628000000.0,19906560000.0,24627560000.0,14.055555555555555,182.676,0.06944824368030637,0.533102766798419,0.0,14.055555555555555,0.020689229249011856,13.514297352342158,14.855641791044777,1.229407114624506,0.04776119402985075,0.0,0.0008037551440329217,0.011850934075659323,52.884,0.0026952226173427517,122.12613496932515,1.0,0.08000000000000007,0.5505601415094339,0.3343623061299852,0.28140525195173877,0.029350104821802937,0.07717041800643087,0.0,0.8812327211690362,0.37646022279179797,0.12930916082955635,Banks—Regional,Financial Services,RF
2017Q3,2017,Q3,2017-11-08,2017-09-30,311000000.0,1431000000.0,0.0,0.25,1431000000.0,1.0,123271000000.0,16624000000.0,90233000000.0,600000000.0,106647000000.0,0.0,1279000000.0,18001860000.0,20942860000.0,14.064297800338409,150.38833333333332,0.054368018430936714,0.4031520692974013,0.0,14.064297800338409,0.01870789220404235,12.579916142557652,14.470948553054663,1.082883782483157,0.3890675241157556,0.0,0.006721527664363571,0.011608569736596604,46.23166666666667,0.0025228967072547476,22.787164556962026,1.0,0.0,0.23602093416755196,0.26805414551607437,0.3346028514649024,0.004210526315789474,-0.015822784810126583,0.0,0.11560067681895081,0.28428740577484424,0.12940573245141768,Banks—Regional,Financial Services,RF
2017Q2,2017,Q2,2017-08-04,2017-06-30,316000000.0,1425000000.0,0.0,0.25,1425000000.0,1.0,124643000000.0,16893000000.0,91595000000.0,600000000.0,107750000000.0,0.0,1089000000.0,17597280000.0,20831280000.0,14.054076539101498,152.65833333333333,0.05908875749139542,0.4359793997513763,0.0,14.054076539101498,0.018705972888178535,12.348968421052632,13.921898734177216,1.0416906410939442,0.31645569620253167,0.0,0.005682696416718947,0.011432651653121314,46.75333333333333,0.0025352406472886565,43.02513447432763,1.0,0.08695652173913039,0.04713740010780147,0.24634283628896078,0.37478133699685356,0.024442846872753415,0.04983388704318937,0.0,0.20756516916250695,0.2772886991839246,0.1372668665736017,Banks—Regional,Financial Services,RF
2017Q1,2017,Q1,2017-05-05,2017-03-31,301000000.0,1391000000.0,0.0,0.23,1391000000.0,1.0,124545000000.0,16722000000.0,91594000000.0,0.0,107823000000.0,0.0,873000000.0,17566770000.0,19202770000.0,13.831265508684863,0.0,0.048255650568067764,0.3594067695251764,0.0,13.831265508684863,0.018000239205836623,12.628878504672898,14.590340531561461,1.050518478650879,0.574750830564784,0.0,0.009848139413221667,0.011168653900196716,0.0,0.0024167971415954073,24.130178571428573,1.0,0.0,0.6038920824137228,0.09177590474598682,0.011274231899965539,-0.0064285714285714285,0.020338983050847456,0.0,0.07547106212289748,0.2643069060726107,0.1814706094078689,Banks—Regional,Financial Services,RF
2016Q4,2016,Q4,2017-02-24,2016-12-31,295000000.0,1400000000.0,0.0,0.23,1400000000.0,1.0,125968000000.0,16664000000.0,93156000000.0,0.0,109304000000.0,0.0,666000000.0,17576640000.0,19903640000.0,13.61437908496732,0.0,0.061626762352343455,0.4658545367258761,0.0,13.61437908496732,0.01770283245319251,12.554742857142857,14.895457627118644,1.0547671627460393,0.3288135593220339,0.0,0.00551868844102172,0.011113933697446971,0.0,0.002341864600533469,95.00886486486486,1.0,-0.04166666666666659,1.4235320953198798,-0.25726865257228987,-0.20536717020282866,-0.04043865661411926,-0.078125,0.0,0.4630661368805966,0.1606360757361363,0.18979035889681414,Banks—Regional,Financial Services,RF
2016Q3,2016,Q3,2016-11-04,2016-09-30,320000000.0,1459000000.0,0.0,0.24,1459000000.0,1.0,125177000000.0,17365000000.0,92344000000.0,0.0,107812000000.0,0.0,465000000.0,12298019999.999998,14114019999.999998,13.936597110754414,0.0,0.048363517259560465,0.3486323063633746,0.0,13.936597110754414,0.018427872156636913,8.42907470870459,9.607828125,0.7082073135617621,0.30625,0.0,0.00796876245119133,0.011655495817921822,0.0,0.0025563801656853895,20.53091819699499,1.0,0.1999999999999999,1.0860560244394963,-0.08033542645260854,0.016403624076916447,0.04214285714285714,0.16363636363636364,0.0,0.21661672300165974,0.23220203057669297,0.24888609914953363,Banks—Regional,Financial Services,RF
2016Q2,2016,Q2,2016-08-05,2016-06-30,275000000.0,1400000000.0,0.0,0.2,1400000000.0,1.0,126212000000.0,17385000000.0,93526000000.0,2000000.0,108827000000.0,0.0,242000000.0,10765150000.0,15498150000.0,13.743083003952568,46763.0,0.0710708965866954,0.5159620362381363,0.0,13.743083003952568,0.015818234109864826,7.689392857142857,9.7865,0.6192205924647685,0.32727272727272727,0.0,0.008360310817777737,0.011092447627800843,14021.5,0.0021788736411751655,33.536292834890965,1.0,0.0,1.5089748703629837,-0.15364561433016558,0.023732734425173603,0.0035842293906810036,0.007326007326007326,0.0,0.14069369809477283,0.18813320612421064,0.256054490738962,Banks—Regional,Financial Services,RF
2016Q1,2016,Q1,2016-05-06,2016-03-31,273000000.0,1395000000.0,0.0,0.2,1395000000.0,1.0,125539000000.0,17211000000.0,92936000000.0,0.0,108328000000.0,0.0,62000000.0,10095100000.0,13556100000.0,13.383359253499222,0.0,0.06253833470077028,0.4561617570158619,0.0,13.383359253499222,0.015861948753704027,7.23663082437276,9.24459706959707,0.5865492998663645,0.3516483516483517,0.0,0.00950956404592327,0.011112084690813213,0.0,0.002174623025513984,12.86,1.0,-0.04761904761904753,2.867300020285347,-0.20073740289053912,0.012268041497594386,0.012336719883889695,-0.042105263157894736,0.0,-0.10459599359346358,0.17995718682992176,0.20144133578109272,Banks—Regional,Financial Services,RF
2015Q4,2015,Q4,2016-02-16,2015-12-31,285000000.0,1378000000.0,0.0,0.21,1378000000.0,1.0,126050000000.0,16844000000.0,93709000000.0,10000000.0,109206000000.0,0.0,-115000000.0,12489600000.0,15534600000.0,12.94696387394312,9370.9,0.06631495438318127,0.4962597957729755,0.0,12.94696387394312,0.01691997150320589,9.063570391872279,10.95578947368421,0.7414865827594396,0.3298245614035088,0.0,0.007526261849859083,0.010932169773899247,2834.3,0.002261007536691789,1784.2285714285715,1.0,0.16666666666666666,2.093946747963969,-0.36296849313557117,-0.0274690098275067,0.0707070707070707,0.10465116279069768,0.0,0.1680565022551593,0.1053388088017738,0.18033808335257948,Banks—Regional,Financial Services,RF
2015Q3,2015,Q3,2015-11-05,2015-09-30,258000000.0,1287000000.0,0.0,0.18,1287000000.0,1.0,124789000000.0,16952000000.0,92511000000.0,0.0,107837000000.0,0.0,-400000000.0,11884190000.0,14305190000.0,12.85216072782411,0.0,0.059011611600381444,0.43440302029259087,0.0,12.85216072782411,0.015219443133553563,9.234024864024864,11.515687984496124,0.7010494336951392,0.3682170542635659,0.0,0.007993813629704674,0.010313409034450152,0.0,0.002067489922990007,13.691463133640553,1.0,-0.10000000000000009,2.5862750372960943,-0.24196281222149232,-0.05872131708472254,-0.07741935483870968,-0.09473684210526316,0.0,-0.08112206216830932,0.021996461966135986,0.21957957648099402,Banks—Regional,Financial Services,RF
2015Q2,2015,Q2,2015-08-05,2015-06-30,285000000.0,1395000000.0,0.0,0.2,1395000000.0,1.0,121855000000.0,16899000000.0,89507000000.0,1750000000.0,104956000000.0,0.0,-658000000.0,13830600000.0,15427600000.0,12.658426966292135,51.146857142857144,0.04392105371137828,0.31670513048109356,0.0,12.658426966292135,0.016864903248712943,9.914408602150537,12.132105263157895,0.8184271258654358,0.3368421052631579,0.0,0.006941130536636156,0.011448032497640639,15.275428571428572,0.0023388453489803455,30.734666666666666,1.0,0.25000000000000006,1.9248367338660608,-0.22212618841832313,-0.13015447749238038,0.10451306413301663,0.21794871794871795,0.0,-0.14967558157936386,0.09855060356710253,0.23825774682373427,Banks—Regional,Financial Services,RF
2015Q1,2015,Q1,2015-05-06,2015-03-31,234000000.0,1263000000.0,0.0,0.16,1263000000.0,1.0,122447000000.0,17051000000.0,89831000000.0,0.0,105396000000.0,0.0,-943000000.0,12719699999.999998,9966699999.999998,12.667904903417533,0.0,0.026199090218625203,0.18814145797900417,0.0,12.667904903417533,0.01372353527652337,10.071021377672208,13.589423076923076,0.7459797079350184,0.3547008547008547,0.0,0.006525311131551846,0.010314666753779187,0.0,0.0019110308949994693,52.344444444444434,1.0,0.14285714285714277,2.059056311975013,-0.31809314856399207,-0.14244934489848424,-0.003943217665615142,0.10900473933649289,0.0,0.11996834096186727,-0.10958807685243327,-0.07378498424881498,Banks—Regional,Financial Services,RF
2014Q4,2014,Q4,2015-02-17,2014-12-31,211000000.0,1268000000.0,0.0,0.14,1268000000.0,1.0,119679000000.0,16989000000.0,87277000000.0,500000000.0,102690000000.0,0.0,-1061000000.0,14414400000.0,14472400000.0,12.446153846153846,174.554,0.03310522313856232,0.23320972393901937,0.0,12.446153846153846,0.01241980104773677,11.367823343848581,17.078672985781992,0.8484548825710754,0.3933649289099526,0.0,0.005758130758130758,0.010595008313906366,53.588,0.001763049490721012,29.35723014256619,1.0,-0.3636363636363636,1.3390484285511908,-0.2944101816550796,-0.1709988685884888,-0.02386451116243264,-0.3507692307692308,0.0,1.2716411325900376,-0.39678554756100265,-0.27355317571694315,Banks—Regional,Financial Services,RF
2014Q3,2014,Q3,2014-11-05,2014-09-30,325000000.0,1299000000.0,0.0,0.22,1299000000.0,1.0,119226000000.0,17160000000.0,86950000000.0,0.0,102066000000.0,0.0,-1272000000.0,13835119999.999998,12885119999.999998,12.452830188679245,0.0,0.031981279251170044,0.2222027972027972,0.0,12.452830188679245,0.01893939393939394,10.650592763664356,10.642399999999999,0.8062424242424242,0.27384615384615385,0.0,0.0064329040875684505,0.010895274520658246,0.0,0.0027259154882324325,19.935331412103743,1.0,0.047619047619047665,1.7438316400580551,-0.3068427529343971,-0.19930699251894754,0.01563721657544957,0.08333333333333333,0.0,0.9157029823493609,-0.25962432557966875,-0.0918083063461061,Banks—Regional,Financial Services,RF
2014Q2,2014,Q2,2014-08-06,2014-06-30,300000000.0,1279000000.0,0.0,0.21,1279000000.0,1.0,118719000000.0,17029000000.0,86814000000.0,0.0,101690000000.0,0.0,-1597000000.0,14634359999.999998,13659359999.999998,12.357764876632801,0.0,0.03221051390257667,0.22455810675905807,0.0,12.357764876632801,0.017617006283398906,11.442032838154807,12.1953,0.8593787069117387,0.26,0.0,0.005329922183136127,0.01077333872421432,0.0,0.0025269754630682538,55.43318181818181,1.0,-0.0454545454545455,1.7816031787575246,-0.5994752157406679,-0.4222446479196064,0.019936204146730464,-0.05956112852664577,0.0,1.512616343324323,-0.2901998844190734,-0.07946066942183415,Banks—Regional,Financial Services,RF
2014Q1,2014,Q1,2014-05-07,2014-03-31,319000000.0,1254000000.0,0.0,0.22,1254000000.0,1.0,117933000000.0,16132000000.0,86292000000.0,0.0,101801000000.0,0.0,-1897000000.0,15309580000.0,14349580000.0,11.706821480406386,0.0,0.03583390569221507,0.26196379866104635,0.0,11.706821480406386,0.019774361517480785,12.20859649122807,11.998103448275861,0.9490193404413587,0.1536050156739812,0.0,0.003200610336795654,0.010633156114064766,0.0,0.0027049256781392825,39.86869791666667,1.0,0.375,1.0834542815674892,-0.6636586357039188,-0.5175817752321088,-0.07658321060382917,0.4052863436123348,0.0,3.2172335457815358,-0.3294910645769988,-0.11453910579031068,Banks—Regional,Financial Services,RF
2013Q4,2013,Q4,2014-02-21,2013-12-31,227000000.0,1358000000.0,0.0,0.16,1358000000.0,1.0,117396000000.0,15768000000.0,85823000000.0,0.0,101628000000.0,0.0,-2216000000.0,13628420000.0,13185420000.0,11.44267053701016,0.0,0.04114279873249514,0.3063165905631659,0.0,11.44267053701016,0.014396245560629121,10.035655375552283,15.009273127753305,0.8643087265347539,0.21585903083700442,0.0,0.0035954277898685248,0.01156768544073052,0.0,0.0019336263586493577,23.13823429541596,1.0,-0.20000000000000004,1.0183585544946205,-0.579972296204604,-0.5283502313055173,0.029567854435178165,-0.22525597269624573,0.0,1.3266010012883025,-0.4072936993493101,-0.1404663042296061,Banks—Regional,Financial Services,RF
2013Q3,2013,Q3,2013-11-06,2013-09-30,293000000.0,1319000000.0,0.0,0.2,1319000000.0,1.0,116864000000.0,15489000000.0,85105000000.0,0.0,101375000000.0,0.0,-2443000000.0,12852880000.0,13831880000.0,11.159221902017292,0.0,0.04139854874041621,0.312350700497127,0.0,11.159221902017292,0.01891665052617987,9.744412433661864,10.966621160409556,0.8298069597779069,0.16723549488054607,0.0,0.0038123751252637545,0.011286623767798466,0.0,0.002507187842278204,13.850086206896552,1.0,0.11111111111111122,0.8488520839995205,-0.5969470491007124,-0.6058791919308052,0.010727969348659003,0.09737827715355805,0.0,2.7119131728176997,-0.2617353227202617,-0.1827103693505951,Banks—Regional,Financial Services,RF
2013Q2,2013,Q2,2013-08-08,2013-06-30,267000000.0,1305000000.0,0.0,0.18,1305000000.0,1.0,118707000000.0,15329000000.0,86541000000.0,1000000000.0,103378000000.0,0.0,-2736000000.0,13645740000.0,15221740000.0,10.941470378301213,86.541,0.04933154742348808,0.3820210059364603,0.0,10.941470378301213,0.017417965946898036,10.456505747126437,12.776910112359552,0.8901911409746233,0.18726591760299627,0.0,0.003664147199052598,0.0109934544719351,26.607,0.0022492355126487906,14.053285272914522,1.0,-0.21739130434782614,-0.3573512397830749,-0.6237289900260622,-0.6136172215416703,0.004618937644341801,-0.20298507462686566,0.0,1.825609350721635,-0.30659241980648344,-0.24813809460221864,Banks—Regional,Financial Services,RF
2013Q1,2013,Q1,2013-05-08,2013-03-31,335000000.0,1299000000.0,0.0,0.23,1299000000.0,1.0,119718000000.0,15740000000.0,84865000000.0,1000000.0,103978000000.0,0.0,-3003000000.0,11332260000.0,12247260000.0,11.139419674451522,84865.0,0.04884812643044488,0.37153748411689963,0.0,11.139419674451522,0.021283354510800507,8.723833718244803,8.456910447761192,0.7199656925031765,0.06567164179104477,0.0,0.0019413603288311423,0.010850498671878915,32388.0,0.002798242536627742,10.330227894257066,1.0,0.2777777777777779,-0.5105065947858473,-0.6681776157636966,-0.6132744536914364,-0.04062038404726736,0.2641509433962264,0.0,2.444278348281988,-0.33191187473589945,-0.24591977030870177,Banks—Regional,Financial Services,RF
2012Q4,2012,Q4,2013-02-21,2012-12-31,265000000.0,1354000000.0,0.0,0.18,1354000000.0,1.0,121347000000.0,15499000000.0,86346000000.0,125000000.0,105848000000.0,0.0,-3338000000.0,10074690000.0,10571690000.0,10.968860580325549,690.768,0.04932960847816592,0.386218465707465,0.0,10.968860580325549,0.017097877282405315,7.440686853766618,9.504424528301886,0.6500219368991548,0.06415094339622641,0.0,0.0016873968330539202,0.011158083842204587,264.616,0.0021838199543458016,62.9668125,1.0,-0.14285714285714285,0.8454101819800293,-0.6252094081089636,-0.6153749736398445,0.002962962962962963,-0.11960132890365449,0.0,1.4113539235121386,-0.272149464881494,-0.26939696039551875,Banks—Regional,Financial Services,RF
2012Q3,2012,Q3,2012-11-05,2012-09-30,301000000.0,1350000000.0,0.0,0.21,1350000000.0,1.0,121798000000.0,14901000000.0,86438000000.0,70000000.0,106897000000.0,0.0,-3849000000.0,10081820000.0,12445820000.0,10.538189533239038,1234.8285714285714,0.05167572538136915,0.42238775921079125,0.0,10.538189533239038,0.02019998657808201,7.468014814814815,8.373604651162792,0.6765868062546138,0.046511627906976744,0.0,0.0013886381625539833,0.011083925844430943,61.31428571428572,0.0024713049475360844,8.820489938757655,1.0,0.049999999999999906,-0.6216415446915046,-0.6302338833505463,-0.6279950701813012,0.0037174721189591076,-0.15211267605633802,0.0,1.6713632901751714,-0.2979691555161347,-0.3224147006802284,Banks—Regional,Financial Services,RF
2012Q2,2012,Q2,2012-08-06,2012-06-30,355000000.0,1345000000.0,0.0,0.2,1345000000.0,1.0,122345000000.0,14455000000.0,87304000000.0,560000000.0,107890000000.0,0.0,-4136000000.0,9544500000.0,12568500000.0,10.222772277227723,155.9,0.05549879439290531,0.46973365617433416,0.0,10.222772277227723,0.02455897613282601,7.096282527881041,6.721478873239437,0.6602905569007264,0.03943661971830986,0.0,0.0014668133480014668,0.0109935019820998,7.333928571428571,0.0029016306346806163,39.76875,1.0,0.8181818181818182,-0.6071488471993851,-0.6256061187086436,-0.631849370281579,-0.0044411547002220575,0.7839195979899497,0.0,1.9013495026317622,-0.5895304519896043,-0.5220607079654435,Banks—Regional,Financial Services,RF
2012Q1,2012,Q1,2012-05-03,2012-03-31,199000000.0,1351000000.0,0.0,0.11,1351000000.0,1.0,128282000000.0,17534000000.0,92178000000.0,621000000.0,110748000000.0,0.0,-4395000000.0,8448380000.0,8959380000.0,13.677067082683307,148.43478260869566,0.06093606273678302,0.4458195505874301,0.0,13.677067082683307,0.011349378350633056,6.253427091043672,10.61354271356784,0.48182844758754423,0.2864321608040201,0.0,0.006746855610187988,0.010531485321401288,12.404186795491142,0.0015512698585927877,11.766545961002786,1.0,1.1943065693430657,-0.6611302413421657,-0.5894608895210869,-0.5105805829876928,-0.08900876601483479,1.3631386861313868,0.0,0.3970358814352574,-0.6105073322932918,-0.43639130116551517,Banks—Regional,Financial Services,RF
2011Q4,2011,Q4,2012-02-24,2011-12-31,-548000000.0,1483000000.0,0.0,-0.5661157024793388,1483000000.0,1.0,127050000000.0,16499000000.0,93475000000.0,734000000.0,110551000000.0,0.0,-4527000000.0,4140900000.0,5939900000.0,17.132917964693664,127.35013623978202,0.06961038961038961,0.5360324868173829,0.0,17.132917964693664,-0.03321413418995091,2.792245448415374,-1.889096715328467,0.2509788472028608,-0.10218978102189781,0.0,0.01352363012871598,0.011672569854388037,43.4291553133515,-0.004313262495080677,41.82727272727273,1.0,-8.076446280991735,-2.144120901545747,-0.3437460470400806,-0.39838632301803134,-0.07485963817841547,-4.535483870967742,0.0,0.9365814782398723,-0.34363978641550885,-0.2938067412696198,Banks—Regional,Financial Services,RF
2011Q3,2011,Q3,2011-11-03,2011-09-30,155000000.0,1603000000.0,0.0,0.08,1603000000.0,1.0,129762000000.0,17263000000.0,95027000000.0,974000000.0,112499000000.0,0.0,-3913000000.0,4192470000.0,7297470000.0,13.71167593328038,97.56365503080082,0.08564911145019342,0.6438046689451428,0.0,13.71167593328038,0.008978740659213346,2.615389893948846,6.762048387096774,0.24285871517117535,0.3741935483870968,0.0,0.013834326781109942,0.012353385428707942,8.65605749486653,0.0011944945361507993,2.4108510638297873,1.0,1.0,-0.8409021876082889,-0.5347484557511565,-0.4357328210891765,-0.02553191489361702,0.42201834862385323,0.0,0.0782761044755083,-0.459974126640165,-0.515731755649515,Banks—Regional,Financial Services,RF
2011Q2,2011,Q2,2011-08-04,2011-06-30,109000000.0,1645000000.0,0.0,0.04,1645000000.0,1.0,130908000000.0,16888000000.0,97106000000.0,982000000.0,114020000000.0,0.0,-4000000000.0,7799600000.0,12704600000.0,13.424483306836247,98.88594704684317,0.09646469276132856,0.7477498815727144,0.0,13.424483306836247,0.006454287067740407,4.741398176291793,17.888990825688072,0.46184272856466135,0.5137614678899083,0.0,0.00717985537719883,0.012566076939530052,8.225050916496945,0.0008326458276041189,5.531631205673759,1.0,3.0,-0.8856809935731708,-0.5247041623805737,-0.4283956977143409,-0.03575615474794842,0.5797101449275363,0.0,-0.7078227448480543,-0.4717814558282099,-0.5259330802787225,Banks—Regional,Financial Services,RF
2011Q1,2011,Q1,2011-05-05,2011-03-31,69000000.0,1706000000.0,0.0,0.01,1706000000.0,1.0,131756000000.0,16619000000.0,97019000000.0,964000000.0,115137000000.0,0.0,-4043000000.0,9125820000.0,15307820000.0,13.221161495624504,100.64211618257261,0.09988918910713744,0.7919249052289548,0.0,13.221161495624504,0.00415187436067152,5.349249706916765,33.064565217391305,0.5491196822913532,0.8115942028985508,0.0,0.006136434862839724,0.012948176933118795,7.6970954356846475,0.000523695315583351,6.9983282208588955,1.0,-0.6666666666666666,-0.9149745867285997,-0.48923114831590125,-0.43372289153005905,-0.18373205741626794,-0.2247191011235955,0.0,-0.8866665751714832,-0.5101282001101272,-0.5410029380654533,Banks—Regional,Financial Services,RF
2010Q4,2010,Q4,2011-02-24,2010-12-31,89000000.0,2090000000.0,0.0,0.03,2090000000.0,1.0,132351000000.0,16734000000.0,99140000000.0,1221000000.0,115617000000.0,0.0,-4047000000.0,8799000000.0,16687000000.0,13.312649164677804,81.19574119574119,0.10888470808682972,0.861180829449026,0.0,13.312649164677804,0.005318513206645154,4.210047846889952,24.716292134831463,0.5258157045536035,0.6292134831460674,0.0,0.006364359586316627,0.015791342717470968,24.76085176085176,0.0006724543071076153,10.730487804878049,1.0,1.243290322580645,-0.8727629910370239,-0.33932063429184106,-0.42752117971380016,0.29171817058096416,1.5741935483870968,0.0,-0.30330301780140634,-0.3496858759309158,-0.5331896145100119,Banks—Regional,Financial Services,RF
2010Q3,2010,Q3,2010-11-03,2010-09-30,-155000000.0,1618000000.0,0.0,-0.12330946698488465,1618000000.0,1.0,133498000000.0,17163000000.0,99594000000.0,1210000000.0,116335000000.0,0.0,-4070000000.0,9138390000.0,18933390000.0,13.653937947494033,82.30909090909091,0.1164436920403302,0.905727436928276,0.0,13.653937947494033,-0.009031055176833887,5.647954264524103,-14.739338709677417,0.5324471246285615,-0.36129032258064514,0.0,0.00612799409961711,0.012120031760775443,5.175206611570248,-0.001161066083387017,18.764661190965093,1.0,0.5596090464825548,-1.2208814784139703,-0.49342471423006073,-0.4105390075519384,0.0037220843672456576,0.4404332129963899,0.0,-1.2191708430132466,-0.5014760897441374,-0.5180071290343178,Banks—Regional,Financial Services,RF
2010Q2,2010,Q2,2010-08-04,2010-06-30,-277000000.0,1612000000.0,0.0,-0.28,1612000000.0,1.0,135340000000.0,17463000000.0,101073000000.0,1035000000.0,117877000000.0,0.0,-3849000000.0,7896000000.0,17687000000.0,14.5525,97.65507246376812,0.12154573666321856,0.9419916394663002,0.0,14.5525,-0.01586210845788238,4.898263027295285,-7.126353790613718,0.4521559869438241,-0.20938628158844766,0.0,0.007345491388044579,0.011910743313137283,6.884057971014493,-0.0020466972070341365,7.541547277936963,1.0,-0.33333333333333354,-1.4302610049217974,-0.48443131805646183,-0.3729544648969754,-0.018867924528301886,-0.413265306122449,0.0,-1.361199891611829,-0.4712630530289242,-0.47592376180463963,Banks—Regional,Financial Services,RF
2010Q1,2010,Q1,2010-05-05,2010-03-31,-196000000.0,1643000000.0,0.0,-0.21,1643000000.0,1.0,137230000000.0,17638000000.0,102805000000.0,997000000.0,119592000000.0,0.0,-3502000000.0,9372900000.0,19505900000.0,14.77219430485762,103.11434302908727,0.12154776652335496,0.9456854518652908,0.0,14.77219430485762,-0.011112371017122123,5.704747413268412,-11.955229591836734,0.5314037872774691,-0.32142857142857145,0.0,0.006721505617258266,0.011972600743277708,7.071213640922768,-0.0014282591270130438,5.572473246135553,1.0,0.5882352941176472,-1.3159715656371531,-0.4178229893155742,-0.3545532869343337,0.04783163265306122,0.6390423572744015,0.0,-1.3583599824813823,-0.463931300706216,-0.4713926106402101,Banks—Regional,Financial Services,RF
2009Q4,2009,Q4,2010-02-22,2009-12-31,-543000000.0,1568000000.0,0.0,-0.51,1568000000.0,1.0,142318000000.0,17881000000.0,106204000000.0,1775000000.0,124437000000.0,0.0,-3235000000.0,6300390000.0,18907390000.0,15.013434089000839,59.83323943661972,0.14220969940555658,1.1318718192494828,0.0,15.013434089000839,-0.030367429114702756,4.0181058673469385,-2.900732044198895,0.3523510989318271,-0.11970534069981584,0.0,0.010316821657072022,0.011017580348234236,18.123380281690142,-0.0038153993170224427,-31.0364039408867,1.0,-0.3783783783783784,-1.896803438458659,-0.43336517704897826,-0.35037848978378644,-0.030303030303030304,-0.4403183023872679,0.0,-1.9166545877940775,-0.4389631786011228,-0.4728109184306291,Banks—Regional,Financial Services,RF
2009Q3,2009,Q3,2009-11-04,2009-09-30,-377000000.0,1617000000.0,0.0,-0.37,1617000000.0,1.0,139986000000.0,18492000000.0,108527000000.0,2653000000.0,121494000000.0,0.0,-2618000000.0,7383690000.0,20126690000.0,15.552565180824223,40.90727478326423,0.1482005343391482,1.1218905472636815,0.0,15.552565180824223,-0.020387194462470257,4.566289424860853,-4.896346153846154,0.3992910447761194,-0.16710875331564987,0.0,0.008532319206250532,0.01155115511551155,3.204673954014323,-0.002693126455502693,19.430763157894738,1.0,-0.3214285714285713,-1.5713037446328753,-0.4817734411360976,-0.3260407943914994,-0.20344827586206896,-0.5450819672131147,0.0,-1.409748842708912,-0.5030551475778813,-0.35997597069004944,Banks—Regional,Financial Services,RF
2009Q2,2009,Q2,2009-08-05,2009-06-30,-244000000.0,2030000000.0,0.0,-0.28,2030000000.0,1.0,142811000000.0,18737000000.0,112863000000.0,4927000000.0,124074000000.0,0.0,-2169000000.0,3539040000.0,21495040000.0,21.389269406392692,22.90704282524863,0.1622073929879351,1.236323851203501,0.0,21.389269406392692,-0.0130223621711053,1.7433694581280788,-3.626065573770492,0.18887975663126436,-0.24180327868852458,0.0,0.016671187666711877,0.014214591312994096,1.1589202354373858,-0.0017085518622515072,1.5427375762859634,1.0,-8.0,-1.5752284973509758,0.06478557616951287,0.6360328584690785,0.08266666666666667,-4.1688311688311686,0.0,-1.3675008133376074,-0.1576924731355334,-0.089261155458024,Banks—Regional,Financial Services,RF
2009Q1,2009,Q1,2009-05-11,2009-03-31,77000000.0,1875000000.0,0.0,0.04,1875000000.0,1.0,141980000000.0,16817000000.0,110494000000.0,9353000000.0,125163000000.0,0.0,-1913000000.0,2952180000.0,26350180000.0,24.266955266955268,11.813749599059125,0.1980208480067615,1.6718201819587322,0.0,24.266955266955268,0.00457870012487364,1.574496,9.585,0.17554736278765534,1.4545454545454546,0.0,0.0379380661070802,0.013206085364135794,0.5498770447984603,0.0005423299056205099,-4.152151898734177,1.0,1.004439511653718,-0.8540738323394745,-0.19558490646940177,0.2134579565995384,0.15317553791794924,1.0123828135553534,0.0,-0.8278954195134459,0.018236575530011557,0.03938078847978978,Banks—Regional,Financial Services,RF
2008Q4,2008,Q4,2009-02-25,2008-12-31,-6218296000.0,1625945000.0,0.0,-9.01,1625945000.0,1.0,146247810000.0,16812837000.0,117167132000.0,12679469000.0,129434973000.0,0.0,-1868752000.0,5516280000.0,27244730000.0,24.260948051948052,9.240697067045947,0.2181964023939914,1.8979988921560353,0.0,24.260948051948052,-0.36985405853872255,3.3926608833632135,-0.22177619077637992,0.3280992969836084,-0.01119197284915353,0.0,0.012616292138905204,0.011117739130589374,2.32579913244001,-0.04251889994113416,5.77790346907994,1.0,-82.9090909090909,-13.193645256927052,-0.2655593461779537,0.2126237188625847,-0.009089141723938498,-79.25594945948326,0.0,-17.124894394105624,-0.06770715544068506,0.04328437923949004,Banks—Regional,Financial Services,RF
2008Q3,2008,Q3,2008-10-30,2008-09-30,79461000.0,1640859000.0,0.0,0.11,1640859000.0,1.0,144292495000.0,19705279000.0,110576881000.0,7114553000.0,124587216000.0,0.0,4445375000.0,6681120000.0,24948609000.0,28.314216538544436,15.54235114981925,0.14749954250912356,1.0800698127643866,0.0,28.314216538544436,0.004032472719619955,4.07172097054043,21.020123079246424,0.33905229152046007,0.8903235549514856,0.0,0.010588943171204828,0.01137175568278863,0.578386583106486,0.0005506939220920672,7.252406570360432,1.0,-0.6333333333333334,-0.8457557280133521,-0.2677982162782415,0.43365731372034155,-0.04763344724794071,-0.6150014777632963,0.0,-0.7954785481214179,-0.07211536590316407,0.22236722075208604,Banks—Regional,Financial Services,RF
2008Q2,2008,Q2,2008-08-07,2008-06-30,206393000.0,1722928000.0,0.0,0.3,1722928000.0,1.0,144436295000.0,19708494000.0,121517578000.0,8926603000.0,124727801000.0,0.0,4436660000.0,7593119980.0,26631602980.0,28.317696823750175,13.612969905797312,0.15401432860071632,1.1287142995299386,0.0,28.317696823750175,0.010472286720639334,4.407102316521642,9.19740492652367,0.38527144590550655,1.2813903572311076,0.0,0.03483021481243603,0.011928636081394915,0.47625126825960556,0.0014289552359398308,22.98152844573715,1.0,-0.375,-0.6000540382006094,-0.26104136176951,0.4398463181694615,-0.10533637486674252,-0.38695391305380966,0.0,-0.44724469896368113,-0.04988898242574824,0.22016734978413666,Banks—Regional,Financial Services,RF
2008Q1,2008,Q1,2008-05-07,2008-03-31,336668000.0,1925783000.0,0.0,0.48,1925783000.0,1.0,144248971000.0,20021921000.0,121469029000.0,8716951000.0,124227050000.0,0.0,4494573000.0,13728185500.0,31693187500.0,28.804457788685912,13.934806906681017,0.14609584979292503,1.052555146931206,0.0,28.804457788685912,0.016814969952183907,7.128625343561554,10.194156780567207,0.6856577598123577,0.7847196644765764,0.0,0.019244349517275973,0.013350410659081928,0.4905411307233458,0.0023339369263160985,-20.678372654547207,1.0,3.7231358559476795,-0.3232469645828961,-0.12478211801871207,0.4945511356445851,0.08361120645513423,3.765900822468538,0.0,-0.0677077851072412,0.17214981905209054,0.2585633669354342,Banks—Regional,Financial Services,RF
2007Q4,2007,Q4,2008-02-27,2007-12-31,70641000.0,1777190000.0,0.0,0.1016273964246768,1777190000.0,1.0,141041717000.0,19823029000.0,107581744000.0,2299887000.0,121218688000.0,0.0,4439505000.0,16439067699.999998,26311673700.0,28.518322596238228,46.776969477196054,0.09660033421175665,0.6873155964207085,0.0,28.518322596238228,0.003563582538269,9.250033873699492,58.17820989227219,0.8292914115193999,3.7254427315581604,0.0,0.01600875455972482,0.012600456360014393,9.648504470002221,0.0005008518153533256,-17.330112778625825,1.0,-0.8185225063845057,-0.8558505987346283,-0.2296123495303057,0.5124787205832194,-0.017543568694113908,-0.8207827198830944,0.0,-0.8000966849368244,0.10041572020459476,0.23396923608397316,Banks—Regional,Financial Services,RF
2007Q3,2007,Q3,2007-11-09,2007-09-30,394164000.0,1808925000.0,0.0,0.56,1808925000.0,1.0,138235189000.0,19846349000.0,104765600000.0,1727346000.0,118388840000.0,0.0,4632033000.0,21227846700.0,30840448700.0,28.328091077650377,60.651195533494736,0.09074995368943287,0.6320979742924001,0.0,28.328091077650377,0.019860781446501823,11.735061818483354,13.46384163698359,1.0696096647297697,0.6373210135882527,0.0,0.011833936976754217,0.013085850376346648,2.3869925307379067,0.0028514013172145337,340.14624246891424,1.0,-0.11111111111111104,-0.20438370669103786,-0.1916660518890306,0.0,0.003767196260437614,-0.13047391514397463,0.0,0.013727475373565319,-0.0161050124068192,0.22757741485875613,Banks—Regional,Financial Services,RF
2007Q2,2007,Q2,2007-08-03,2007-06-30,453309000.0,1802136000.0,0.0,0.63,1802136000.0,1.0,137622472000.0,19696387000.0,103682057000.0,1882114000.0,117926085000.0,0.0,4489078000.0,23478558200.0,31778439200.0,27.76790653610067,55.088085525106344,0.08116436100639146,0.5671111153532878,0.0,27.76790653610067,0.023014830080257866,13.028183333555292,12.948429327456548,1.1920236031105604,0.5594087035554114,0.0,0.01080070581165414,0.013094780044352059,2.1717515517125956,0.003293858869211418,-36.35470340761111,1.0,0.39999999999999997,-0.06146830451710389,-0.14186980772209476,0.0,-0.03419920147913931,0.36136596382376174,0.0,0.31979228338949267,0.16738567593780587,1.123925162697768,Banks—Regional,Financial Services,RF
2007Q1,2007,Q1,2007-05-07,2007-03-31,332981000.0,1865950000.0,0.0,0.45,1865950000.0,1.0,138068068000.0,20314166000.0,103324529000.0,2356205000.0,117753902000.0,0.0,4289354000.0,25711195770.0,33631920770.0,27.945493389240372,43.85209648566232,0.07930379673307227,0.5389993367190167,0.0,27.945493389240372,0.016391566358175867,13.779145084273427,19.30380094509897,1.265678136626431,0.8032560416360093,0.0,0.010402822272159145,0.013514710729493224,1.7876606661983996,0.0024117162268106774,5.735896401277231,1.0,-0.09524672867728198,-0.316273503812077,-0.08962080897886682,0.0,0.09388043671972461,-0.07902066375144862,0.0,-0.3983998658672332,-0.2368235504839509,0.3974015665018467,Banks—Regional,Financial Services,RF
