Quarters,Year,Quarter,FillingDate,Date,NetIncome,Revenue,OperatingIncome,EPSDiluted,GrossProfit,GrossProfitRatio,TotalAssets,CommonStockEquity,CurrentAssets,CurrentLiability,TotalLiability,Inventory,RetainedEarnings,MarketCap,EnterpriseValue,bookValuePerShare,currentRatio,debtToAssets,debtToEquity,roic,shareholdersEquityPerShare,roe,priceToSalesRatio,peRatio,pbRatio,payoutRatio,inventoryTurnover,dividendYield,assetTurnover,quickRatio,returnOnAssets,priceToFreeCashFlowsRatio,grossProfitMargin,epsdilutedGrowth,fiveYNetIncomeGrowthPerShare,fiveYRevenueGrowthPerShare,fiveYShareholdersEquityGrowthPerShare,grossProfitGrowth,netIncomeGrowth,operatingIncomeGrowth,threeYNetIncomeGrowthPerShare,threeYRevenueGrowthPerShare,threeYShareholdersEquityGrowthPerShare,Industry,Sector,Symbol
2023Q1,2023,Q1,2023-05-05,2023-03-31,2301036.0,28450298.0,-547299.0,0.15,25826135.0,0.9077632508,98050712.0,35077397.0,23558122.0,24969858.0,62948315.0,1790505.0,-10040856.0,245148893.54999998,258291331.54999998,2.408138919010022,0.9434623937388831,0.2847063772469087,0.7958305172986467,-0.004506814448018094,2.408138919010022,0.06559882422290343,8.616742557494476,26.634621704093284,6.988799469641376,0.06017159227408871,1.4655993700101368,0.0005647873747052448,0.29015901485753615,0.7328382884676397,0.023467815307654266,50.81461144835666,0.9077632508453866,2.7499999999999996,6.547849875440595,2.739043626582638,29.912989234638058,0.024339172609886436,3.205178813248025,-1.4277086636756442,1.6925979710223806,0.988415344566164,3.8319120905078736,Medical Care Facilities,Healthcare,JYNT
2022Q4,2022,Q4,2023-03-10,2022-12-31,547191.0,27812553.0,1279607.0,0.04,25212484.0,0.9065145512,91943172.0,32374331.0,17614108.0,23118973.0,59543841.0,1859411.0,-12341892.0,203127009.42000002,219438432.42000002,2.228128837579575,0.7618897258109173,0.28339776008598005,0.8048502685661675,0.007031671022308668,2.228128837579575,0.01690200177418338,7.303429117780019,92.80443639423895,6.274322994350062,0.0,1.398329363438207,0.0,0.30249720990700646,0.5906982978871942,0.005951404417502585,56.41222869492624,0.9065145511812598,0.3333333333333334,3.4001901251026863,2.7534404861100805,5.1801556294163955,0.04560911492206356,0.1141855336755492,0.24323612710164147,-0.5953600187713607,0.9148560744672143,4.406397030350113,Medical Care Facilities,Healthcare,JYNT
2022Q3,2022,Q3,2022-11-04,2022-09-30,491113.0,26603000.0,1029255.0,0.03,24112724.0,0.9063911589,88291398.0,31500473.0,18921972.0,21637706.0,56765925.0,1972347.0,-12889083.0,227996967.76000002,242215309.76000002,2.1705219840946537,0.8744906692049518,0.2773821069182753,0.7774630558722087,0.01355275331704574,2.1705219840946537,0.015590654781596455,8.570347996842463,116.06135846536337,7.237890293266391,0.0,1.2625952735497354,0.0,0.3013090810953067,0.6570547728118683,0.005562410507986293,74.51994227896128,0.9063911588918543,0.4999999999999999,2.1113828657898517,2.7138271291239855,5.133230438534765,0.06550742892054373,0.42458128107396254,0.5812919134422603,-0.2405779606895395,0.9943376248779712,6.901012660610084,Medical Care Facilities,Healthcare,JYNT
2022Q2,2022,Q2,2022-08-05,2022-06-30,344742.0,25057318.0,650895.0,0.02,22630273.0,0.9031402722,86235794.0,30458395.0,17707285.0,20238810.0,55752399.0,2227264.0,-13380196.0,221624880.75,237245759.75,2.104086986406647,0.8749172999795937,0.28980413863876525,0.8205123743388317,0.006302018289309322,2.104086986406647,0.011318455880554442,8.844716770964874,160.7179287336617,7.2763151423441705,0.0,1.0896979433062268,0.0,0.29056748755626927,0.6389257569985587,0.0039976671403988,-68.03033786347328,0.9031402722350412,2.3986013986013983,1.309174775401391,2.777838718315964,5.0336528997503365,0.12444276036784088,2.675155614513331,5.002699644557049,-0.289171444612044,1.1381551329149753,9.623320436554486,Medical Care Facilities,Healthcare,JYNT
2022Q1,2022,Q1,2022-05-06,2022-03-31,-205797.0,22438538.0,-162614.0,-0.0143,20125767.0,0.8969286234,85062449.0,29709412.0,25870679.0,20624047.0,55328037.0,1580274.0,-13724938.0,510771554.28000003,516693755.28000003,2.058485994119445,1.2543939121162786,0.284184093970772,0.8136611724257619,-0.002284898654144371,2.058485994119445,-0.006926996737599519,22.763138769557983,-620.4798348372425,17.19224716665547,0.0,1.463525312698937,0.0,0.263788995776503,1.0601215173724148,-0.0024193636842033553,-467.7116785905601,0.8969286234245742,-1.9533333333333334,0.8870863534048681,2.573831228888584,3.8906211906047723,0.005092440759362472,-1.920561291130634,-1.2511867009173858,-1.2058271853832456,1.0019029128210586,12.65913469107266,Medical Care Facilities,Healthcare,JYNT
2021Q4,2021,Q4,2022-03-14,2021-12-31,223556.0,22433598.0,647383.0,0.015,20023797.0,0.8925807175,84040610.0,29537086.0,26581330.0,22810072.0,54478524.0,-309690.0,-13551583.0,947004973.37,949929644.37,2.0488711610830346,1.1653330160465956,0.2671421590109829,0.7600881820231014,0.003086141867935558,2.0488711610830346,0.007568654538230345,42.21369097235316,1059.0243310065487,32.06155723587628,0.0,-7.7813329458490745,0.0,0.2669375912430907,1.0182751286361569,0.0026600949231567928,806.2938038902834,0.8925807175469579,-0.8846153846153846,1.0344938334448883,2.4491393535849624,2.79083292108723,0.07127828538524385,-0.8845921340977082,-0.5164734949711625,-0.7447721037411275,1.356146533982649,10.918753539989147,Medical Care Facilities,Healthcare,JYNT
2021Q3,2021,Q3,2021-11-05,2021-09-30,1937095.0,20991621.0,1338878.0,0.13,18691499.0,0.8904266611901959,80978898.0,29045739.0,25457715.0,21459737.0,51908159.0,0.0,-13775139.0,1410400468.1,1411868491.1,2.018620527413309,1.1863013512234564,0.2594590506776222,0.7233662741374906,0.028388745402840365,2.018620527413309,0.06669119350001733,67.1887353577887,182.02520631409402,48.557913024695296,0.0,0.0,0.0,0.2592233472972181,1.0467531824830845,0.023920984945979384,1090.6619970459958,0.8904266611901959,-0.27777777777777773,1.6524245846136278,2.3745964859766646,1.0959907350408762,0.028120554931557636,-0.27827033318653543,-0.34186221300931063,13.174215353220573,1.4839564071467108,19.760553312474674,Medical Care Facilities,Healthcare,JYNT
2021Q2,2021,Q2,2021-08-06,2021-06-30,2683962.0,20218798.0,2034343.0,0.18,18180260.0,0.8991761033469943,78064702.0,26924107.0,24203404.0,22007359.0,51140495.0,0.0,-15471424.0,1199275292.24,1200837150.24,1.8840303590510665,1.09978684857188,0.2572596767230342,0.7459077472838747,0.041569249626240784,1.8840303590510665,0.09968620314872467,59.314865910426526,111.70755139603318,44.542806646846266,0.0,0.0,0.0,0.25900051472687363,0.969058986132775,0.03438124954348766,269.151499359369,0.8991761033469943,0.12499999999999993,1.7297932219852232,2.604716424397295,0.6226094289475708,0.1519144315960161,0.15973602236887646,0.03178361962107364,60.808923676559516,1.5505019881495,18.078428396831377,Medical Care Facilities,Healthcare,JYNT
2021Q1,2021,Q1,2021-05-07,2021-03-31,2314287.0,17547965.0,1971676.0,0.16,15782648.0,0.8994004717925982,66907559.0,23314385.0,23160067.0,17643767.0,43593074.0,0.0,-18155795.0,685816076.54,685545091.54,1.6443429091651314,1.3126486537710456,0.26250458487059736,0.7533349475012959,0.0414561440781835,1.6443429091651314,0.09926433830444166,39.08237089257928,74.08502883825558,29.416005463579673,0.0,0.0,0.0,0.2622717860623192,1.140744660706526,0.0345893204682598,-9954.800582642649,0.8994004717925982,-0.7777777777777777,1.5819327008840003,2.6469955655126918,0.19095572274700248,0.04543570330981873,-0.7823450084704692,-0.28944515719825287,6.732350676817198,1.3692708965473281,20.1082318581404,Medical Care Facilities,Healthcare,JYNT
2020Q4,2020,Q4,2021-03-05,2020-12-31,10632823.0,17038144.0,2774840.0,0.72,15096718.0,0.886054138291119,65732843.0,20750983.0,25133704.0,18685644.0,44981760.0,0.0,-20470081.0,370480386.64000005,357642745.64000005,1.4708492898154573,1.3450809616195192,0.117393629239496,0.3718675399618418,0.25405339730757165,1.4708492898154573,0.5124009305968782,21.744175107335636,8.710771980310403,17.85363067571305,0.0,0.0,0.0,0.25920290713730426,1.1990358480553307,0.16175814881458878,152.81272238006147,0.886054138291119,5.545454545454545,3.4136877632069256,2.475303078130348,-0.22984009765782473,0.10208641111635182,5.629111467313067,0.6271323993348017,49.03361658346629,1.368105063131178,3.079691158411958,Medical Care Facilities,Healthcare,JYNT
2020Q3,2020,Q3,2020-11-06,2020-09-30,1603959.0,15410553.0,1705356.0,0.11,13698307.0,0.8888913331014143,52052811.0,9420993.0,22020337.0,15928758.0,42631718.0,0.0,-31102905.0,244043173.65,233291835.65,0.6713200202229873,1.382426489246682,0.14512545729758955,0.8018462597307948,0.05295708587815376,0.6713200202229873,0.17025370892431402,15.836107481022907,38.03762653066569,25.904187982094882,0.0,0.0,0.0,0.2960561150098119,1.2637228841068462,0.030814070732894713,69.46715130883987,0.8888913331014143,10.0,1.6791890470801645,1.6126017480716492,-0.39126345727684864,0.220648855941356,12.87687848769304,5.59497880766018,4.7537153252929825,1.2248211136760905,0.8969447958606105,Medical Care Facilities,Healthcare,JYNT
2020Q2,2020,Q2,2020-08-07,2020-06-30,115585.0,12589793.0,258584.0,0.01,11222152.0,0.8913690638122486,49608067.0,7501551.0,18816153.0,14837040.0,42106416.0,0.0,-32706863.0,213489625.68,206412626.68,0.5365538648781802,1.2681877921741802,0.15110983864781508,0.999295612334036,0.004354005844188938,0.5365538648781802,0.01540814692854851,16.957357891428398,461.75893429078167,28.459398020489363,0.0,0.0,0.0,0.25378519586340664,1.120912864021395,0.0023299637939934244,254.33022802676615,0.8913690638122486,-0.8333333333333333,1.0435143062543537,1.5669346547145964,-0.5688846014122931,-0.07699897296758905,-0.858168690724673,-0.6567544965819341,1.1073289597196267,0.9653187781547434,0.5386149924453785,Medical Care Facilities,Healthcare,JYNT
2020Q1,2020,Q1,2020-05-08,2020-03-31,814947.0,13644486.0,753350.0,0.06,12158331.0,0.8910801770033697,46414121.0,6922864.0,14824514.0,12886963.0,39491157.0,0.0,-32822448.0,150713802.04999998,144544660.04999998,0.4983821878176817,1.1503496983734647,0.09789486264320292,0.6563329858856104,0.03149742266246065,0.4983821878176817,0.11771818715491161,11.045766183497127,46.23423426615473,21.770440969228922,0.0,0.0,0.0,0.29397273299649473,0.9806322870640662,0.017558169420034908,715.6095041047628,0.8910801770033697,-0.3333333333333333,1.2977775261180018,2.7845445336221317,-0.6524503656775135,-0.006770409687474497,-0.36915062024655043,-0.43904600217426915,1.4645790392052986,1.257977006696084,0.18407338972629894,Medical Care Facilities,Healthcare,JYNT
2019Q4,2019,Q4,2020-03-06,2019-12-31,1291825.0,13875168.0,1342980.0,0.09,12241209.0,0.882238615056769,43705667.0,5720400.0,13303672.0,13566314.0,37985167.0,0.0,-33637395.0,224025556.44,229842367.44,0.41212822977510466,0.9806401355592979,0.05347960940625846,0.40860114677295295,0.05863802467001594,0.41212822977510466,0.22582773931892874,16.145790554752203,43.35447069843052,39.162568428781206,0.0,0.0,0.0,0.3174683960320294,0.8277707563012326,0.0295573798244516,136.1509866417085,0.882238615056769,1.2499999999999998,1.2656271556118606,2.5634560216032956,-0.8067721882268458,0.08334000029027813,1.0937874809556225,1.097164335495074,1.2070226103109665,1.2156901237430757,-0.23747803628851338,Medical Care Facilities,Healthcare,JYNT
2019Q3,2019,Q3,2019-11-08,2019-09-30,616980.0,12726377.0,640379.0,0.04,11299508.0,0.8878809735087999,41778710.0,3803708.0,11293608.0,13368135.0,37974902.0,0.0,-35352764.0,257674897.45,264906265.45,0.27471440400489816,0.8448155258755241,0.07706097196395006,0.846413026446825,0.03004988187344014,0.27471440400489816,0.1622048800801744,20.247309776380188,104.40974482560213,67.7430805545536,0.0,0.0,0.0,0.3046139289604681,0.6980097074124401,0.014767808771501082,229.3038233040587,0.8878809735087999,0.3333333333333334,3.0194724399558948,3.6405139671007705,2.533674392032378,0.14473737264242217,0.33470341366330636,0.31332854799015586,1.2159496429337422,1.1260949905574076,-0.7147562715443204,Medical Care Facilities,Healthcare,JYNT
2019Q2,2019,Q2,2019-08-09,2019-06-30,462260.0,11169979.0,487600.0,0.03,9870830.0,0.8836927983481437,36469416.0,2732774.0,12409956.0,11876464.0,33736542.0,0.0,-35969746.0,260496743.35999998,262958613.35999998,0.19806302548933333,1.0449201041656844,0.0781561185405327,1.043009045021652,0.02885990751846133,0.19806302548933333,0.1691541269054814,23.32114889025306,140.88215688140872,95.32319297534299,0.0,0.0,0.0,0.30628346228522,0.8994481859246994,0.012675278375721728,195.02054543548894,0.8836927983481437,-0.5714285714285715,3.2974211561483604,3.2873672770223505,2.248847638770505,0.041948353474742794,-0.5147610230054459,-0.5351165307260706,1.130185579486996,1.0626295315380971,-0.8294194511564321,Medical Care Facilities,Healthcare,JYNT
2019Q1,2019,Q1,2019-05-15,2019-03-31,952644.0,10679376.0,1048865.0,0.07,9473435.0,0.8870775783154372,33939717.0,2072360.0,10904453.0,10863879.0,31867457.0,0.0,-36431807.0,212043442.32,215895300.32,0.15070398240269428,1.003734761773396,0.08407739522400849,1.3769629794051226,0.06620685408152434,0.15070398240269428,0.4596904012816306,19.855414990538772,55.64603417436104,102.31979111737343,0.0,0.0,0.0,0.314657190571153,0.8577283491467458,0.02806870782098743,-283.4744742358452,0.8870775783154372,0.16666666666666682,5.968040718637619,3.70823813373341,0.0,0.20369044480374063,0.14148021313995607,0.12072235525167141,1.2469888141045355,1.2884712192451704,-0.890848940763591,Medical Care Facilities,Healthcare,JYNT
2018Q4,2018,Q4,2019-03-11,2018-12-31,834569.0,9071951.0,935883.0,0.06,7870325.0,0.8675449194996754,23526352.0,2361244.0,11711345.0,8738123.0,21165108.0,0.0,-35750908.0,114282671.36,106665797.36,0.17190314022425035,1.3402586573798514,0.04675608016066409,0.4658561334618532,0.24950735632666451,0.17190314022425035,0.35344462495193213,12.597364267068903,34.23403917471174,48.39934854678297,0.0,0.0,0.0,0.3856080619723789,1.153588476609908,0.03547379551236843,38.29976586346727,0.8675449194996754,6.999999999999999,2111.796754630612,2.6656655878341753,2.2914058298068944,0.1279022758178996,6.497710848929204,5.8921757221565905,1.1945844787738882,0.900572927463195,-0.9099888026569787,Medical Care Facilities,Healthcare,JYNT
2018Q3,2018,Q3,2018-11-09,2018-09-30,-151803.0,8062550.0,-191302.0,-0.01,6977843.0,0.8654635320091039,19803619.0,1334793.0,8423164.0,6188948.0,18468826.0,0.0,-36585477.0,119705648.64000002,115194640.64000002,0.09723346468807038,1.3610009326302306,0.055545403090212955,0.8240978189127453,-0.05905305280114488,0.09723346468807038,-0.11372774654946498,14.847120159254828,-197.13979407521592,89.68105814159948,0.0,0.0,0.0,0.407125081531815,1.1248506208163327,-0.007665417113912361,143.09477596025573,0.8654635320091039,-2.184713375796178,-3.3837373685805816,2.6574863685627323,0.0,0.07264826798301925,-2.548623124035719,-0.9053604509870321,0.9342876970003393,0.3973214741421213,-0.9118310770598663,Medical Care Facilities,Healthcare,JYNT
2018Q2,2018,Q2,2018-08-10,2018-06-30,-42778.0,7556832.0,-100402.0,-0.00314,6505248.0,0.8608432740068854,18787660.0,1345268.0,7227660.0,5567704.0,17442392.0,0.0,-36433673.0,111433767.8,107950742.8,0.09875186361597656,1.2981401310127119,0.05854906891012505,0.8176809379246366,-0.04769469038167127,0.09875186361597656,-0.03179886832958191,14.746095691951336,-651.2329222965076,82.83387979198197,0.0,0.0,0.0,0.4022231613729437,1.065152350053092,-0.0022769200634884814,242.62180278255568,0.8608432740068854,0.8953333333333333,0.7846665125834906,1.9377504158686412,1.622660546542247,0.06198022294367736,0.8894351053491305,0.7713277077425894,0.9834718102519439,0.5812852435895106,-0.92065391411588,Medical Care Facilities,Healthcare,JYNT
2018Q1,2018,Q1,2018-05-11,2018-03-31,-386904.0,7097915.0,-439065.0,-0.03,6125583.0,0.8630116027030473,18243252.0,1058500.0,6647346.0,5668091.0,17184752.0,0.0,-36329890.0,93076683.44999999,90142953.44999999,0.07790055179496191,1.1727662805695958,0.06029626735408797,1.0392064241851677,-0.1747904027212036,0.07790055179496191,-0.3655210203117619,13.113242895977198,-60.141975431890074,87.93262489371753,0.0,0.0,0.0,0.38907070954235573,0.9275666181082837,-0.021208060931241866,-429.24723847867284,0.8630116027030473,-0.912002504713928,-1.0419630246235412,2.1668936637723824,0.0,0.029714652461935283,-0.814763740748037,-0.9450978828595351,0.8554764132694346,1.012612628894643,-0.9456756101007301,Medical Care Facilities,Healthcare,JYNT
2017Q4,2017,Q4,2018-03-09,2017-12-31,-213198.0,6929488.0,-225729.0,-0.015690356014721105,5948816.0,0.8584784330386315,16909970.0,4898817.0,6656771.0,4967289.0,12011153.0,0.0,-32258607.0,67395671.52,64279450.519999996,0.36052956773031647,1.3401215431596591,0.06505038152048762,0.2245440072572623,-0.031264873863088675,0.36052956773031647,-0.04352030296293983,9.725923693063613,-79.02943686150903,13.757540140813587,0.0,0.0,0.0,0.4097871255833097,1.1125845506472445,-0.012607828399459018,51.2777435126445,0.8584784330386315,0.4769881328426298,-544.0972913445913,1.8304795565000578,3.7084437490631106,0.03879492569042535,0.4720312623821222,0.40224823239679053,0.9552188111531364,0.8179335557110319,-0.8309644076309319,Medical Care Facilities,Healthcare,JYNT
2017Q3,2017,Q3,2017-11-13,2017-09-30,-403808.0,6545851.0,-377630.0,-0.03,5726651.0,0.8748520245877885,15648006.0,4693372.0,5417723.0,4109825.0,10954634.0,0.0,-32045409.0,63127272.32,61598624.32,0.3538953909928735,1.3182369078975382,0.07029649656320429,0.23437306908551037,-0.07157958838552984,0.3538953909928735,-0.08603792752843797,9.643860258964036,-39.082479990490526,13.450302324213807,0.0,0.0,0.0,0.41831853847704303,0.9826075319508738,-0.02580571607654036,-82.39275925212908,0.8748520245877885,0.625,-7.563584139341437,2.073721384139539,0.0,0.09191606816091785,0.6006495497259589,0.6164436711631417,-0.37993118833322675,1.4919715650695364,2.9757256653145077,Medical Care Facilities,Healthcare,JYNT
2017Q2,2017,Q2,2017-08-11,2017-06-30,-1011162.0,6014808.0,-984549.0,-0.08,5244589.0,0.8719462034365851,16126156.0,4577805.0,5593521.0,4590083.0,11548351.0,0.0,-31641601.0,49883569.0,47936792.0,0.34872522854168675,1.2186099902768643,0.06821216413880654,0.24028983322793349,-0.17384719244051972,0.34872522854168675,-0.2208835894058397,8.293459907614674,-12.333228750684855,10.896831341658283,0.0,0.0,0.0,0.37298460959946067,0.9234865687613928,-0.06270322574083992,109.60266165126085,0.8719462034365851,0.38461538461538464,-4.282036865467128,1.426534596517506,3.1988186698049015,0.06343302270004195,0.38608214374183397,0.37961234790389353,-4.282036865467128,1.426534596517506,3.1988186698049015,Medical Care Facilities,Healthcare,JYNT
2017Q1,2017,Q1,2017-05-12,2017-03-31,-1647064.0,5673857.0,-1586990.0,-0.13,4931753.0,0.8692064322382465,16473138.0,5489691.0,5792555.0,4980743.0,10983447.0,0.0,-30630438.0,54778899.0,53270292.0,0.42090481227087095,1.1629901402260667,0.07090330937554216,0.21276243052659977,-0.2443950840078905,0.42090481227087095,-0.30002854441169824,9.654613960133291,-8.31462818081143,9.97850316165336,0.0,0.0,0.0,0.3444308546434808,0.7829376058953453,-0.09998483591893663,-42.266299240302395,0.8692064322382465,0.7111111111111111,-8.056104986610395,1.637347717482252,0.0,-0.019108453811159373,0.71407447141854,0.7231145016858368,-8.056104986610395,1.637347717482252,0.0,Medical Care Facilities,Healthcare,JYNT
2016Q4,2016,Q4,2017-03-10,2016-12-31,-5760465.0,5780972.0,-5731575.0,-0.45,5027827.0,0.8697200055630783,17054861.0,6925413.0,5696656.0,5863884.0,10129448.0,0.0,-28983374.0,33955610.699999996,31277246.699999996,0.5404804705809635,0.9714817005247717,0.01943727363125387,0.04786718135077287,-0.7942604706435588,0.5404804705809635,-0.8317864941773148,5.873685376784388,-1.4736488590764807,4.903044872558503,0.0,0.0,0.0,0.338963302016944,0.7016572974499495,-0.33776088823004774,-59.21305977176657,0.8697200055630783,-1.142857142857143,-15617.276118111846,1.504058080615968,5.060307622621114,0.05078531558501163,-1.192880641548536,-1.1922109543709396,-15617.276118111846,1.504058080615968,5.060307622621114,Medical Care Facilities,Healthcare,JYNT
2016Q3,2016,Q3,2016-11-14,2016-09-30,-2626894.0,5503590.0,-2614518.0,-0.21,4784828.0,0.8694012453689319,22125576.0,12260693.0,7413150.0,5346807.0,9864883.0,0.0,-23222909.0,30298885.119999997,27243887.119999997,0.9630865698334976,1.3864629862271072,0.01498266079039027,0.027037623403505823,-0.20876469954616897,0.9630865698334976,-0.21425330525770445,5.505294747610196,-2.8835275728674246,2.471221253154287,0.0,0.0,0.0,0.24874335474927298,0.9977163941021249,-0.11872658140063788,-12.392430408625774,0.8694012453689319,0.19230769230769237,-45.48043920326104,1.6921846025136822,0.0,0.12682235036509415,0.19454574778422154,0.18065538969604075,-45.48043920326104,1.6921846025136822,0.0,Medical Care Facilities,Healthcare,JYNT
2016Q2,2016,Q2,2016-08-12,2016-06-30,-3261382.0,4974041.0,-3190987.0,-0.26,4246302.0,0.853692601247155,25256690.0,14714735.0,9515530.0,5381147.0,10541955.0,0.0,-20596017.0,25726137.22,20157774.22,1.1611114328807113,1.768308875412621,0.02179224593563131,0.03740468312885009,-0.21385515868553853,1.1611114328807113,-0.2216405528200134,5.172079848155654,-1.9720272893515691,1.7483248743521373,0.0,0.0,0.0,0.19693954354272075,1.4888758846394645,-0.1291294306577782,-7.568803849401436,0.853692601247155,0.07142857142857148,-16.64727833298809,1.0785929860246268,8.321160866446556,0.20459973453032038,0.07482041817417437,0.08453891528751649,-16.64727833298809,1.0785929860246268,8.321160866446556,Medical Care Facilities,Healthcare,JYNT
2016Q1,2016,Q1,2016-05-16,2016-03-31,-3525134.0,4265036.0,-3485661.0,-0.28,3525073.0,0.8265048642027875,28671619.0,17352399.0,13633845.0,6171829.0,11319220.0,0.0,-17334636.0,39337530.129999995,29431384.129999995,1.3806918911916954,2.2090445150051954,0.016090824867615604,0.026587101875654197,-0.1981683252583335,1.3806918911916954,-0.20314966247606456,9.223258638379605,-2.789789702320536,2.26697934562247,0.0,0.0,0.0,0.14875462735466735,1.960625934386711,-0.12294855062073753,-6.22166428581596,0.8265048642027875,0.09677419354838701,-19.11443609966459,1.0573726661445084,0.0,0.16515200043365894,-0.042629349151908726,0.005307256113203962,-19.11443609966459,1.0573726661445084,0.0,Medical Care Facilities,Healthcare,JYNT
2015Q4,2015,Q4,2016-03-17,2015-12-31,-3381004.0,3762771.0,-3504259.0,-0.31,3025419.0,0.8040401608282832,33362328.0,20679306.0,19025143.0,7487382.0,12683022.0,0.0,-13809502.0,64643225.669999994,48432225.669999994,1.9097972840995452,2.540960645523362,0.01744032970361061,0.028136824320893553,-0.153810447177675,1.9097972840995452,-0.1634969761557762,17.179686372091204,-4.779883850329665,3.1259862236189164,0.0,0.0,0.0,0.11278502507378982,2.3597003598854713,-0.1013419687019443,-11.987354874756564,0.8040401608282832,-0.8235294117647057,-10846.713897486188,0.9287160912719892,15.347168662644375,-0.10821235931971775,-1.0407793220588608,-0.7086453306574336,-10846.713897486188,0.9287160912719892,15.347168662644375,Medical Care Facilities,Healthcare,JYNT
2015Q3,2015,Q3,2015-11-16,2015-09-30,-1656722.0,4138015.0,-2050899.0,-0.17,3392533.0,0.8198455056349482,22485182.0,10857113.0,11588850.0,5884972.0,11628069.0,0.0,-10428498.0,63795366.720000006,54907703.720000006,1.1028088066142243,1.96922772104948,0.028211913072351383,0.05842713435883001,-0.17913629591674501,1.1028088066142243,-0.15259323542087108,15.41690078938815,-9.626745875288673,5.8759051987392965,0.0,0.0,0.0,0.18403297780733996,1.807863316936767,-0.0736806133034636,-24.80928584900781,0.8198455056349482,0.1052631578947368,-37.27535879533686,1.6174981464506786,0.0,0.2875239854751249,0.1073070850867787,-0.11096070060599364,-37.27535879533686,1.6174981464506786,0.0,Medical Care Facilities,Healthcare,JYNT
2015Q2,2015,Q2,2015-08-14,2015-06-30,-1855870.0,3426746.0,-1846059.0,-0.19,2634928.0,0.7689300578449643,24036127.0,12157259.0,14535336.0,5315689.0,11878868.0,0.0,-8771774.0,99440581.39999999,87479990.39999999,1.2445713297086576,2.7344218218936436,0.02576954265552017,0.050948984470923914,-0.14448683337326293,1.2445713297086576,-0.15265529836947622,29.018953082603726,-13.395413121608733,8.17952314744631,0.0,0.0,0.0,0.1425664792002472,2.51132129814216,-0.07721169055230903,-47.99733052610443,0.7689300578449643,0.050000000000000044,-12.028256009817065,0.8578244676463055,8.847400909625255,0.34254474974231097,0.025136535094654,0.03611276598077613,-12.028256009817065,0.8578244676463055,8.847400909625255,Medical Care Facilities,Healthcare,JYNT
2015Q1,2015,Q1,2015-05-15,2015-03-31,-1903723.0,2507898.0,-1915223.0,-0.2,1962637.0,0.7825824654750712,26526558.0,13855917.0,19486498.0,4764376.0,12670641.0,0.0,-6915904.0,76043890.74,59215960.739999995,1.433988525953216,4.090042011797557,0.009613007462181864,0.018403689918177195,-0.13572633160552217,1.433988525953216,-0.1373942265964786,30.321763779866643,-9.986207386788939,5.488188962159632,0.0,0.0,0.0,0.09454291054270969,3.836601267406267,-0.07176668001932252,-39.97929150267969,0.7825824654750712,0.4285714285714285,-13.128925740200193,0.5735236966647118,0.0,0.3265425852966483,0.25844411871139034,-1.045053202564828,-13.128925740200193,0.5735236966647118,0.0,Medical Care Facilities,Healthcare,JYNT
2014Q4,2014,Q4,2015-03-20,2014-12-31,-2567201.0,2055396.0,-936515.0,-0.35,1479513.0,0.7198189545956107,28559028.0,15627353.0,23403031.0,4264586.0,12931675.0,0.0,-5012181.0,46745883.58,25949100.58,2.1328618587211223,5.487761531834509,0.0,0.0,-0.1632864838585554,2.1328618587211223,-0.16427612532973435,22.74300600954755,-4.5522227885545385,2.9912860853658327,0.0,0.0,0.0,0.07197009646126612,5.141186037753723,-0.08989104951330977,-49.126298367391975,0.7198189545956107,-14.862225243598457,-12171.461370077515,0.556976352412945,17.02291985435566,0.2020977009626447,-11.685491641671566,-2.012997667497788,-12171.461370077515,0.556976352412945,17.02291985435566,Medical Care Facilities,Healthcare,JYNT
2014Q3,2014,Q3,2014-09-30,2014-09-30,-202373.0,1816595.0,-310825.0,-0.022065,1230776.0,0.6775181039252007,9775567.0,-1642833.0,5512256.0,3988204.0,11418400.0,0.0,-2444980.0,60349134.58,57975209.58,-0.1791217258578955,1.3821399306555031,0.0,0.0,0.10477991139582554,-0.1791217258578955,0.12318537550682267,33.221017662164655,-74.55186040133812,-36.734795673084236,0.0,0.0,0.0,0.18583014161736092,0.7658810833146951,-0.02070191938738694,-157.22061893968998,0.6775181039252007,-0.5130631557292739,-5.756457564575646,0.23344962166683855,0.0,0.0451367246875483,-0.5130804716296944,-0.4860988262293514,-5.756457564575646,0.23344962166683855,0.0,Medical Care Facilities,Healthcare,JYNT
2014Q2,2014,Q2,2014-06-30,2014-06-30,-133749.0,1731835.0,-209155.0,-0.014583,1177622.0,0.6799851025068785,10126008.0,-1454585.0,5825390.0,4216747.0,11580593.0,0.0,-2242607.0,60349134.58,57088468.58,-0.15859662887646334,1.3814890957413382,0.0,0.0,0.0903091695477617,-0.15859662887646334,0.0919499376110712,34.84693090277076,-112.80296409692784,-41.488902044225675,0.0,0.0,0.0,0.1710284052708629,0.8415240468541271,-0.013208462801925497,261.97862718626146,0.6799851025068785,-0.045751165292219405,0.0,0.0,0.0,0.19882562889832467,-0.045780099144604125,-0.32892170255484887,0.0,0.0,0.0,Medical Care Facilities,Healthcare,JYNT
2014Q1,2014,Q1,2014-03-31,2014-03-31,-127894.0,1512837.0,-157387.0,-0.013945,982313.0,0.6493184659021428,,,,,,,,60349134.58,,,0.0,0.0,0.0,0.0,,0.0,39.89136607579005,-117.96709497709041,0.0,0.0,0.0,0.0,0.0,0.0,0.0,-120.88830557636605,0.6493184659021428,-483.46203009469696,0.0,0.0,0.0,-0.13814577891797183,-483.4469696969697,-2.1133063118505473,0.0,0.0,0.0,Medical Care Facilities,Healthcare,JYNT
2013Q4,2013,Q4,2013-12-31,2013-12-31,-264.0,1652479.0,141369.0,-2.878450556233312e-05,1139767.0,0.6897316092973043,9768435.0,-1220861.0,5660799.0,3589459.0,10989296.0,0.0,-1980961.0,60349134.58,56832384.58,-0.13311318274748324,1.577061891499527,0.0,0.0,0.00022416935201330615,-0.13311318274748324,0.00021624083331353856,36.52036399857426,-57148.80168560606,-49.431617997462446,0.0,0.0,0.0,0.1691651733363635,1.0969157190540413,-2.7025823481448155e-05,-295.0221188122684,0.6897316092973043,-1.006204894495006,0.0,0.0,0.0,0.1559256851527503,-1.0062049028133593,-0.27029705525589076,0.0,0.0,0.0,Medical Care Facilities,Healthcare,JYNT
2013Q3,2013,Q3,2013-09-30,2013-09-30,42547.0,1472776.0,193735.0,0.004639,986021.0,0.669498280797623,,,,,,,,60349134.58,,,0.0,0.0,0.0,0.0,,0.0,40.97645166678436,354.6027603591323,0.0,0.0,0.0,0.0,0.0,0.0,0.0,384.7300130688954,0.669498280797623,0.0,0.0,0.0,0.0,0.0,0.0,0.0,0.0,0.0,0.0,Medical Care Facilities,Healthcare,JYNT
