Quarters,Year,Quarter,FillingDate,Date,NetIncome,Revenue,OperatingIncome,EPSDiluted,GrossProfit,GrossProfitRatio,TotalAssets,CommonStockEquity,CurrentAssets,CurrentLiability,TotalLiability,Inventory,RetainedEarnings,MarketCap,EnterpriseValue,bookValuePerShare,currentRatio,debtToAssets,debtToEquity,roic,shareholdersEquityPerShare,roe,priceToSalesRatio,peRatio,pbRatio,payoutRatio,inventoryTurnover,dividendYield,assetTurnover,quickRatio,returnOnAssets,priceToFreeCashFlowsRatio,grossProfitMargin,epsdilutedGrowth,fiveYNetIncomeGrowthPerShare,fiveYRevenueGrowthPerShare,fiveYShareholdersEquityGrowthPerShare,grossProfitGrowth,netIncomeGrowth,operatingIncomeGrowth,threeYNetIncomeGrowthPerShare,threeYRevenueGrowthPerShare,threeYShareholdersEquityGrowthPerShare,Industry,Sector,Symbol
2023Q1,2023,Q1,2023-05-02,2023-03-31,312000000.0,2557000000.0,474000000.0,7.72,2159000000.0,0.8443488463,8511000000.0,-444000000.0,1983000000.0,2749000000.0,9760000000.0,0.0,2891000000.0,7714080000.0,13714080000.0,-11.212121212121213,0.7213532193524919,0.7693573023146516,-14.747747747747749,0.046821751370573414,-11.212121212121213,-0.7027027027027027,3.016847868596011,6.181153846153847,-17.374054054054053,0.0,0.0,0.0,0.30043473152391026,0.4907238995998545,0.036658442016214314,9.953651612903226,0.8443488463042628,-0.23564356435643563,8.335423197492162,1.6562860704556996,-2.996003996003996,-0.061712299000434595,-0.2624113475177305,-0.20336134453781513,4.6352128883774455,1.668483302411874,-3.7991905354919058,Rental & Leasing Services,Industrials,CAR
2022Q4,2022,Q4,2023-02-16,2022-12-31,423000000.0,2771000000.0,595000000.0,10.1,2301000000.0,0.8303861422,25927000000.0,-703000000.0,1886000000.0,2574000000.0,26627000000.0,252000000.0,2579000000.0,6721130000.0,27070130000.0,-17.146341463414632,0.7327117327117327,0.8068422879623558,-29.756756756756758,0.021580875245295544,-17.146341463414632,-0.6017069701280228,2.4255250811981233,3.972299054373523,-9.56064011379801,0.0,1.8650793650793651,0.0,0.10687700080996644,0.5912975912975913,0.016315038376981526,-3.6807940854326398,0.8303861421869361,-0.5339178587909553,2.812627494456762,1.7201436851002172,-3.4328055165368405,-0.3039927404718693,-0.5909090909090909,-0.5774147727272727,4.369237375472347,1.2963487524530417,-2.931577186198691,Rental & Leasing Services,Industrials,CAR
2022Q3,2022,Q3,2022-11-01,2022-09-30,1034000000.0,3547000000.0,1408000000.0,21.67,3306000000.0,0.932055258,25197000000.0,-509000000.0,1976000000.0,2746000000.0,25704000000.0,252000000.0,2156000000.0,6947928000.0,26370928000.0,-10.876068376068377,0.71959213401311,0.7939040361947851,-39.30058939096267,0.04960811364516335,-10.876068376068377,-2.031434184675835,1.9588181561883282,1.6798665377176016,-13.650153241650296,0.0,0.9563492063492064,0.0,0.14077072667381038,0.5815731973780044,0.041036631345001386,-30.20838260869565,0.932055257964477,0.3793761935073202,6.448840048840048,1.2764739704739705,-3.24030735127992,0.1349124613800206,0.32904884318766064,0.22010398613518198,7.790847013069235,1.0428146922770578,-2.6522835189501857,Rental & Leasing Services,Industrials,CAR
2022Q2,2022,Q2,2022-08-02,2022-06-30,778000000.0,3244000000.0,1154000000.0,15.71,2913000000.0,0.8979654747,26095000000.0,-654000000.0,2065000000.0,2771000000.0,26744000000.0,301000000.0,1122000000.0,7133380000.000001,27633380000.0,-13.484536082474227,0.7452183327318658,0.8077792680590151,-32.230886850152906,0.03624444659509858,-13.484536082474227,-1.1896024464831805,2.198945745992602,2.2922172236503857,-10.90730886850153,0.0,1.0996677740863787,0.0,0.12431500287411382,0.5979790689281848,0.029814140639969344,-3.0251823579304498,0.8979654747225647,0.6246122026887281,448.1546391752578,1.5411461903229868,-8.653385344106994,0.29812834224598933,0.476280834914611,0.5264550264550265,18.663451945460594,1.1530628730618255,-3.725597718797982,Rental & Leasing Services,Industrials,CAR
2022Q1,2022,Q1,2022-05-03,2022-03-31,527000000.0,2432000000.0,756000000.0,9.67,2244000000.0,0.9226973684,23573000000.0,-992000000.0,1768000000.0,2702000000.0,24556000000.0,246000000.0,344000000.0,13981230000.0,32689230000.0,-18.681732580037664,0.6543301258327165,0.8169515971662495,-19.413306451612904,0.027666731479681118,-18.681732580037664,-0.53125,5.748861019736842,6.632462049335865,-14.093981854838711,0.0,0.7642276422764228,0.0,0.10316887965044755,0.5310880829015544,0.022356085351885633,-8.651751237623762,0.9226973684210527,0.4651515151515152,8.94901173944418,1.1625852775313483,-12.354783561058355,0.03888888888888889,0.38320209973753283,0.233278955954323,9.266923283872435,0.8006579615694183,-5.370602869033503,Rental & Leasing Services,Industrials,CAR
2021Q4,2021,Q4,2022-02-17,2021-12-31,381000000.0,2689000000.0,613000000.0,6.6,2160000000.0,0.803272592,22600000000.0,-220000000.0,1847000000.0,2408000000.0,22809000000.0,205000000.0,-185000000.0,11695668000.0,28966668000.0,-3.900709219858156,0.7670265780730897,0.7878318584070797,-80.93181818181819,0.021515483072354933,-3.900709219858156,-1.731818181818182,4.349448865749349,7.674322834645669,-53.162127272727275,0.0,2.580487804878049,0.0,0.11898230088495575,0.6424418604651163,0.016858407079646018,-10.433245316681534,0.8032725920416511,-0.3684210526315789,20.04564172958133,1.2235840202244979,-2.542633419980103,-0.18305597579425115,-0.43555555555555553,-0.38018200202224467,38.960310965630114,0.7772102529195587,-1.7245520265871794,Rental & Leasing Services,Industrials,CAR
2021Q3,2021,Q3,2021-11-02,2021-09-30,675000000.0,3153000000.0,989000000.0,10.45,2644000000.0,0.8385664447,21610000000.0,-211000000.0,2267000000.0,2498000000.0,21808000000.0,0.0,-567000000.0,7421687000.0,23657687000.0,-3.3124018838304554,0.9075260208166533,0.7923183711244794,-81.14691943127963,0.03726077157130118,-3.3124018838304554,-3.199052132701422,2.353849349825563,2.748772962962963,-35.17387203791469,0.0,0.0,0.0,0.14590467376214716,0.7850280224179343,0.03123553910226747,-12.974977272727273,0.8385664446558833,0.8561278863232681,3.5833865382737566,0.6821756117137426,-1.63173234240142,0.35173824130879344,0.6959798994974874,0.7411971830985915,2.920224644570721,0.3915142499822178,-1.5009928377079462,Rental & Leasing Services,Industrials,CAR
2021Q2,2021,Q2,2021-08-04,2021-06-30,398000000.0,2411000000.0,568000000.0,5.63,1956000000.0,0.8112816259,22013000000.0,92000000.0,2736000000.0,2467000000.0,21921000000.0,0.0,-1242000000.0,5444511000.0,21268511000.0,1.3161659513590844,1.1090393190109444,0.7789942306818698,186.3913043478261,0.023633383973909437,1.3161659513590844,4.326086956521739,2.2581961841559517,3.4199189698492463,59.17946739130435,0.0,0.0,0.0,0.10952618907009494,0.9663558978516417,0.01808022532140099,-2.3984629955947137,0.811281625881377,3.316872427983539,13.851454458750597,0.4381932321484385,-0.6354336789598289,0.87535953978907,3.3411764705882354,15.564102564102564,16.67282931660614,0.19106333823672558,-0.7144769024874243,Rental & Leasing Services,Industrials,CAR
2021Q1,2021,Q1,2021-05-04,2021-03-31,-170000000.0,1421000000.0,-39000000.0,-2.43,1043000000.0,0.7339901478,18609000000.0,-316000000.0,1868000000.0,2190000000.0,18925000000.0,0.0,-1640000000.0,5070546000.0,19122546000.0,-4.52074391988555,0.8529680365296803,0.7860712558439464,-46.29113924050633,-0.0015733270052206926,-4.52074391988555,0.5379746835443038,3.5682941590429276,-7.456685294117647,-16.046031645569624,0.0,0.0,0.0,0.07636090063947552,0.6853881278538813,-0.009135364608522758,-1.8724320531757754,0.7339901477832512,-0.8837209302325583,-3.592274678111589,0.03911183401219202,-2.1734437721967077,0.03781094527363184,-0.8888888888888888,-0.02631578947368421,-1.2643184845345568,-0.16371134559927814,-1.8047917747488564,Rental & Leasing Services,Industrials,CAR
2020Q4,2020,Q4,2021-02-17,2020-12-31,-90000000.0,1389000000.0,-38000000.0,-1.29,1005000000.0,0.7235421166,17538000000.0,-155000000.0,1795000000.0,2053000000.0,17693000000.0,0.0,-1470000000.0,2599810000.0,15566810000.0,-2.2238163558106168,0.8743302484169508,0.7788231269243927,-88.12258064516129,-0.001573889993373095,-2.2238163558106168,0.5806451612903226,1.8717134629229661,-7.221694444444444,-16.772967741935485,0.0,0.0,0.0,0.07919945261717413,0.7238188017535314,-0.005131713992473486,-4.248055555555555,0.7235421166306696,-3.0476190476190474,-24.69583931133429,0.041419257803551844,-1.5040312697110623,-0.16319733555370525,-3.0,-1.2794117647058822,-1.477174905438894,-0.19793670184809004,-1.3155257761385744,Rental & Leasing Services,Industrials,CAR
2020Q3,2020,Q3,2020-10-30,2020-09-30,45000000.0,1643000000.0,136000000.0,0.63,1201000000.0,0.7309799148,19596000000.0,-76000000.0,2635000000.0,2166000000.0,19672000000.0,0.0,-1380000000.0,1834504000.0,15440504000.0,-1.0903873744619799,1.216528162511542,0.774137579097775,-199.60526315789474,0.006501418732797002,-1.0903873744619799,-0.5921052631578947,1.116557516737675,10.191688888888889,-24.138210526315792,0.0,0.0,0.0,0.08384364155950194,1.0674053554939982,0.0022963870177587263,-6.505333333333334,0.7309799147900182,1.0911722141823443,-0.6396435032125257,-0.06312269300984748,-1.1866379722620755,3.016722408026756,1.0935550935550935,1.258555133079848,-0.7823324451731912,-0.29196921872962045,-1.2246034841161086,Rental & Leasing Services,Industrials,CAR
2020Q2,2020,Q2,2020-07-29,2020-06-30,-481000000.0,762000000.0,-526000000.0,-6.91,299000000.0,0.3923884514,21690000000.0,-153000000.0,2240000000.0,2103000000.0,21843000000.0,0.0,-1425000000.0,1593144000.0,17517144000.0,-2.1982758620689653,1.0651450309082264,0.7921622867680959,-112.30065359477125,-0.021016035602479735,-2.1982758620689653,3.1437908496732025,2.090740157480315,-0.8280374220374221,-10.412705882352942,0.0,0.0,0.0,0.0351313969571231,0.9172610556348074,-0.022176118026740434,-3.278074074074074,0.39238845144356954,-2.184331797235023,-6.098615464994776,-0.47498040752351095,-1.3891243346447582,-0.7530966143682907,-2.0443037974683542,-2.1497005988023954,-194.50574712643677,-0.5840546483881532,-2.2476700838769803,Rental & Leasing Services,Industrials,CAR
2020Q1,2020,Q1,2020-05-01,2020-03-31,-158000000.0,1764000000.0,-167000000.0,-2.17,1211000000.0,0.6865079365,23552000000.0,292000000.0,1927000000.0,2263000000.0,23260000000.0,0.0,-944000000.0,1013310000.0,18556310000.0,4.005486968449931,0.8515245249668582,0.7736922554347826,62.4041095890411,-0.004691378219032921,4.005486968449931,-0.541095890410959,0.5744387755102041,-1.6033386075949367,3.4702397260273976,0.0,0.0,0.0,0.07489809782608696,0.684931506849315,-0.006708559782608696,-0.29594334112149534,0.6865079365079365,-2.142105263157895,-24.55067825026673,0.3699882735813011,-0.18429526419858405,-0.24075235109717869,-2.112676056338028,-3.287671232876712,-0.7359075932976936,0.14255007992381727,1.4345406609656675,Rental & Leasing Services,Industrials,CAR
2019Q4,2019,Q4,2020-02-20,2019-12-31,142000000.0,2175000000.0,73000000.0,1.9,1595000000.0,0.7333333333,23126000000.0,656000000.0,2145000000.0,2225000000.0,22470000000.0,0.0,-785000000.0,2382536000.0,18818536000.0,8.876860622462788,0.9640449438202248,0.7403787944305111,26.100609756097562,0.03630085656854299,8.876860622462788,0.21646341463414634,1.0954188505747127,4.194605633802817,3.6319146341463417,0.0,0.0,0.0,0.094049987027588,0.7955056179775281,0.006140275015134481,-1.415648247177659,0.7333333333333333,-0.24000000000000005,7.87238924516091,0.6608091182184614,0.4176279670760121,-0.24479166666666666,-0.24867724867724866,-0.8215158924205379,6.417434196167445,0.37264005845968545,2.510577458838225,Rental & Leasing Services,Industrials,CAR
2019Q3,2019,Q3,2019-11-01,2019-09-30,189000000.0,2790000000.0,409000000.0,2.5,2112000000.0,0.7569892473,23108000000.0,495000000.0,2147000000.0,2290000000.0,22613000000.0,0.0,-927000000.0,2125152000.0,18971152000.0,6.582446808510638,0.9375545851528384,0.7556257573134845,35.27474747474748,0.011585575680257833,6.582446808510638,0.38181818181818183,0.7617032258064517,2.8110476190476192,4.293236363636364,0.0,0.0,0.0,0.12073740695862904,0.756768558951965,0.008178985632681322,-2.123028971028971,0.7569892473118279,2.0864197530864197,0.36006067154255317,0.5236365738794047,-0.06568821939309386,0.23943661971830985,2.0483870967741935,2.7522935779816513,0.08709151990227015,0.2608782594784835,0.2553864799353621,Rental & Leasing Services,Industrials,CAR
2019Q2,2019,Q2,2019-08-06,2019-06-30,62000000.0,2361000000.0,109000000.0,0.81,1704000000.0,0.7217280813,24455000000.0,376000000.0,2286000000.0,2669000000.0,24079000000.0,0.0,-1116000000.0,2656200000.0,20541200000.0,4.947368421052632,0.8565005620082428,0.7531793089347781,48.986702127659576,0.003931211363399713,4.947368421052632,0.16489361702127658,1.1250317662007623,10.710483870967742,7.06436170212766,0.0,0.0,0.0,0.09654467389081987,0.6856500562008243,0.002535268861173584,-0.685647909137842,0.7217280813214739,1.6749999999999998,2.297672064777328,0.4793903369661125,-0.2204371498461295,0.258493353028065,1.6813186813186813,2.6029411764705883,1.1278508771929825,0.2953275451061045,0.37037727061015374,Rental & Leasing Services,Industrials,CAR
2019Q1,2019,Q1,2019-05-02,2019-03-31,-91000000.0,1928000000.0,-68000000.0,-1.2,1354000000.0,0.7022821577,22902000000.0,324000000.0,2137000000.0,2258000000.0,22578000000.0,0.0,-1178000000.0,2710608000.0,19419608000.0,4.274406332453826,0.9464127546501329,0.7531656623875644,53.23765432098765,-0.0022644702135071917,4.274406332453826,-0.2808641975308642,1.4059170124481328,-7.446725274725274,8.366074074074072,0.0,0.0,0.0,0.08418478735481617,0.7453498671390612,-0.003973452100253253,-0.6788399699474079,0.7022821576763485,-8.499999999999998,-32.99406332453825,0.44762892203750854,-0.35184677803758485,-0.0894418291862811,-8.0,-1.894736842105263,-1.2668787831755395,0.3001193217148714,0.10950223669893118,Rental & Leasing Services,Industrials,CAR
2018Q4,2018,Q4,2019-02-21,2018-12-31,13000000.0,2063000000.0,76000000.0,0.16,1487000000.0,0.7207949588,19149000000.0,414000000.0,2174000000.0,1716000000.0,18735000000.0,0.0,-1091000000.0,1728712000.0,14896712000.0,5.383615084525357,1.2668997668997668,0.7197764896339235,33.292270531400966,0.02319738911976709,5.383615084525357,0.03140096618357488,0.8379602520601066,33.24446153846154,4.175632850241547,0.0,0.0,0.0,0.10773408533082668,1.0198135198135199,0.0006788866259334691,-0.8351265700483091,0.7207949587978671,-0.9402985074626865,1.6466189856957085,0.5564338315579181,-0.2521593053791625,-0.2939221272554606,-0.9389671361502347,-0.8164251207729468,4.36410923276983,0.40193870135830656,0.2202043300917382,Rental & Leasing Services,Industrials,CAR
2018Q3,2018,Q3,2018-11-06,2018-09-30,213000000.0,2803000000.0,414000000.0,2.68,2106000000.0,0.7513378523,19741000000.0,521000000.0,2180000000.0,1908000000.0,19220000000.0,0.0,-1103000000.0,2584640000.0,16462640000.0,6.611675126903553,1.1425576519916143,0.7336507775695253,27.798464491362765,0.01655558517728606,6.611675126903553,0.4088291746641075,0.9220977524081342,3.033615023474178,4.9609213051823415,0.0,0.0,0.0,0.14198875436907957,0.9329140461215933,0.010789726964186211,-3.28,0.751337852301106,7.375000000000001,1.4808461670825088,0.6031404272578059,-0.10939749223426018,0.27097163548581776,7.1923076923076925,3.404255319148936,0.508710825424851,0.4137571506026938,0.1316983925549916,Rental & Leasing Services,Industrials,CAR
2018Q2,2018,Q2,2018-08-08,2018-06-30,26000000.0,2337000000.0,94000000.0,0.32,1657000000.0,0.7090286692,20919000000.0,372000000.0,2223000000.0,1856000000.0,20547000000.0,0.0,-1316000000.0,2622750000.0,17477750000.0,4.609665427509293,1.1977370689655173,0.7334958650031073,41.24731182795699,0.004092376525431676,4.609665427509293,0.06989247311827956,1.1222721437740693,25.21875,7.050403225806452,0.0,0.0,0.0,0.11171662125340599,0.9660560344827587,0.0012428892394473923,-0.734047019311503,0.7090286692340607,1.2990654205607477,2.2473004071517084,0.5664507416393978,-0.22648957841794523,0.1998551774076756,1.2988505747126438,2.3823529411764706,-0.7623070857271601,0.3887208516390672,-0.18402734462713005,Rental & Leasing Services,Industrials,CAR
2018Q1,2018,Q1,2018-05-03,2018-03-31,-87000000.0,1969000000.0,-68000000.0,-1.07,1381000000.0,0.7013712544,19222000000.0,455000000.0,2123000000.0,1803000000.0,18767000000.0,0.0,-1344000000.0,3794040000.0000005,17239040000.0,5.617283950617284,1.1774819744869662,0.727759858495474,30.745054945054946,-0.0031750529712184345,5.617283950617284,-0.1912087912087912,1.9268867445403761,-10.902413793103449,8.33854945054945,0.0,0.0,0.0,0.1024347102278639,0.9523017193566279,-0.00452606388513162,-1.0037142857142858,0.7013712544438802,-1.4037735849056603,-1.5147342995169084,0.5482204262216089,-0.12826875867221688,-0.04362880886426593,-1.3954545454545455,-1.9066666666666667,-11.662139917695473,0.3762790360620315,0.14394208668041045,Rental & Leasing Services,Industrials,CAR
2017Q4,2017,Q4,2018-02-22,2017-12-31,220000000.0,2020000000.0,75000000.0,2.65,1444000000.0,0.7148514851,17699000000.0,573000000.0,2066000000.0,1645000000.0,17126000000.0,0.0,-1222000000.0,3567444000.0,15776444000.0,7.047970479704797,1.2559270516717325,0.7243347081756032,22.37347294938918,1.2319868588068394,7.047970479704797,0.38394415357766143,1.7660613861386139,4.053913636363636,6.225905759162304,0.0,0.0,0.0,0.11413074184982203,1.0376899696048631,0.012430080795525171,-2.7067101669195752,0.7148514851485148,-0.08934707903780076,7.288571581367988,0.5734976070139848,-0.004718567661238027,-0.2983479105928086,-0.10204081632653061,-0.8197115384615384,11.494785817423393,0.40205716616145953,0.12555558638293146,Rental & Leasing Services,Industrials,CAR
2017Q3,2017,Q3,2017-11-07,2017-09-30,245000000.0,2750000000.0,416000000.0,2.91,2058000000.0,0.7483636364,19873000000.0,401000000.0,2419000000.0,1892000000.0,19472000000.0,0.0,-1442000000.0,3143756000.0,16486756000.0,4.854721549636804,1.2785412262156448,0.7123735721833644,35.30423940149626,0.01923341118285479,4.854721549636804,0.6109725685785536,1.143184,3.2079142857142857,7.839790523690773,0.0,0.0,0.0,0.1383787047753233,1.0660676532769555,0.012328284607256075,-4.452912181303116,0.7483636363636363,71.75,0.13135593220338979,0.6325482427177345,-0.344520529075587,0.3125,80.66666666666667,4.546666666666667,0.6050935734463279,0.36724918412464475,-0.3109213538152132,Rental & Leasing Services,Industrials,CAR
2017Q2,2017,Q2,2017-08-08,2017-06-30,3000000.0,2211000000.0,75000000.0,0.04,1568000000.0,0.7091813659,20832000000.0,148000000.0,2375000000.0,1875000000.0,20684000000.0,0.0,-1687000000.0,2290680000.0,16448680000.0,1.7619047619047619,1.2666666666666666,0.7168778801843319,100.9054054054054,0.0013562223481332352,1.7619047619047619,0.02027027027027027,1.0360379918588873,190.89000000000001,15.477567567567569,0.0,0.0,0.0,0.1061347926267281,1.0496,0.00014400921658986175,-0.6500227014755959,0.7091813658977838,1.032,-0.9517631103074141,0.4589591836734695,-0.6067045228133094,0.23367427222659323,1.02803738317757,1.8333333333333333,-0.8556318681318681,0.25345815263123833,-0.7223745270222032,Rental & Leasing Services,Industrials,CAR
2017Q1,2017,Q1,2017-05-04,2017-03-31,-107000000.0,1815000000.0,-90000000.0,-1.25,1271000000.0,0.7002754821,18978000000.0,141000000.0,2292000000.0,2063000000.0,18837000000.0,0.0,-1690000000.0,2535006000.0,15093006000.0,1.645274212368728,1.1110033931168202,0.7103488249552113,95.60992907801419,-0.004284513020381468,1.645274212368728,-0.7588652482269503,1.396697520661157,-5.92291121495327,17.978765957446807,0.0,0.0,0.0,0.09563705343028771,0.9200193892389724,-0.005638107282116134,-0.7163057360836395,0.7002754820936639,-2.5714285714285716,-4.748718989396783,0.34946227500010535,-0.5994608296785097,-0.0472263868065967,-2.4516129032258065,-2.5789473684210527,-34.27362893815636,0.20535572444134906,-0.7505174522923095,Rental & Leasing Services,Industrials,CAR
2016Q4,2016,Q4,2017-02-21,2016-12-31,-31000000.0,1874000000.0,57000000.0,-0.35,1334000000.0,0.711846318,17643000000.0,221000000.0,1817000000.0,1767000000.0,17422000000.0,0.0,-1639000000.0,3205832000.0,15116832000.0,2.528604118993135,1.0282965478211659,0.7028849968826163,56.113122171945705,0.0032556665548893952,2.528604118993135,-0.14027149321266968,1.7106894343649948,-25.85348387096774,14.506027149321268,0.0,0.0,0.0,0.10621776341891968,0.821165817770232,-0.0017570707929490449,-1.7356968056307527,0.7118463180362861,-1.1535087719298247,0.7798828913716516,0.2129189391476126,-0.3525054986558841,-0.33399900149775336,-1.1483253588516746,-0.8596059113300493,-0.3566933638443936,0.24398724683960127,-0.6487503227702144,Rental & Leasing Services,Industrials,CAR
2016Q3,2016,Q3,2016-11-03,2016-09-30,209000000.0,2660000000.0,406000000.0,2.28,2003000000.0,0.7530075188,19475000000.0,474000000.0,2442000000.0,2051000000.0,19001000000.0,0.0,-1608000000.0,3092584000.0,16073584000.0,5.243362831858407,1.1906387128230131,0.7171245186136072,29.464135021097047,0.017032799389778794,5.243362831858407,0.4409282700421941,1.1626255639097745,3.699263157894737,6.5244388185654,0.0,0.0,0.0,0.13658536585365855,1.0175524134568503,0.010731707317073172,-4.714304878048781,0.7530075187969925,5.0,1.9716976041441832,0.9108882818335978,0.0011783378222393543,0.22283272283272285,4.805555555555555,1.920863309352518,1.1218970301484923,0.3261354722526046,-0.29371120063399814,Rental & Leasing Services,Industrials,CAR
2016Q2,2016,Q2,2016-08-03,2016-06-30,36000000.0,2252000000.0,139000000.0,0.38,1638000000.0,0.7273534636,20483000000.0,339000000.0,2143000000.0,1771000000.0,20144000000.0,0.0,-1817000000.0,3026396999.9999995,17194397000.0,3.610223642172524,1.210050818746471,0.7174242054386565,43.34808259587021,0.005283262699785248,3.610223642172524,0.10619469026548672,1.3438707815275308,21.01664583333333,8.927424778761061,0.0,0.0,0.0,0.10994483229995607,0.9717673630717109,0.0017575550456476103,-0.7960013150973171,0.7273534635879219,1.7169811320754718,-0.22290489063652005,0.7902294949421812,-0.28474140623123306,0.2106430155210643,1.7058823529411764,9.176470588235293,2.484253765403925,0.29728190052270326,-0.3941977665456632,Rental & Leasing Services,Industrials,CAR
2016Q1,2016,Q1,2016-05-04,2016-03-31,-51000000.0,1884000000.0,-17000000.0,-0.53,1353000000.0,0.7181528662,19308000000.0,371000000.0,2182000000.0,1901000000.0,18937000000.0,0.0,-1853000000.0,2634768000.0,15457768000.0,3.8525441329179646,1.1478169384534456,0.7094986534079138,36.924528301886795,-0.0007165170823622749,3.8525441329179646,-0.13746630727762804,1.3984968152866242,-12.915529411764707,7.101800539083558,0.0,0.0,0.0,0.09757613424487259,0.952656496580747,-0.0026413921690490987,-0.7088426150121065,0.7181528662420382,-9.536779324055667,-8.91366266132621,0.6569879047006446,-0.07996320478717103,-0.021691973969631236,-9.2,-1.2394366197183098,-0.2399431125558714,0.24602485948147704,-0.4021340012748346,Rental & Leasing Services,Industrials,CAR
2015Q4,2015,Q4,2016-02-24,2015-12-31,-5000000.0,1904000000.0,71000000.0,-0.0503,1383000000.0,0.7263655462,17634000000.0,439000000.0,1627000000.0,1511000000.0,17195000000.0,0.0,-1802000000.0,3610855000.0,15479855000.0,4.4120603015075375,1.0767703507610853,0.6987070432119769,28.06605922551253,-0.0069553291536050155,4.4120603015075375,-0.011389521640091117,1.8964574579831932,-180.54274999999998,8.225182232346242,0.0,0.0,0.0,0.10797323352614267,0.8464592984778293,-0.00028354315526823184,-2.132814530419374,0.7263655462184874,-1.028418079096045,0.7837102177554439,0.5813724623115578,0.11162397352616742,-0.2896764252696456,-1.0271739130434783,-0.8106666666666666,0.8832204500764693,0.21185072280835462,-0.37694947657707295,Rental & Leasing Services,Industrials,CAR
2015Q3,2015,Q3,2015-11-03,2015-09-30,184000000.0,2584000000.0,375000000.0,1.77,1947000000.0,0.7534829721,18902000000.0,600000000.0,2118000000.0,1791000000.0,18302000000.0,0.0,-1797000000.0,4485936000.0,17428936000.0,5.8422590068159685,1.1825795644891122,0.7156914612210348,22.546666666666667,0.01565358480703894,5.8422590068159685,0.30666666666666664,1.7360433436532507,6.095021739130434,7.47656,0.0,0.0,0.0,0.13670511057031,0.9000558347292016,0.009734419638133531,-5.228363636363636,0.753482972136223,0.32089552238805963,1.0543979227523532,0.7173150337707299,0.6164105348616834,0.216875,0.2867132867132867,1.1929824561403508,-0.3166226178884407,0.23377351455602316,-0.21118424535025862,Rental & Leasing Services,Industrials,CAR
2015Q2,2015,Q2,2015-08-04,2015-06-30,143000000.0,2200000000.0,171000000.0,1.34,1600000000.0,0.7272727273,20399000000.0,596000000.0,2121000000.0,1729000000.0,19803000000.0,0.0,-1981000000.0,4650440000.0,18759440000.0,5.649289099526066,1.2267206477732793,0.7175841953036913,24.56040268456376,0.01957511599535058,5.649289099526066,0.23993288590604026,2.1138363636363637,8.13013986013986,7.802751677852349,0.0,0.0,0.0,0.10784842394235011,0.9271255060728745,0.007010147556252758,-1.0919088988025358,0.7272727272727273,16.80188679245283,4.374881516587678,0.6614780576777984,1.5886298051606105,0.18518518518518517,16.88888888888889,1.5147058823529411,0.8307156998020276,0.15585646580907248,0.26104424041722013,Rental & Leasing Services,Industrials,CAR
2015Q1,2015,Q1,2015-05-05,2015-03-31,-9000000.0,1874000000.0,68000000.0,-0.0848,1350000000.0,0.7203842049,17492000000.0,521000000.0,2077000000.0,1733000000.0,16971000000.0,0.0,-2124000000.0,6261491500.0,17473491500.0,4.910461828463713,1.1984997114829774,0.6898010519094443,23.159309021113245,0.00303884960673711,4.910461828463713,-0.01727447216890595,3.341244130202775,-173.93031944444445,12.018217850287908,0.0,0.0,0.0,0.10713469014406586,0.8182342758222735,-0.0005145209238509033,-2.2910689718258324,0.7203842049092849,-1.4038095238095238,0.770970782280867,0.5717094200843107,1.2292627592937035,-0.0029542097488921715,-1.391304347826087,-0.16049382716049382,0.609433266401672,0.12543169886048508,0.1954434658259937,Rental & Leasing Services,Industrials,CAR
2014Q4,2014,Q4,2015-02-23,2014-12-31,23000000.0,1882000000.0,81000000.0,0.21,1354000000.0,0.7194473964,16969000000.0,665000000.0,1838000000.0,1519000000.0,16304000000.0,0.0,-2115000000.0,7044246000.0,17956246000.0,6.261770244821093,1.2100065832784728,0.6798279215039189,17.347368421052632,0.004627042492791202,6.261770244821093,0.03458646616541353,3.7429574920297557,76.56789130434782,10.592851127819548,0.0,0.0,0.0,0.1109081265837704,0.8874259381171824,0.0013554128115976193,-4.449934301958307,0.7194473963868225,-0.8793103448275862,1.4521503516660903,0.5234344585291745,1.8854914236270173,-0.2809346787041954,-0.8802083333333334,-0.7816711590296496,1.1344023485100254,0.0024638625083938928,0.603438739875304,Rental & Leasing Services,Industrials,CAR
2014Q3,2014,Q3,2014-10-30,2014-09-30,192000000.0,2530000000.0,371000000.0,1.74,1883000000.0,0.7442687747,18296000000.0,732000000.0,2135000000.0,1767000000.0,17564000000.0,0.0,-2138000000.0,5703071000.0,17825071000.0,7.045235803657363,1.2082625919637804,0.7015194578049847,17.534153005464482,0.017158127347644297,7.045235803657363,0.26229508196721313,2.254178260869565,7.425873697916667,7.791080601092896,0.0,0.0,0.0,0.13828159160472234,0.9241652518392756,0.010494097070397902,-9.318743464052288,0.7442687747035573,6.25,2.316549313611266,0.7003682327783016,2.1472821952582892,0.17320872274143304,6.384615384615385,1.2083333333333333,1.3752670250475365,0.5813465836682388,0.3452316190316776,Rental & Leasing Services,Industrials,CAR
2014Q2,2014,Q2,2014-08-05,2014-06-30,26000000.0,2207000000.0,168000000.0,0.24,1605000000.0,0.727231536,19989000000.0,667000000.0,2132000000.0,1725000000.0,19322000000.0,0.0,-2330000000.0,6273419000.0,19972419000.0,6.346336822074215,1.2359420289855072,0.7121917054379909,21.343328335832084,0.006106153123532175,6.346336822074215,0.038980509745127435,2.8425097417308565,60.32133653846154,9.405425787106447,0.0,0.0,0.0,0.11041072589924458,0.9339130434782609,0.0013007153934664066,-1.4381978450252177,0.727231536021749,7.0,5.213764668569617,0.6357490543268898,4.273135148097436,0.17582417582417584,5.5,1.2105263157894737,-0.49857278782112274,0.567492715692326,0.2573381598620718,Rental & Leasing Services,Industrials,CAR
2014Q1,2014,Q1,2014-05-08,2014-03-31,4000000.0,1873000000.0,76000000.0,0.03,1365000000.0,0.7287773625,17369000000.0,703000000.0,2162000000.0,1867000000.0,16666000000.0,0.0,-2356000000.0,5191420000.0,16045420000.0,6.594746716697936,1.1580074986609534,0.67332604064713,16.635846372688476,0.0049040167768995,6.594746716697936,0.005689900426742532,2.7717138280832887,324.46375,7.384665718349929,0.0,0.0,0.0,0.10783579941274685,0.7964649169791109,0.00023029535379123726,-1.7772749058541595,0.7287773625200213,1.1153846153846154,1.0779568863192557,0.49804211803231274,14.257845812723861,0.0058953574060427415,1.1428571428571428,0.05555555555555555,-0.43929241490217097,0.48814517170397476,0.5749098323438451,Rental & Leasing Services,Industrials,CAR
2013Q4,2013,Q4,2014-02-21,2013-12-31,-28000000.0,1846000000.0,72000000.0,-0.26,1357000000.0,0.7351029252,16284000000.0,771000000.0,1944000000.0,1568000000.0,15513000000.0,0.0,-2360000000.0,4328982000.0,14366982000.0,7.1988795518207285,1.239795918367347,0.6589904200442152,13.918287937743191,0.004612470142492381,7.1988795518207285,-0.03631647211413749,2.3450606717226434,-38.651625,5.614762645914397,0.0,0.0,0.0,0.11336281012036355,0.9209183673469388,-0.0017194792434291329,-2.732943181818182,0.7351029252437703,-1.2549019607843137,0.7800464538432453,0.39924082338943023,6.880063853498389,-0.24569205113952194,-1.2372881355932204,-0.7906976744186046,-0.12527233115468417,0.42440186741363195,0.8137664822026373,Rental & Leasing Services,Industrials,CAR
2013Q3,2013,Q3,2013-11-01,2013-09-30,118000000.0,2403000000.0,344000000.0,1.02,1799000000.0,0.7486475239,17804000000.0,804000000.0,2008000000.0,1861000000.0,17000000000.0,0.0,-2332000000.0,3122289000.0,14553289000.0,7.423822714681441,1.07898979043525,0.6751291844529319,14.950248756218905,0.013762239279611595,7.423822714681441,0.14676616915422885,1.2993295880149813,6.615019067796609,3.8834440298507458,0.0,0.0,0.0,0.13496966973713773,0.8022568511552929,0.00662772410694226,-4.300673553719008,0.7486475239284228,4.923076923076923,1.1100396696460204,0.32530155798853877,0.9848957573990378,0.2321917808219178,5.214285714285714,1.4225352112676057,0.2493690366266544,0.514444004748714,1.0539906277617281,Rental & Leasing Services,Industrials,CAR
2013Q2,2013,Q2,2013-08-07,2013-06-30,-28000000.0,2004000000.0,142000000.0,-0.26,1460000000.0,0.7285429142,18496000000.0,646000000.0,1946000000.0,1822000000.0,17850000000.0,0.0,-2450000000.0,3307284000.0,15577284000.0,5.959409594095941,1.0680570801317233,0.6905817474048442,19.772445820433436,0.0077972709551656924,5.959409594095941,-0.043343653250773995,1.6503413173652695,-29.52932142857143,5.119634674922601,0.0,0.0,0.0,0.1083477508650519,0.7903402854006586,-0.001513840830449827,-0.9046181619256017,0.7285429141716567,0.3953488372093023,-2.7461254612546124,0.1887066619556494,-0.5852545416325817,0.16987179487179488,0.391304347826087,1.4067796610169492,-2.0242690888447346,0.47296634481027966,1.7307339073390733,Rental & Leasing Services,Industrials,CAR
2013Q1,2013,Q1,2013-05-08,2013-03-31,-46000000.0,1691000000.0,59000000.0,-0.43,1248000000.0,0.7380248374,16557000000.0,694000000.0,1871000000.0,1575000000.0,15863000000.0,0.0,-2422000000.0,2970366000.0,13210366000.0,6.443825441039926,1.1879365079365078,0.6528356586338104,15.57492795389049,0.0041392710673493266,6.443825441039926,-0.06628242074927954,1.7565736250739208,-16.14329347826087,4.280066282420749,0.0,0.0,0.0,0.10213202874916953,0.8679365079365079,-0.0027782810895693663,-1.0488580508474576,0.7380248373743347,0.0,-2.8828395341999387,0.18535549613337063,-0.4819728999260343,-0.0008006405124099279,0.0,0.3111111111111111,-0.15320334261838453,0.39715940250334003,1.9253827002243205,Rental & Leasing Services,Industrials,CAR
2012Q4,2012,Q4,2013-02-21,2012-12-31,-46000000.0,1688000000.0,45000000.0,-0.43,1249000000.0,0.73992891,15218000000.0,757000000.0,1710000000.0,1478000000.0,14461000000.0,0.0,-2376000000.0,2118758000.0,11223758000.0,7.081384471468662,1.1569688768606226,0.6381259035352872,12.828269484808455,0.003138817621049184,7.081384471468662,-0.0607661822985469,1.2551883886255923,-11.514989130434783,2.798887714663144,0.0,0.0,0.0,0.1109212774346169,0.8572395128552097,-0.0030227362334078064,-1.183663687150838,0.7399289099526066,-1.180672268907563,0.9550786916717766,0.20799120432119256,-0.4726862327842997,-0.24622812311406156,-1.1642857142857144,-0.8703170028818443,0.10162081670834842,0.3574486483087154,2.2631785199605594,Rental & Leasing Services,Industrials,CAR
2012Q3,2012,Q3,2012-11-09,2012-09-30,280000000.0,2178000000.0,347000000.0,2.38,1657000000.0,0.7607897153,16376000000.0,791000000.0,1926000000.0,1657000000.0,15585000000.0,0.0,-2330000000.0,1651128000.0,11939128000.0,7.406367041198502,1.1623415811707907,0.662066438690767,13.706700379266751,0.03212346838238697,7.406367041198502,0.35398230088495575,0.7580936639118457,1.4742214285714286,2.087393173198483,0.0,0.0,0.0,0.13299951148021494,0.835847917923959,0.01709819247679531,-1.31563984063745,0.7607897153351699,2.6060606060606055,1.6217228464419478,0.22193462360531005,-0.7048913712791312,0.14118457300275483,2.5443037974683542,0.4641350210970464,3.7053025822984433,0.42404801165778266,2.3086085079240473,Rental & Leasing Services,Industrials,CAR
2012Q2,2012,Q2,2012-08-08,2012-06-30,79000000.0,1925000000.0,237000000.0,0.66,1452000000.0,0.7542857143,15983000000.0,478000000.0,1766000000.0,1595000000.0,15505000000.0,0.0,-2610000000.0,1621840000.0,12473840000.0,4.479850046860356,1.1072100313479625,0.7073765876243508,23.652719665271967,0.012316661140845293,4.479850046860356,0.16527196652719664,0.8425142857142857,5.132405063291139,3.3929707112970706,0.0,0.0,0.0,0.12044046799724707,0.6846394984326019,0.004942751673653257,-0.47078084179970975,0.7542857142857143,4.0,2.2191027233676976,0.24179674876914292,-0.8152321686972821,0.17952883834281072,4.434782608695652,1.7241379310344827,13.611371446422995,0.40534636660799606,2.722281908854703,Rental & Leasing Services,Industrials,CAR
2012Q1,2012,Q1,2012-05-09,2012-03-31,-23000000.0,1662000000.0,87000000.0,-0.22,1231000000.0,0.7406738869,14187000000.0,435000000.0,1721000000.0,1670000000.0,13752000000.0,0.0,-2689000000.0,1498485000.0,10644485000.0,4.1076487252124645,1.0305389221556887,0.6873898639599634,22.418390804597703,0.007554877634390739,4.1076487252124645,-0.052873563218390804,0.901615523465704,-16.287880434782608,3.444793103448276,0.0,0.0,0.0,0.11714950306618735,0.6952095808383234,-0.0016212025093395362,-0.531377659574468,0.7406738868832732,0.8633540372670808,-2.670661727318951,0.14974732538471916,-0.8320666915285174,-0.4619755244755245,0.8647058823529412,2.242857142857143,0.5487849530747143,0.33806900413303537,8.50360545969611,Rental & Leasing Services,Industrials,CAR
2011Q4,2011,Q4,2012-02-29,2011-12-31,-170000000.0,1865000000.0,-70000000.0,-1.61,2288000000.0,1.2268096515,12938000000.0,412000000.0,1541000000.0,1470000000.0,12526000000.0,0.0,-2666000000.0,1130960000.0,9365960000.0,3.90521327014218,1.0482993197278911,0.6777709074045447,21.283980582524272,-0.00648077551464982,3.90521327014218,-0.41262135922330095,0.6064128686327078,-1.6631764705882355,2.745048543689321,0.0,0.0,0.0,0.14414901839542432,0.7707482993197279,-0.013139588808162003,-0.6703971547125074,1.2268096514745308,-3.476923076923077,-41.28436018957346,0.32815365277861847,-0.8401468166130912,1.723809523809524,-3.073170731707317,-1.2713178294573644,-0.3556852453879598,0.43508167229793576,3.274738826886817,Rental & Leasing Services,Industrials,CAR
2011Q3,2011,Q3,2011-11-09,2011-09-30,82000000.0,1623000000.0,258000000.0,0.65,840000000.0,0.5175600739,12311000000.0,552000000.0,2156000000.0,1059000000.0,11759000000.0,0.0,-2496000000.0,1019218000.0,8648218000.0,5.23719165085389,2.035882908404155,0.7010803346600601,15.63586956521739,0.01693986970809232,5.23719165085389,0.14855072463768115,0.6279839802834257,3.107371951219512,1.846409420289855,0.0,0.0,0.0,0.13183331979530502,1.295561850802644,0.006660709934205183,-1.1299534368070954,0.5175600739371534,0.5476190476190478,1.0772580549441697,-0.01084095819974259,-0.7918452644213648,0.22270742358078602,0.5769230769230769,0.2647058823529412,1.0785722100037347,-0.08025528012877782,0.40025966243882954,Rental & Leasing Services,Industrials,CAR
2011Q2,2011,Q2,2011-08-08,2011-06-30,52000000.0,1412000000.0,204000000.0,0.42,687000000.0,0.4865439093,12441000000.0,532000000.0,1906000000.0,1012000000.0,11909000000.0,0.0,-2578000000.0,1801286000.0,9941286000.0,5.047438330170778,1.883399209486166,0.7061329475122579,16.513157894736842,0.012792852982285613,5.047438330170778,0.09774436090225563,1.275698300283286,8.660028846153846,3.385875939849624,0.0,0.0,0.0,0.11349569970259625,1.0494071146245059,0.0041797283176593526,-0.7831678260869566,0.48654390934844194,6.0,-0.7164605553010971,-0.6849345145760183,-0.9519337364996593,0.19270833333333334,6.428571428571429,0.6859504132231405,2.335104364326375,-0.13860896497204234,-0.6487232349489933,Rental & Leasing Services,Industrials,CAR
2011Q1,2011,Q1,2011-05-06,2011-03-31,7000000.0,1235000000.0,121000000.0,0.06,576000000.0,0.4663967611,11040000000.0,438000000.0,1681000000.0,911000000.0,10602000000.0,0.0,-2630000000.0,1873386000.0,8570386000.0,4.187380497131931,1.845225027442371,0.6893115942028986,17.374429223744293,0.009567594433399603,4.187380497131931,0.01598173515981735,1.5169117408906883,66.90664285714286,4.27713698630137,0.0,0.0,0.0,0.1118659420289855,1.385290889132821,0.0006340579710144927,-0.8300336730172796,0.46639676113360323,1.2608695652173914,-0.9043977055449332,-0.7200169939482863,-0.9622690530083625,-0.6379635449402892,1.2916666666666667,1.7469135802469136,1.6083782369343533,-0.10863416002302395,-0.6633713008393557,Rental & Leasing Services,Industrials,CAR
2010Q4,2010,Q4,2011-02-24,2010-12-31,-24000000.0,1250000000.0,-162000000.0,-0.23,1591000000.0,1.2728,10327000000.0,410000000.0,1638000000.0,933000000.0,9917000000.0,0.0,-2637000000.0,1607348000.0,7713348000.0,3.9690222652468536,1.7556270096463023,0.6794809722087731,17.114634146341462,-0.015396922199605572,3.9690222652468536,-0.05853658536585366,1.2858784,-16.743208333333335,3.9203609756097566,0.0,0.0,0.0,0.12104192892417934,1.3687031082529475,-0.0023240050353442432,-1.3372279534109817,1.2728,-1.3150684931506849,0.4042743316702659,-0.735677640062304,-0.9648479119188128,0.9714993804213135,-1.2666666666666666,-1.6,0.9757460102178355,-0.07428196140274174,-0.7044476131351409,Rental & Leasing Services,Industrials,CAR
2010Q3,2010,Q3,2010-11-05,2010-09-30,90000000.0,1512000000.0,270000000.0,0.73,807000000.0,0.5337301587,10701000000.0,373000000.0,1347000000.0,937000000.0,10328000000.0,0.0,-2613000000.0,1202280000.0,7984280000.0,3.614341085271318,1.4375667022411953,0.6919914026726475,19.85254691689008,0.021695808691180252,3.614341085271318,0.24128686327077747,0.7951587301587302,3.339666666666667,3.2232707774798928,0.0,0.0,0.0,0.14129520605550883,1.0032017075773747,0.008410428931875526,-2.7386788154897492,0.5337301587301587,2.3181818181818183,-0.8183139540744562,-0.6999695831374609,-0.9666980016995165,0.23206106870229007,2.4615384615384617,0.7880794701986755,-0.12790697674418605,-0.12212346280287353,-0.8559856356739088,Rental & Leasing Services,Industrials,CAR
2010Q2,2010,Q2,2010-08-06,2010-06-30,26000000.0,1294000000.0,151000000.0,0.22,655000000.0,0.5061823802,11698000000.0,225000000.0,1774000000.0,1372000000.0,11473000000.0,0.0,-2703000000.0,1012442000.0,8645442000.0,2.1823472356935016,1.293002915451895,0.6916566934518721,35.96,0.016279378348343865,2.1823472356935016,0.11555555555555555,0.7824126738794436,9.73501923076923,4.499742222222222,0.0,0.0,0.0,0.1106171995212857,0.5553935860058309,0.0022226021542143958,-0.3898505968425106,0.5061823802163833,1.5945945945945945,-0.9318426085910421,-0.7227542672813326,-0.9796811709750106,0.21072088724584104,1.6842105263157894,1.6491228070175439,0.09644498706757192,-0.1361072783039752,-0.9099908341416101,Rental & Leasing Services,Industrials,CAR
2010Q1,2010,Q1,2010-05-06,2010-03-31,-38000000.0,1153000000.0,57000000.0,-0.37,541000000.0,0.4692107546,10257000000.0,226000000.0,1693000000.0,1328000000.0,10031000000.0,0.0,-2729000000.0,1179900000.0,7470900000.0,2.202729044834308,1.2748493975903614,0.6591595983230965,29.91592920353982,0.0046970347528526996,2.202729044834308,-0.168141592920354,1.0233304423243712,-7.7625,5.220796460176992,0.0,0.0,0.0,0.11241103636540899,0.5496987951807228,-0.003704786974748952,-0.5329268292682927,0.4692107545533391,0.22916666666666666,0.5370370370370371,-0.702894965611662,-0.9798320922648042,-0.6297056810403833,0.22448979591836735,1.2365145228215768,-3.849002849002849,-0.17671672057636975,-0.9099456645611486,Rental & Leasing Services,Industrials,CAR
2009Q4,2009,Q4,2010-02-24,2009-12-31,-49000000.0,1190000000.0,-241000000.0,-0.48,1461000000.0,1.2277310924,10093000000.0,222000000.0,1730000000.0,1284000000.0,9871000000.0,0.0,-2691000000.0,1342176000.0,7365176000.0,2.1700879765395893,1.3473520249221185,0.6445060933320123,29.3018018018018,-0.019948443855831995,2.1700879765395893,-0.22072072072072071,1.1278789915966387,-6.847836734693876,6.045837837837838,0.0,0.0,0.0,0.11790349747349649,1.1144859813084111,-0.004854849895967502,-0.8743817589576547,1.2277310924369749,-1.8888888888888888,-1.1375232399900332,-0.7568665394140319,-0.9824786122414094,0.9904632152588556,-1.8596491228070176,-2.2233502538071064,-12.974584555229718,-0.12603654636082354,-0.9111711839320675,Rental & Leasing Services,Industrials,CAR
2009Q3,2009,Q3,2009-11-03,2009-09-30,57000000.0,1465000000.0,197000000.0,0.54,734000000.0,0.5010238908,9962000000.0,229000000.0,1129000000.0,858000000.0,9733000000.0,0.0,-2642000000.0,1366728000.0,7297728000.0,2.2385141739980448,1.3158508158508158,0.6425416583015459,27.951965065502183,0.020405604317723383,2.2385141739980448,0.24890829694323144,0.9329201365187714,5.994421052631579,5.968244541484716,0.0,0.0,0.0,0.14705882352941177,0.9055944055944056,0.005721742621963461,-2.664187134502924,0.5010238907849829,10.199318568994888,-0.9022482890813154,-0.7221988540648799,-0.981235676490119,0.10542168674698796,10.5,0.5271317829457365,1.0553311568668888,-0.08007969020947328,-0.9110291627571776,Rental & Leasing Services,Industrials,CAR
2009Q2,2009,Q2,2009-08-06,2009-06-30,-6000000.0,1312000000.0,129000000.0,-0.0587,664000000.0,0.506097561,10809000000.0,123000000.0,1205000000.0,878000000.0,10686000000.0,0.0,-2699000000.0,577430000.0,7382430000.0,1.203522504892368,1.3724373576309794,0.6697196780460727,58.853658536585364,0.05256723716381418,1.203522504892368,-0.04878048780487805,0.4401143292682927,-24.059583333333336,4.694552845528456,0.0,0.0,0.0,0.12138033120547692,0.8507972665148064,-0.0005550929780738274,-0.2836100196463654,0.5060975609756098,0.8777083333333334,-1.0086335904174726,-0.7495634477584522,-0.9889959398003682,0.19855595667870035,0.8775510204081632,1.15,-1.0337404683177003,-0.698081529032959,-0.9885389724322221,Rental & Leasing Services,Industrials,CAR
2009Q1,2009,Q1,2009-05-07,2009-03-31,-49000000.0,1194000000.0,60000000.0,-0.48,554000000.0,0.4639865997,10255000000.0,44000000.0,1086000000.0,889000000.0,10211000000.0,0.0,-2693000000.0,92638000.0,6548638000.0,0.43222003929273084,1.2215973003374578,0.6631886884446612,154.5681818181818,0.006135865595325055,0.43222003929273084,-1.1136363636363635,0.07758626465661642,-0.47264285714285714,2.105409090909091,0.0,0.0,0.0,0.11643100926377377,0.7401574803149606,-0.00477815699658703,-0.0747683615819209,0.4639865996649916,0.5966386554621849,-1.1119385941934077,-0.7313173702920801,-0.9958326893578463,-0.6698450536352801,0.5950413223140496,1.037243947858473,-1.6876227897838898,-0.7218667261756955,-0.9961054240467406,Rental & Leasing Services,Industrials,CAR
2008Q4,2008,Q4,2009-02-26,2008-12-31,-121000000.0,1254000000.0,-1611000000.0,-1.19,1678000000.0,1.3381180223,11318000000.0,93000000.0,1073000000.0,911000000.0,11225000000.0,0.0,-2644000000.0,71260000.0,7636260000.0,0.9135559921414538,1.1778265642151482,0.6911998586322672,84.11827956989248,-0.15015205388284303,0.9135559921414538,-1.3010752688172043,0.05682615629984051,-0.14723140495867768,0.766236559139785,0.0,0.0,0.0,0.11079696059374448,0.8781558726673985,-0.01069093479413324,-0.05410782080485953,1.3381180223285487,0.8797979797979798,-1.4232678092938222,-0.7164858675792645,-0.9908018257078458,0.9648711943793911,0.8797216699801192,-2.087778528021607,-2.0477054052692556,-0.7309246151192044,-0.9919089895302324,Rental & Leasing Services,Industrials,CAR
2008Q3,2008,Q3,2008-11-07,2008-09-30,-1006000000.0,1701000000.0,1481000000.0,-9.9,854000000.0,0.5020576132,12404000000.0,380000000.0,1173000000.0,981000000.0,12024000000.0,0.0,-2523000000.0,583184000.0,8848184000.0,3.7401574803149606,1.1957186544342508,0.696468881006127,22.73421052631579,0.13928680075246805,3.7401574803149606,-2.6473684210526316,0.3428477366255144,-0.14492644135188867,1.5346947368421053,0.0,0.0,0.0,0.1371331828442438,0.9215086646279307,-0.08110287004192196,-2.2344214559386972,0.5020576131687243,-67.00000000000001,-6.211355140651136,-0.6640364425085632,-0.9618361367690038,0.11488250652741515,-68.06666666666666,10.135338345864662,-3.062828077335217,-0.6571502815182994,-0.9655387482491461,Rental & Leasing Services,Industrials,CAR
2008Q2,2008,Q2,2008-08-07,2008-06-30,15000000.0,1577000000.0,133000000.0,0.15,766000000.0,0.4857324033,14392000000.0,1457000000.0,1232000000.0,1055000000.0,12935000000.0,0.0,-1516000000.0,848717999.9999999,9879718000.0,14.368836291913215,1.1677725118483413,0.6457059477487493,6.378174330816747,0.007423255813953488,14.368836291913215,0.01029512697323267,0.5381851616994292,14.145299999999999,0.5825106382978723,0.0,0.0,0.0,0.10957476375764313,0.6597156398104266,0.0010422456920511395,-0.4043439733206288,0.48573240329740014,2.3636363636363638,-0.961071317265095,-0.6586436174517455,-0.8522456855939918,0.14842578710644677,2.25,0.2912621359223301,-0.9600191906334572,-0.656455501927607,-0.8662183894806869,Rental & Leasing Services,Industrials,CAR
2008Q1,2008,Q1,2008-05-07,2008-03-31,-12000000.0,1445000000.0,103000000.0,-0.11,667000000.0,0.4615916955,14063000000.0,1357000000.0,1207000000.0,1095000000.0,12706000000.0,0.0,-1532000000.0,1158545453.58,9970545453.58,12.439166677032638,1.102283105022831,0.6421816113204863,6.655121591746499,0.006610191246309845,12.439166677032638,-0.008843036109064112,0.8017615595709342,-24.136363616249998,0.85375494,0.0,0.0,0.0,0.10275190215459006,0.8210045662100457,-0.0008533029936713361,-0.35001373219939574,0.4615916955017301,0.9885177453027141,-1.0366666666972222,-0.6667511396017911,-0.8655436910762555,-0.6357181867831786,0.9885167464114832,1.0756796473181485,0.8624999998854167,-0.649807088522548,-0.8861085677181023,Rental & Leasing Services,Industrials,CAR
2007Q4,2007,Q4,2008-02-29,2007-12-31,-1045000000.0,1426000000.0,-1361000000.0,-9.58,1831000000.0,1.2840112202,12474000000.0,1465000000.0,1218000000.0,1104000000.0,11009000000.0,0.0,-1520000000.0,1418181817.0,8597181817.0,13.429166677857639,1.1032608695652173,0.592672759339426,5.04641638225256,-0.13913389105129928,13.429166677857639,-0.7133105802047781,0.9945174032258065,-0.3392779466507177,0.9680421959044369,0.0,0.0,0.0,0.11431778098444766,0.8125,-0.0837742504409171,-0.790954722253207,1.2840112201963534,-16.704918032786885,-4.9945512853800755,-0.6502904758990515,-0.8515078724831631,1.0712669683257918,-11.145631067961165,-6.465863453815261,-3.750320964009955,-0.7267851071676446,-0.8915723052792117,Rental & Leasing Services,Industrials,CAR
2007Q3,2007,Q3,2007-11-08,2007-09-30,103000000.0,1719000000.0,249000000.0,0.61,884000000.0,0.5142524724,14911000000.0,2585000000.0,1420000000.0,1271000000.0,12326000000.0,0.0,-464000000.0,2429770000.0,10863770000.0,25.097087378640776,1.117230527143981,0.5858761987794245,3.3794970986460346,0.011945301529961105,25.097087378640776,0.039845261121856865,1.41347876672484,5.8975,0.9399497098646035,0.0,0.0,0.0,0.11528401850982496,0.8544453186467349,0.006907652068942391,-1.6642260273972602,0.5142524723676556,1.6521739130434783,-0.6179529272030652,-0.5665111575020801,-0.726109428845269,0.20930232558139536,3.2916666666666665,1.024390243902439,-0.8245614030354131,-0.6762493165649569,-0.7896239066972377,Rental & Leasing Services,Industrials,CAR
2007Q2,2007,Q2,2007-08-08,2007-06-30,24000000.0,1516000000.0,123000000.0,0.23,731000000.0,0.4821899736,15376000000.0,2530000000.0,1369000000.0,1121000000.0,12846000000.0,0.0,-568000000.0,2966608693.18,11888608693.18,24.245833353538195,1.2212310437109724,0.5961888657648283,3.623320158102767,0.0069101967537463825,24.245833353538195,0.009486166007905139,1.9568658925989444,30.902173887291667,1.172572606,0.0,0.0,0.0,0.09859521331945889,0.9509366636931311,0.0015608740894901144,-1.1327257324093165,0.4821899736147757,0.9166666666666669,-0.9155102037641784,-0.6248346406924714,-0.7356433502994901,0.11773700305810397,0.8461538461538461,0.08849557522123894,-0.9661764705796285,-0.7165799482827263,-0.7783152298955668,Rental & Leasing Services,Industrials,CAR
2007Q1,2007,Q1,2007-05-10,2007-03-31,13000000.0,1365000000.0,113000000.0,0.12,654000000.0,0.4791208791,14075000000.0,2446000000.0,1112000000.0,1050000000.0,11629000000.0,0.0,-591000000.0,2732000000.0,10699000000.0,24.46,1.059047619047619,0.5840852575488454,3.3609975470155358,0.011556457042535603,24.46,0.005314799672935405,2.0014652014652015,52.53846153846154,1.116925592804579,0.0,0.0,0.0,0.09698046181172292,0.8590476190476191,0.0009236234458259325,-0.8697866921362624,0.47912087912087914,1.9999999999999996,-0.9628571427485381,-0.508367119830446,-0.6838503392116402,-0.6364647026125625,2.25,1.157162726008345,-0.969767441723356,-0.6873087757426849,-0.7641654503713452,Rental & Leasing Services,Industrials,CAR
