Quarters,Year,Quarter,FillingDate,Date,NetIncome,Revenue,OperatingIncome,EPSDiluted,GrossProfit,GrossProfitRatio,TotalAssets,CommonStockEquity,CurrentAssets,CurrentLiability,TotalLiability,Inventory,RetainedEarnings,MarketCap,EnterpriseValue,bookValuePerShare,currentRatio,debtToAssets,debtToEquity,roic,shareholdersEquityPerShare,roe,priceToSalesRatio,peRatio,pbRatio,payoutRatio,inventoryTurnover,dividendYield,assetTurnover,quickRatio,returnOnAssets,priceToFreeCashFlowsRatio,grossProfitMargin,epsdilutedGrowth,fiveYNetIncomeGrowthPerShare,fiveYRevenueGrowthPerShare,fiveYShareholdersEquityGrowthPerShare,grossProfitGrowth,netIncomeGrowth,operatingIncomeGrowth,threeYNetIncomeGrowthPerShare,threeYRevenueGrowthPerShare,threeYShareholdersEquityGrowthPerShare,Industry,Sector,Symbol
2023Q2,2023,Q2,2023-05-26,2023-04-30,1575000000.0,6630000000.0,1911000000.0,1.86,3094000000.0,0.4666666667,29092000000.0,14129000000.0,17773000000.0,7871000000.0,14963000000.0,5940000000.0,40696000000.0,95216850000.0,96286850000.0,16.76037959667853,2.2580358277220176,0.19448645675787157,0.40045296907070566,0.08363871343730164,16.76037959667853,0.11147285724396631,14.361515837104072,15.113785714285713,6.739107509377876,0.13904761904761906,0.5952861952861953,0.0023000130754167983,0.22789770383610614,1.3484944733833057,0.0541385948026949,46.74366715758468,0.4666666666666667,-0.07920792079207917,0.7028422469416769,0.7720269268861327,1.4490813128347353,-0.016216216216216217,-0.08270238788584741,-0.029949238578680204,1.269213546699347,0.8225910746935248,0.7031547085720536,Semiconductor Equipment & Materials,Technology,AMAT
2023Q1,2023,Q1,2023-02-23,2023-01-29,1717000000.0,6739000000.0,1970000000.0,2.02,3145000000.0,0.466686452,27959000000.0,13420000000.0,16715000000.0,7250000000.0,14539000000.0,6054000000.0,39389000000.0,91429000000.0,93539000000.0,15.881656804733728,2.3055172413793104,0.20233198612253658,0.4215350223546945,0.08828335362790715,15.881656804733728,0.12794336810730253,13.567146460899243,13.312317996505534,6.812891207153502,0.128130460104834,0.5936570862239842,0.0024062387207559963,0.2410315104259809,1.3009655172413792,0.06141135233735112,46.10640443772063,0.4666864519958451,0.09189189189189186,14.89438527284681,1.0032721724590277,0.9716705367739028,0.01418897129958078,0.07919547454431175,-0.012036108324974924,1.0866240348130651,0.7552223697641952,0.6798611585607499,Semiconductor Equipment & Materials,Technology,AMAT
2022Q4,2022,Q4,2022-12-16,2022-10-30,1591000000.0,6749000000.0,1994000000.0,1.85,3101000000.0,0.4594754778,26726000000.0,12194000000.0,15925000000.0,7379000000.0,14532000000.0,5932000000.0,37892000000.0,75399660000.0,78946660000.0,14.278688524590164,2.158151511044857,0.20736361595450123,0.4544858126947679,0.0898903370155896,14.278688524590164,0.13047400360833197,11.171975107423322,11.8478409805154,6.183340987370839,0.14016341923318668,0.614969656102495,0.0029575730182337693,0.25252563047219934,1.1721100420111126,0.059530045648432235,118.92690851735016,0.4594754778485702,0.0,1.0185636539681477,1.1185664308224808,0.625042741487211,0.031603459747172324,-0.00933997509339975,0.036382536382536385,1.4555269991880448,0.9367569206429612,0.5992687414929329,Semiconductor Equipment & Materials,Technology,AMAT
2022Q3,2022,Q3,2022-08-25,2022-07-31,1606000000.0,6520000000.0,1924000000.0,1.85,3006000000.0,0.4610429448,26161000000.0,12070000000.0,15434000000.0,6833000000.0,14091000000.0,5506000000.0,36520000000.0,91929600000.0,94527600000.0,13.969907407407407,2.258744328991658,0.21230075302931845,0.46014913007456504,0.09211981493181341,13.969907407407407,0.13305716652858326,14.09963190184049,14.310336239103364,7.616371168185585,0.14009962640099627,0.6382128586996004,0.0024475250626566415,0.24922594702037384,1.244548514561686,0.06138909063109208,73.01795075456711,0.4610429447852761,0.06321839080459776,1.1521846846846846,1.1586761039886042,0.7165868326449442,0.026990092244619065,0.045572916666666664,0.01583949313621964,2.0242062333787376,0.9681384781749747,0.5990689972254166,Semiconductor Equipment & Materials,Technology,AMAT
2022Q2,2022,Q2,2022-05-26,2022-05-01,1536000000.0,6245000000.0,1894000000.0,1.74,2927000000.0,0.468694956,25459000000.0,11579000000.0,15244000000.0,6650000000.0,13880000000.0,5009000000.0,35137000000.0,99187660000.0,101393660000.0,13.187927107061503,2.292330827067669,0.21748693978553754,0.4781932809396321,0.08912803552298089,13.187927107061503,0.13265394248207962,15.882731785428343,16.143824869791665,8.566168062872443,0.13736979166666666,0.6624076662008385,0.0021272807524645707,0.2452963588514867,1.32406015037594,0.0603322989905338,483.842243902439,0.46869495596477184,-0.13,1.2886967291063096,1.1623099979829046,0.7311964711900025,-0.010814464346062858,-0.14285714285714285,-0.04149797570850203,1.4744197500461738,0.8932513141879518,0.5148185995429748,Semiconductor Equipment & Materials,Technology,AMAT
2022Q1,2022,Q1,2022-02-24,2022-01-30,1792000000.0,6271000000.0,1976000000.0,2.0,2959000000.0,0.4718545686,25428000000.0,11890000000.0,15707000000.0,6264000000.0,13538000000.0,4526000000.0,33827000000.0,122842020000.0,123335020000.0,13.374578177727784,2.5075031928480205,0.22640396413402547,0.48418839360807403,0.10247779184603698,13.374578177727784,0.1507148864592094,19.588904480944027,17.13755859375,10.33154079058032,0.11941964285714286,0.7317719840919134,0.0017420749023827513,0.24661790152587698,1.6954022988505748,0.07047349378637723,48.86317422434367,0.4718545686493382,0.05820105820105825,2.0910048050537067,1.3197695925593196,0.8756075550397491,0.004753820033955857,0.04672897196261682,-0.04217159476490548,1.502037439872545,0.7987400855468606,0.5591998192332183,Semiconductor Equipment & Materials,Technology,AMAT
2021Q4,2021,Q4,2021-12-17,2021-10-31,1712000000.0,6123000000.0,2063000000.0,1.89,2945000000.0,0.4809733791,25825000000.0,12247000000.0,16107000000.0,6344000000.0,13578000000.0,4309000000.0,32246000000.0,125279979999.99998,126037979999.99998,13.638084632516703,2.5389344262295084,0.22276863504356245,0.469747693312648,0.09620491021335208,13.638084632516703,0.13978933616395853,20.460555283357827,18.294389602803736,10.229442312403037,0.1261682242990654,0.7375261081457415,0.0017241382062800458,0.23709583736689255,1.5548549810844894,0.06629235237173282,132.99360934182587,0.48097337906255105,0.010695187165775291,2.378495016247398,1.2356029271396753,1.0427836341624714,-0.00741489720256151,-0.002331002331002331,0.024838549428713365,1.1197384344713266,0.654510438409886,0.9423153139452066,Semiconductor Equipment & Materials,Technology,AMAT
2021Q3,2021,Q3,2021-08-26,2021-08-01,1716000000.0,6196000000.0,2013000000.0,1.87,2967000000.0,0.4788573273079406,24479000000.0,12060000000.0,15248000000.0,5125000000.0,12419000000.0,4117000000.0,30748000000.0,128945079999.99998,128598079999.99998,13.28193832599119,2.975219512195122,0.2336288247068916,0.474212271973466,0.09666980661605808,13.28193832599119,0.14228855721393036,20.811020012911552,18.785705128205127,10.69196351575456,0.12762237762237763,0.7843089628370172,0.0016983974882950168,0.253114914824952,2.2366829268292685,0.07010090281465746,83.24408005164621,0.4788573273079406,0.3076923076923078,3.052924499498408,1.619696205457183,1.1094499497064758,0.11835657745947983,0.29022556390977444,0.27485750474984166,0.6014736865824667,0.5180944080076038,0.9343951202982039,Semiconductor Equipment & Materials,Technology,AMAT
2021Q2,2021,Q2,2021-05-27,2021-05-02,1330000000.0,5582000000.0,1579000000.0,1.43,2653000000.0,0.47527767825152273,24085000000.0,11993000000.0,14971000000.0,4822000000.0,12092000000.0,4053000000.0,29247000000.0,121956300000.0,121354300000.0,13.064270152505447,3.1047283284944007,0.2367863815652896,0.47552739097807056,0.07572948957681427,13.064270152505447,0.11089802384724423,21.84813686850591,22.92411654135338,10.168956891520052,0.1518796992481203,0.7226745620528003,0.0016563309972506546,0.23176250778492838,2.195562007465782,0.055221091965953914,124.06541200406917,0.47527767825152273,0.17213114754098358,4.039113562091503,1.7623342670401496,1.214856463021868,0.12941677309493402,0.17699115044247787,0.23070927513639908,0.32047563637205706,0.37003453304539113,0.908993749918788,Semiconductor Equipment & Materials,Technology,AMAT
2021Q1,2021,Q1,2021-02-25,2021-01-31,1130000000.0,5162000000.0,1283000000.0,1.22,2349000000.0,0.4550561797752809,23305000000.0,11473000000.0,14269000000.0,4504000000.0,11832000000.0,3925000000.0,28137000000.0,92607150000.0,92092150000.0,12.53879781420765,3.1680728241563054,0.24449688907959666,0.4966442953020134,0.06711742157697863,12.53879781420765,0.09849211191493071,17.940168539325843,20.488307522123893,8.071746709666172,0.17787610619469027,0.716687898089172,0.0021704587604736785,0.2214975327183008,2.2198046181172293,0.048487449045269256,71.23626923076922,0.4550561797752809,-0.008130081300813016,3.948526882953112,1.864507506700466,1.0046682889344263,0.1028169014084507,-0.0008841732979664014,0.0,8.660230722525805,0.41709223066244494,0.5566624138024076,Semiconductor Equipment & Materials,Technology,AMAT
2020Q4,2020,Q4,2020-12-11,2020-10-25,1131000000.0,4688000000.0,1283000000.0,1.23,2130000000.0,0.4543515358361775,22353000000.0,10578000000.0,13369000000.0,4459000000.0,11775000000.0,3904000000.0,27209000000.0,54392140000.0,54748140000.0,11.573304157549234,2.9982058757568963,0.25531248601977363,0.5395159765551144,0.07056309336150918,11.573304157549234,0.10692002268859897,11.602418941979522,12.023019451812555,5.142006050293061,0.1768346595932803,0.6552254098360656,0.003677001860930642,0.20972576387956873,1.9697241533976229,0.0505972352704335,47.17444926279271,0.4543515358361775,0.35164835164835156,3.353059549859331,1.560219409781773,0.7968797470410082,0.08951406649616368,0.3448275862068966,0.157942238267148,0.3407461216558891,0.3749975879808119,0.3171457507361628,Semiconductor Equipment & Materials,Technology,AMAT
2020Q3,2020,Q3,2020-08-20,2020-07-26,841000000.0,4395000000.0,1108000000.0,0.91,1955000000.0,0.4448236632536974,21171000000.0,9569000000.0,12248000000.0,4285000000.0,11602000000.0,3952000000.0,26278000000.0,57654150000.0,59010150000.0,10.45792349726776,2.858343057176196,0.2695196259033584,0.596300553871878,0.057679185112557076,10.45792349726776,0.08788797157487721,13.118122866894199,17.13857015457788,6.025096666318319,0.24019024970273484,0.6174089068825911,0.003503650647871836,0.20759529545132493,1.8014002333722288,0.03972415096122054,73.91557692307693,0.4448236632536974,0.10975609756097571,2.411101699137974,1.3553426822042267,0.6007427090590366,0.11778158947970269,0.11390728476821192,0.1888412017167382,0.06419849357554276,0.37401481715006296,0.2850431465779913,Semiconductor Equipment & Materials,Technology,AMAT
2020Q2,2020,Q2,2020-05-21,2020-04-26,755000000.0,3957000000.0,932000000.0,0.82,1749000000.0,0.44200151630022744,21815000000.0,9024000000.0,12735000000.0,4765000000.0,12791000000.0,3725000000.0,25638000000.0,46794510000.0,48572510000.0,9.840785169029443,2.6726128016789086,0.32358468943387575,0.7822473404255319,0.049086487396744746,9.840785169029443,0.08366578014184398,11.825754359363154,15.494870860927152,5.185561835106383,0.2556291390728477,0.592751677852349,0.0041244154495901336,0.18138895255558102,1.7859391395592865,0.03460921384368554,82.96898936170213,0.44200151630022744,-0.14583333333333334,1.7821551403885103,1.1734825933299216,0.44942710548511744,-0.05866523143164693,-0.15358744394618834,-0.10556621880998081,0.07713258726747209,0.31182754033143456,0.2918127632992864,Semiconductor Equipment & Materials,Technology,AMAT
2020Q1,2020,Q1,2020-02-20,2020-01-26,892000000.0,4162000000.0,1042000000.0,0.96,1858000000.0,0.44641999038923597,19767000000.0,8660000000.0,10769000000.0,4569000000.0,11107000000.0,3472000000.0,25085000000.0,54089800000.0,56139800000.0,9.45414847161572,2.35697089078573,0.2769261901148379,0.6321016166281755,0.06470125933923498,9.45414847161572,0.10300230946882218,12.996107640557424,15.159697309417039,6.2459353348729785,0.21524663677130046,0.663594470046083,0.0035496526147258817,0.2105529417716396,1.4412344057780695,0.045125714574796374,61.118418079096045,0.44641999038923597,0.27999999999999997,2.425086583345882,1.3575454776004192,0.43358247389217575,0.13708690330477355,0.27793696275071633,0.20601851851851852,0.4932510078453541,0.49422642947158635,0.3258191820478401,Semiconductor Equipment & Materials,Technology,AMAT
2019Q4,2019,Q4,2019-12-13,2019-10-27,698000000.0,3754000000.0,864000000.0,0.75,1634000000.0,0.4352690463505594,19024000000.0,8214000000.0,10206000000.0,4447000000.0,10810000000.0,3474000000.0,24386000000.0,52394000000.0,54578000000.0,8.928260869565218,2.295030357544412,0.2792788057190917,0.6468224981738495,0.053074802775401574,8.928260869565218,0.08497686876065254,13.956846030900373,18.76575931232092,6.378621865108352,0.27793696275071633,0.6102475532527346,0.0037027140512272396,0.19732968881412952,1.4160107937935686,0.036690496215306984,71.87105624142661,0.4352690463505594,0.2295081967213115,2.6156589673913038,1.19882086341988,0.38440242258128704,0.04945407835581246,0.2224168126094571,0.0773067331670823,0.3445081967213113,0.33786775856839546,0.3373216017735903,Semiconductor Equipment & Materials,Technology,AMAT
2019Q3,2019,Q3,2019-08-22,2019-07-28,571000000.0,3562000000.0,802000000.0,0.61,1557000000.0,0.43711398090960135,18805000000.0,8116000000.0,10042000000.0,3785000000.0,10689000000.0,3539000000.0,23880000000.0,47072430000.0,49370430000.0,8.736275565123789,2.653104359313078,0.2824780643445892,0.6545096106456383,0.0436106330475618,8.736275565123789,0.07035485460818137,13.215168444693992,20.609645359019265,5.799954411039922,0.3432574430823117,0.5665442215315061,0.0041637960904079094,0.18941770805636798,1.6100396301188904,0.030364264823185324,67.82770893371757,0.43711398090960135,-0.12857142857142853,1.4871454677447618,1.061851025456412,0.3847974542322715,0.01764705882352941,-0.14264264264264265,0.03350515463917526,0.31812765776039387,0.47198563442183,0.38750351034302144,Semiconductor Equipment & Materials,Technology,AMAT
2019Q2,2019,Q2,2019-05-23,2019-04-28,666000000.0,3539000000.0,776000000.0,0.7,1530000000.0,0.43232551568239613,18775000000.0,8201000000.0,10062000000.0,3605000000.0,10574000000.0,3677000000.0,23502000000.0,41674080000.0,43869080000.0,8.705944798301486,2.791123439667129,0.2828761651131824,0.6476039507377149,0.050393501779709214,8.705944798301486,0.08120960858431898,11.775665442215315,15.643423423423425,5.081585172539935,0.28378378378378377,0.5463693228175143,0.004535193098443925,0.1884953395472703,1.663245492371706,0.035472703062583225,61.10568914956012,0.43232551568239613,-0.1250000000000001,2.2813730733699615,0.941517491786697,0.4162446655163353,-0.08108108108108109,-0.13618677042801555,-0.14537444933920704,1.4590565286624202,0.7067060964513195,0.47596596504334415,Semiconductor Equipment & Materials,Technology,AMAT
2019Q1,2019,Q1,2019-02-21,2019-01-27,771000000.0,3753000000.0,908000000.0,0.8,1665000000.0,0.44364508393285373,18922000000.0,8209000000.0,10285000000.0,3776000000.0,10713000000.0,3703000000.0,23032000000.0,37035900000.0,39153900000.0,8.577847439916406,2.723781779661017,0.2806257266673713,0.6468510171762699,0.05831532397846474,8.577847439916406,0.09392130588378608,9.868345323741007,12.009046692607004,4.511621391156049,0.2490272373540856,0.5638671347556036,0.005184159153686018,0.19834055596659972,1.5826271186440677,0.040746221329669166,52.83295292439372,0.44364508393285373,-0.10112359550561795,2.8403360303319416,1.1595825997337572,0.4286540550392466,-0.06460674157303371,-0.11986301369863013,-0.1062992125984252,2.2282043974833945,0.9912220149642423,0.3714025064375281,Semiconductor Equipment & Materials,Technology,AMAT
2018Q4,2018,Q4,2018-12-13,2018-10-28,876000000.0,4014000000.0,1016000000.0,0.89,1780000000.0,0.4434479322371699,17773000000.0,6839000000.0,10747000000.0,4068000000.0,10934000000.0,3722000000.0,20874000000.0,30310880000.0,32179880000.0,7.021560574948666,2.6418387413962634,0.2987115287233444,0.7762830823219768,0.07341122811972314,7.021560574948666,0.12808890188624067,7.551290483308421,8.650365296803653,4.432063167129697,0.2226027397260274,0.600214938205266,0.006433333509287754,0.2258481967028639,1.5914454277286136,0.049288246216170596,33.23561403508772,0.4434479322371699,-0.23931623931623927,4.917258558588885,1.4959076842988113,0.19271429630900022,-0.12185495806610755,-0.2531969309462916,-0.1917263325377884,2.1639043707832206,1.0570942477384984,0.09017267825946707,Semiconductor Equipment & Materials,Technology,AMAT
2018Q3,2018,Q3,2018-08-23,2018-07-29,1173000000.0,4468000000.0,1257000000.0,1.17,2027000000.0,0.4536705461056401,17883000000.0,6825000000.0,10889000000.0,4322000000.0,11058000000.0,3681000000.0,20191000000.0,47622540000.0,49556540000.0,6.866197183098592,2.519435446552522,0.2968182072359224,0.7777289377289377,0.09808301015640014,6.866197183098592,0.17186813186813188,10.658581020590868,10.149731457800511,6.977661538461538,0.16965046888320545,0.663135017658245,0.0041786935346161715,0.24984622266957446,1.515270708005553,0.06559302130515014,95.24508,0.4536705461056401,0.07339449541284389,7.450219172175913,1.7379487048875535,0.18781064297779776,-0.03014354066985646,0.03897254207263064,-0.05275056518462698,3.379569208564457,1.2041598991539602,0.05097489790189049,Semiconductor Equipment & Materials,Technology,AMAT
2018Q2,2018,Q2,2018-05-24,2018-04-29,1129000000.0,4567000000.0,1327000000.0,1.09,2090000000.0,0.4576308298664331,18498000000.0,7042000000.0,11891000000.0,4580000000.0,11456000000.0,3494000000.0,19216000000.0,51110430000.0,51546430000.0,6.843537414965986,2.596288209606987,0.286841820737377,0.7534791252485089,0.0936911296969606,6.843537414965986,0.1603237716557796,11.191248084081455,11.317632860938884,7.257942345924453,0.09300265721877768,0.7089295935890098,0.0020543752028695512,0.246891555843875,1.797816593886463,0.06103362525678452,104.307,0.4576308298664331,7.384615384615385,11.231857527063983,1.7061644149369253,0.1935018135987361,0.08854166666666667,7.362962962962963,0.10953177257525083,2.707509691474706,1.235502133461317,0.007969227686284726,Semiconductor Equipment & Materials,Technology,AMAT
2018Q1,2018,Q1,2018-02-22,2018-01-28,135000000.0,4204000000.0,1196000000.0,0.13,1920000000.0,0.45670789724072314,19663000000.0,8506000000.0,13029000000.0,4399000000.0,11157000000.0,3125000000.0,18288000000.0,58428480000.0,56934480000.0,8.054924242424242,2.9618095021595816,0.26979606367288816,0.623677404185281,0.01006082731580043,8.054924242424242,0.015871149776628263,13.898306374881066,108.20088888888888,6.869090054079473,0.7851851851851852,0.73088,0.0018141837679159203,0.21380257336113512,2.3002955217094794,0.006865686822966994,46.26166270783848,0.45670789724072314,-0.8571428571428571,3.5045120320855614,2.0319838563640213,0.351323237981269,0.07442641298265248,-0.8625254582484725,0.08925318761384335,-0.5503526645768025,1.0656287332845193,0.22141071267681775,Semiconductor Equipment & Materials,Technology,AMAT
2017Q4,2017,Q4,2017-12-15,2017-10-29,982000000.0,3969000000.0,1098000000.0,0.91,1787000000.0,0.4502393550012598,19419000000.0,9349000000.0,12918000000.0,4115000000.0,10070000000.0,2930000000.0,18258000000.0,59477600000.0,59771600000.0,8.786654135338345,3.139246658566221,0.27313455893712346,0.5673334046422077,0.06851457954536357,8.786654135338345,0.10503797197561236,14.985537918871252,15.141955193482687,6.3619210610760515,0.10896130346232179,0.7447098976109215,0.0017989965970382127,0.2043874555847366,2.298420413122722,0.05056903033111901,103.43930434782608,0.4502393550012598,0.07058823529411772,3.1863639681728593,1.7648366054869857,0.4816472764495896,0.051176470588235295,0.061621621621621624,0.07331378299120235,3.3983493890977448,1.0101241398549377,0.36244509978555944,Semiconductor Equipment & Materials,Technology,AMAT
2017Q3,2017,Q3,2017-08-24,2017-07-30,925000000.0,3744000000.0,1023000000.0,0.85,1700000000.0,0.45405982905982906,19078000000.0,8716000000.0,12731000000.0,4371000000.0,10362000000.0,2876000000.0,17383000000.0,47456010000.0,47481010000.0,8.138188608776844,2.912605811027225,0.27796414718523954,0.6084212941716384,0.06901785788524514,8.138188608776844,0.10612666360715925,12.675216346153846,12.825948648648648,5.444700550711336,0.11567567567567567,0.7107093184979137,0.002254719686716182,0.1962469860572387,2.189201555708076,0.04848516615997484,36.90202954898911,0.45405982905982906,0.1184210526315789,3.9800195307480792,0.8754667039671182,0.22673019321651186,0.0625,0.12257281553398058,0.08829787234042553,2.494886326623673,0.8798597584729257,0.28999397780975994,Semiconductor Equipment & Materials,Technology,AMAT
2017Q2,2017,Q2,2017-05-25,2017-04-30,824000000.0,3546000000.0,940000000.0,0.76,1600000000.0,0.4512126339537507,18240000000.0,8212000000.0,12018000000.0,4097000000.0,10028000000.0,2609000000.0,16564000000.0,44952600000.0,45510600000.0,7.617810760667903,2.9333658774713203,0.30164473684210524,0.669995129079396,0.062202103512986176,7.617810760667903,0.10034096444227959,12.676988155668358,13.638531553398058,5.474013638577691,0.13106796116504854,0.745879647374473,0.002402530665634468,0.1944078947368421,2.1972174762020993,0.04517543859649123,54.75347137637028,0.4512126339537507,0.1692307692307692,2.4092867093361408,0.668661411113764,0.12827278760208294,0.10726643598615918,0.1721194879089616,0.16480793060718713,2.547649733036865,0.6999322697823094,0.2392318240765445,Semiconductor Equipment & Materials,Technology,AMAT
2017Q1,2017,Q1,2017-02-23,2017-01-29,703000000.0,3278000000.0,807000000.0,0.65,1445000000.0,0.4408175716900549,15244000000.0,7687000000.0,9094000000.0,3808000000.0,7557000000.0,2281000000.0,15847000000.0,37018520000.0,36852520000.0,7.130797773654916,2.3881302521008405,0.21811860404093414,0.43254845843632106,0.06682027812602029,7.130797773654916,0.09145310264082217,11.293020134228188,13.164480796586062,4.81573045401327,0.15362731152204837,0.8035949145111793,0.002917458612607959,0.21503542377328785,1.7142857142857142,0.04611650485436893,63.60570446735395,0.4408175716900549,0.16071428571428564,6.240354883212026,0.8044862531581842,0.07085622057546087,0.032880629020729094,0.15245901639344261,0.03861003861003861,2.108589321463404,0.6745317305004194,0.1876456449423876,Semiconductor Equipment & Materials,Technology,AMAT
2016Q4,2016,Q4,2016-12-15,2016-10-30,610000000.0,3297000000.0,777000000.0,0.56,1399000000.0,0.424325144070367,14588000000.0,7217000000.0,8353000000.0,3632000000.0,7371000000.0,2050000000.0,15252000000.0,31435480000.0,31372480000.0,6.676225716928769,2.2998348017621146,0.22916095420893887,0.46321186088402383,0.06065340909090909,6.676225716928769,0.08452265484273244,9.534570821959356,12.88339344262295,4.3557544686157685,0.17704918032786884,0.9258536585365854,0.0034356084271657374,0.22600767754318618,1.6844713656387664,0.0418151905675898,44.337771509167844,0.424325144070367,0.21739130434782614,0.6358276321273548,0.8445158146145694,0.0006751955260280876,0.17365771812080538,0.2079207920792079,0.3036912751677852,2.712611779216775,0.8471550859272191,0.134054142661151,Semiconductor Equipment & Materials,Technology,AMAT
2016Q3,2016,Q3,2016-08-25,2016-07-31,505000000.0,2821000000.0,596000000.0,0.46,1192000000.0,0.42254519673874513,13699000000.0,6819000000.0,7399000000.0,2964000000.0,6880000000.0,2026000000.0,14750000000.0,28450410000.0,28965410000.0,6.296398891966759,2.4962887989203777,0.24403241112489962,0.4902478369262355,0.05251451311449553,6.296398891966759,0.0740577797330987,10.085221552640908,14.084361386138614,4.172226132864056,0.21386138613861386,0.8040473840078973,0.003796078861429414,0.2059274399591211,1.870782726045884,0.03686400467187386,30.558979591836735,0.42254519673874513,0.5862068965517243,0.29113418220473786,0.23183650778031903,-0.02951073095401843,0.18725099601593626,0.578125,0.4023529411764706,2.339021896847382,0.5866208492583892,0.08923898001668258,Semiconductor Equipment & Materials,Technology,AMAT
2016Q2,2016,Q2,2016-05-26,2016-05-01,320000000.0,2450000000.0,425000000.0,0.29,1004000000.0,0.4097959183673469,13075000000.0,6565000000.0,6728000000.0,2611000000.0,6510000000.0,1924000000.0,14353000000.0,22605030000.0,23478030000.0,5.898472596585804,2.576790501723478,0.25567877629063096,0.5092155369383092,0.03475008048731877,5.898472596585804,0.048743335872048744,9.226542857142856,17.660179687499998,3.4432642802741813,0.353125,0.7515592515592515,0.0049988874157654295,0.18738049713193117,1.7204136346227499,0.024474187380497132,52.08532258064516,0.4097959183673469,0.15999999999999992,-0.22389606380809068,0.015255198238466376,-0.048400901064133306,0.09606986899563319,0.11888111888111888,0.20056497175141244,3.6812093859044275,0.3421759794967915,0.028684043736260073,Semiconductor Equipment & Materials,Technology,AMAT
2016Q1,2016,Q1,2016-02-25,2016-01-31,286000000.0,2257000000.0,354000000.0,0.25,916000000.0,0.4058484714222419,13326000000.0,7168000000.0,6910000000.0,2307000000.0,6158000000.0,1835000000.0,14142000000.0,20226900000.0,20607900000.0,6.2547993019197206,2.9952319029042047,0.25086297463604984,0.4663783482142857,0.030675779756360794,6.2547993019197206,0.03989955357142857,8.961852015950377,17.68085664335664,2.8218331473214286,0.4020979020979021,0.7307901907356948,0.005685498024907426,0.16936815248386614,2.17988729952319,0.02146180399219571,145.51726618705035,0.4058484714222419,-0.10714285714285723,-0.346991425753092,-0.029201898799151166,0.05642993694880845,-0.04483837330552659,-0.1488095238095238,-0.16312056737588654,7.79345036443897,0.4999439716241238,0.049327764136651076,Semiconductor Equipment & Materials,Technology,AMAT
2015Q4,2015,Q4,2015-12-09,2015-10-25,336000000.0,2368000000.0,423000000.0,0.28,959000000.0,0.4049831081081081,15308000000.0,7613000000.0,9261000000.0,3798000000.0,7695000000.0,1833000000.0,13967000000.0,19302059999.999996,19047059999.999996,6.44077834179357,2.438388625592417,0.296707603867259,0.596611060028898,0.029453314502951487,6.44077834179357,0.0441350321817943,8.151207770270268,14.361651785714283,2.535407854984894,0.3541666666666667,0.7686852154937261,0.006165145067417675,0.15469035798275413,1.7351237493417588,0.021949307551607004,45.9572857142857,0.4049831081081081,0.03703703703703707,-0.18613888845052523,-0.0699833828295449,0.14519441233271746,-0.05795677799607073,0.02127659574468085,0.06818181818181818,1.673402000887093,0.48488979076590316,0.08607457871294473,Semiconductor Equipment & Materials,Technology,AMAT
2015Q3,2015,Q3,2015-08-20,2015-07-26,329000000.0,2490000000.0,396000000.0,0.27,1018000000.0,0.40883534136546185,13153000000.0,7977000000.0,7043000000.0,3020000000.0,5176000000.0,1739000000.0,13747000000.0,21220980000.0,20593980000.0,6.533169533169533,2.3321192052980133,0.14802706606857752,0.24407672057164348,0.03500846432889964,6.533169533169533,0.041243575278926914,8.522481927710844,16.125364741641334,2.660270778488153,0.3738601823708207,0.8464634847613571,0.005796150790397051,0.18931042347753363,1.4841059602649007,0.025013304949441192,74.98579505300353,0.40883534136546185,-0.06896551724137918,1.9324518069887537,0.08507253050682002,0.2025362385639925,0.001968503937007874,-0.09615384615384616,-0.04807692307692308,0.5536708518359895,0.09407393658353962,-0.015206367286952445,Semiconductor Equipment & Materials,Technology,AMAT
2015Q2,2015,Q2,2015-05-21,2015-04-26,364000000.0,2442000000.0,416000000.0,0.29,1016000000.0,0.41605241605241605,13587000000.0,8351000000.0,7447000000.0,2696000000.0,5236000000.0,1713000000.0,13538000000.0,24563100000.0,23443100000.0,6.789430894308943,2.762240356083086,0.14329874144402738,0.23314573105017364,0.037800037045154646,6.789430894308943,0.04358759430008382,10.058599508599508,16.870260989010987,2.9413363669021675,0.33791208791208793,0.8324576765907764,0.005007511266900351,0.17973062486200045,1.936572700296736,0.026790314270994334,104.97051282051282,0.41605241605241605,0.035714285714285546,0.5072467736692338,0.1629318931705745,0.24697216173581565,0.05943691345151199,0.04597701149425287,-0.09170305676855896,0.3199313584831351,0.007137577869285174,0.005581572189386134,Semiconductor Equipment & Materials,Technology,AMAT
2015Q1,2015,Q1,2015-02-19,2015-01-25,348000000.0,2359000000.0,458000000.0,0.28,959000000.0,0.4065281899109792,13073000000.0,8072000000.0,6933000000.0,2521000000.0,5001000000.0,1641000000.0,13297000000.0,29669759999.999996,28687759999.999996,6.594771241830065,2.7500991669972232,0.14893291516866825,0.2412041625371655,0.0364031452368646,6.594771241830065,0.04311199207135778,12.577261551504874,21.314482758620688,3.675639246778989,0.3505747126436782,0.8531383302864107,0.00411193080092323,0.18044825212269563,1.9377231257437524,0.026619750631071675,2697.250909090909,0.4065281899109792,0.33333333333333354,3.6106058548904447,0.3988335913278273,0.23805496267109927,0.0,0.359375,0.11165048543689321,2.156611362493715,0.1436941839321384,-0.00964071177603993,Semiconductor Equipment & Materials,Technology,AMAT
2014Q4,2014,Q4,2014-12-17,2014-10-26,256000000.0,2264000000.0,412000000.0,0.21,959000000.0,0.42358657243816256,13174000000.0,7868000000.0,6967000000.0,2823000000.0,5306000000.0,1567000000.0,13072000000.0,25668800000.0,24613800000.0,6.449180327868852,2.467941905773999,0.14779110368908457,0.2474580579562786,0.027000002559921358,6.449180327868852,0.03253685815963396,11.337809187279152,25.0671875,3.2624300965937976,0.4765625,0.8328015315890236,0.004752851711026617,0.17185365113101564,1.679773290825363,0.019432214968878092,74.61860465116278,0.42358657243816256,-0.125,1.0290621816875083,0.6207265180463795,0.21181385250023899,-0.03326612903225806,-0.14950166112956811,0.05370843989769821,-0.3917059989191137,0.12229162438646742,-0.03335581222056631,Semiconductor Equipment & Materials,Technology,AMAT
2014Q3,2014,Q3,2014-08-21,2014-07-27,301000000.0,2265000000.0,391000000.0,0.24,992000000.0,0.43796909492273733,12851000000.0,7684000000.0,6640000000.0,2755000000.0,5167000000.0,1547000000.0,12938000000.0,26016480000.0,25237480000.0,6.308702791461412,2.4101633393829403,0.15150571939926855,0.2533836543466944,0.03302707753958922,6.308702791461412,0.03917230609057783,11.48630463576159,21.608372093023256,3.385799062988027,0.4019933554817276,0.8228829993535876,0.004650898199910211,0.17625087541825538,1.6482758620689655,0.023422301766399502,50.12809248554913,0.43796909492273733,0.14285714285714285,7.005435913229023,1.1868961580664925,0.19927624143206293,-0.008991008991008992,0.14885496183206107,0.0103359173126615,-0.3157297401719308,-0.12057388190419634,-0.027614281470454766,Semiconductor Equipment & Materials,Technology,AMAT
2014Q2,2014,Q2,2014-05-22,2014-04-27,262000000.0,2353000000.0,387000000.0,0.21,1001000000.0,0.425414364640884,12555000000.0,7475000000.0,6401000000.0,2662000000.0,5080000000.0,1564000000.0,12759000000.0,22702720000.000004,22196720000.000004,6.147203947368421,2.4045830202854996,0.15507765830346476,0.2604682274247492,0.029483313608779215,6.147203947368421,0.03505016722408027,9.64841478963026,21.66290076335878,3.037153177257525,0.46564885496183206,0.8644501278772379,0.005373805429481578,0.18741537236160893,1.5856498873027798,0.020868180007964955,61.028817204301085,0.425414364640884,0.0,2.123517096401582,1.52622049303631,0.1536818330735824,0.12345679012345678,0.03557312252964427,0.17272727272727273,-0.4183887633193414,-0.10753199823458011,-0.00827313486600876,Semiconductor Equipment & Materials,Technology,AMAT
2014Q1,2014,Q1,2014-02-20,2014-01-26,253000000.0,2190000000.0,330000000.0,0.21,891000000.0,0.40684931506849314,12199000000.0,7241000000.0,6014000000.0,2477000000.0,4958000000.0,1533000000.0,12619000000.0,20164320000.0,19966320000.0,6.004145936981758,2.4279370205894226,0.15952127223542914,0.26874741057864937,0.028850290524395236,6.004145936981758,0.0349399254246651,9.207452054794521,19.925217391304347,2.784742438889656,0.4743083003952569,0.8473581213307241,0.00595110571544193,0.17952291171407492,1.5761001211142511,0.020739404869251576,62.23555555555556,0.40684931506849314,0.4,3.0976594739553422,0.8102372882504374,0.08484515275899983,0.12075471698113208,0.3825136612021858,0.5639810426540285,-0.45107794361525705,-0.10488510537409743,0.014094810634500238,Semiconductor Equipment & Materials,Technology,AMAT
2013Q4,2013,Q4,2013-12-04,2013-10-27,183000000.0,1988000000.0,211000000.0,0.15,795000000.0,0.3998993963782696,12043000000.0,7088000000.0,5642000000.0,2443000000.0,4955000000.0,1413000000.0,12487000000.0,21346920000.0,21581920000.0,5.887043189368771,2.30945558739255,0.1615876442746824,0.27454853273137697,0.02203188869539814,5.887043189368771,0.025818284424379234,10.737887323943662,29.162459016393445,3.0116986455981944,0.6557377049180327,0.8443029016277424,0.005621419858227791,0.16507514738852444,1.3921408104789195,0.01519554928174043,-561.761052631579,0.3998993963782696,0.07142857142857129,-0.10934570564995379,0.09408924367980558,0.07022923179411726,-0.013647642679900745,0.08928571428571429,-0.156,-0.564835860636122,-0.2334925504185758,0.046738236880404356,Semiconductor Equipment & Materials,Technology,AMAT
2013Q3,2013,Q3,2013-08-22,2013-07-28,168000000.0,1975000000.0,250000000.0,0.14,806000000.0,0.40810126582278483,11751000000.0,6954000000.0,5237000000.0,2202000000.0,4797000000.0,1358000000.0,12425000000.0,19272060000.0,19473060000.0,5.780548628428928,2.3782924613987286,0.16560292741043314,0.27983894161633593,0.020697811945594325,5.780548628428928,0.024158757549611734,9.758005063291138,28.678660714285716,2.7713632441760137,0.7142857142857143,0.8608247422680413,0.006226630676741355,0.1680708024848949,1.6416893732970028,0.014296655603778402,59.48166666666667,0.40810126582278483,2.272727272727273,0.14465269144094503,0.19967325159196178,0.03527296749979369,-0.0024752475247524753,2.302325581395349,4.676470588235294,0.519827519003881,-0.12647254671088876,0.06400410538478288,Semiconductor Equipment & Materials,Technology,AMAT
2013Q2,2013,Q2,2013-05-23,2013-04-28,-129000000.0,1973000000.0,-68000000.0,-0.11,808000000.0,0.4095286365940193,11695000000.0,6898000000.0,5113000000.0,2201000000.0,4797000000.0,1318000000.0,12378000000.0,17323200000.0,17724200000.0,5.733998337489609,2.323034984098137,0.16639589568191535,0.2821107567410844,-0.011020654304236394,5.733998337489609,-0.01870107277471731,8.780131779016726,-33.57209302325582,2.511336619309945,-0.8372093023255814,0.8839150227617603,0.006234413965087282,0.16870457460453187,1.3493866424352567,-0.011030354852501069,100.13410404624277,0.4095286365940193,-4.666666666666667,-1.4809213746930296,0.03492487967262482,0.00888885445199239,0.38831615120274915,-4.794117647058823,-2.7435897435897436,-1.5461502963701033,-0.03932787161654336,0.05312748794341511,Semiconductor Equipment & Materials,Technology,AMAT
2013Q1,2013,Q1,2013-02-21,2013-01-27,34000000.0,1573000000.0,39000000.0,0.03,582000000.0,0.36999364272091545,11714000000.0,7141000000.0,4765000000.0,1965000000.0,4573000000.0,1278000000.0,12626000000.0,15526080000.000002,15949080000.000002,5.960767946577629,2.4249363867684477,0.16612600307324568,0.27251085282173365,0.00810681926561755,5.960767946577629,0.004761237921859684,9.870362364907821,114.16235294117648,2.174216496289035,3.176470588235294,0.7754303599374022,0.006956037840845854,0.1342837630186102,1.5674300254452926,0.0029025098173126175,-470.4872727272728,0.36999364272091545,1.0714285714285714,-0.8516754466681086,-0.13745471277951415,0.09585306708404445,-0.008517887563884156,1.0660194174757283,1.0781563126252505,-0.5397622156248901,-0.04700321762418249,0.11903173999153777,Semiconductor Equipment & Materials,Technology,AMAT
2012Q4,2012,Q4,2012-12-05,2012-10-28,-515000000.0,1646000000.0,-499000000.0,-0.42,587000000.0,0.35662211421628187,12102000000.0,7235000000.0,5102000000.0,2265000000.0,4867000000.0,1272000000.0,12700000000.0,12993000000.0,13547000000.0,5.930327868852459,2.2525386313465785,0.16079986779044786,0.2689702833448514,-0.05261458569635067,5.930327868852459,-0.07118175535590877,7.893681652490887,-6.307281553398058,1.7958534899792673,-0.21553398058252426,0.8325471698113207,0.008543061648580005,0.13601057676417122,1.34878587196468,-0.04255494959510825,35.116216216216216,0.35662211421628187,-3.4705882352941173,-2.407919540400105,-0.19821020246848098,0.0665729484542647,-0.3688172043010753,-3.3623853211009176,-2.549689440993789,-5.081902435816668,0.1783197211591611,0.11432044011683148,Semiconductor Equipment & Materials,Technology,AMAT
2012Q3,2012,Q3,2012-08-23,2012-07-29,218000000.0,2343000000.0,322000000.0,0.17,930000000.0,0.3969270166453265,13320000000.0,8339000000.0,5865000000.0,2408000000.0,4981000000.0,1380000000.0,13323000000.0,13600740000.0,14017740000.0,6.634049323786794,2.4356312292358804,0.14609609609609608,0.23336131430627174,0.022599619454809455,6.634049323786794,0.026142223288164047,5.804839948783611,15.59717889908257,1.630979733781029,0.5275229357798165,1.0239130434782608,0.00845542227849367,0.1759009009009009,1.4053156146179402,0.016366366366366368,22.259803600654664,0.3969270166453265,-0.2272727272727272,-0.4925421670198162,0.008422742333892702,0.24410272644426526,-0.08011869436201781,-0.24567474048442905,-0.21271393643031786,5.214504728138301,1.1920186984990182,0.26112419644719426,Semiconductor Equipment & Materials,Technology,AMAT
2012Q2,2012,Q2,2012-05-24,2012-04-29,289000000.0,2541000000.0,409000000.0,0.22,1011000000.0,0.39787485242030696,13877000000.0,8703000000.0,6330000000.0,2666000000.0,5174000000.0,1594000000.0,13217000000.0,15455110000.0,15641110000.0,6.751745539177657,2.374343585896474,0.14030410030986523,0.22371596001378835,0.028678773762298167,6.751745539177657,0.03320694013558543,6.082294372294372,13.3694723183391,1.7758370676778124,0.35986159169550175,0.9598494353826851,0.00672916595223198,0.1831087410823665,1.3897224306076519,0.020825826907833106,27.402677304964538,0.39787485242030696,1.4444444444444446,-0.24197234574223248,0.08407030603990254,0.33454648476032045,0.2862595419847328,1.4700854700854702,1.2849162011173185,2.1691140895238914,1.5735620828143069,0.2671397007121327,Semiconductor Equipment & Materials,Technology,AMAT
2012Q1,2012,Q1,2012-02-27,2012-01-29,117000000.0,2189000000.0,179000000.0,0.09,786000000.0,0.3590680676107812,13597000000.0,8650000000.0,6157000000.0,2494000000.0,4947000000.0,1772000000.0,13043000000.0,15665940000.0,15933940000.0,6.65896843725943,2.4687249398556537,0.1433404427447231,0.2253179190751445,0.01242730268252434,6.65896843725943,0.013526011560693642,7.156665143901325,33.474230769230765,1.8110913294797688,0.8888888888888888,0.7917607223476298,0.0066386057906515665,0.16099139516069721,1.516439454691259,0.00860483930278738,108.79125,0.3590680676107812,-0.7352941176470588,-0.6886542664797185,0.03206386460367907,0.3331010672224096,-0.07638072855464159,-0.7428571428571429,-0.5041551246537396,1.9006135674265905,0.6798685906335151,0.20316023417103907,Semiconductor Equipment & Materials,Technology,AMAT
2011Q4,2011,Q4,2011-12-06,2011-10-30,455000000.0,2181000000.0,361000000.0,0.34,851000000.0,0.3901879871618524,13861000000.0,8800000000.0,10355000000.0,2794000000.0,5061000000.0,1701000000.0,13029000000.0,16250080000.0,12237080000.0,6.67172100075815,3.7061560486757337,0.14046605584012697,0.22125,0.04455918405326213,6.67172100075815,0.051704545454545454,7.450747363594681,8.928615384615386,1.8466000000000002,0.23296703296703297,0.7818930041152263,0.006523044809625552,0.1573479546930236,2.7984967788117396,0.03282591443618787,26.000128,0.3901879871618524,-0.055555555555555455,0.1917877617455442,0.018617943762943994,0.5560785677594412,-0.28125,-0.04411764705882353,-0.4745269286754003,1.0213948948360545,0.09565474847593884,0.21287896346343582,Semiconductor Equipment & Materials,Technology,AMAT
2011Q3,2011,Q3,2011-08-26,2011-07-31,476000000.0,2787000000.0,687000000.0,0.36,1184000000.0,0.4248295658414065,14103000000.0,8551000000.0,10273000000.0,3278000000.0,5552000000.0,1849000000.0,12678000000.0,16250940000.0,13179940000.0,6.4878603945371776,3.1339231238560097,0.13805573282280365,0.22769266752426617,0.04656193321469731,6.4878603945371776,0.055666003976143144,5.830979547900969,8.53515756302521,1.9004724593614781,0.22058823529411764,0.866955110870741,0.006461164708010736,0.19761752818549244,2.2236119585112872,0.033751684038856984,29.873051470588237,0.4248295658414065,-0.027027027027027053,0.09377442178680317,0.28925747673551433,0.1609826442065817,-0.004205214465937763,-0.026584867075664622,0.014771048744460856,1.9602038685709116,0.545194172482556,0.16194965480333526,Semiconductor Equipment & Materials,Technology,AMAT
2011Q2,2011,Q2,2011-05-31,2011-05-01,489000000.0,2862000000.0,677000000.0,0.37,1189000000.0,0.41544374563242487,11957000000.0,8182000000.0,7944000000.0,3251000000.0,3775000000.0,1794000000.0,12308000000.0,19998000000.0,17645000000.0,6.198484848484848,2.4435558289757,0.017144768754704356,0.025054998777804937,0.05753959080779258,6.198484848484848,0.05976533854803227,6.987421383647798,10.223926380368098,2.44414568565143,0.1901840490797546,0.9325529542920847,0.00465046504650465,0.23935769841933596,1.5749000307597663,0.040896545956343566,30.908809891808346,0.41544374563242487,-0.026315789473684233,0.4147760800924211,0.520783022669051,0.1338418678182469,0.04665492957746479,-0.03359683794466403,0.004451038575667656,0.6614410049714853,0.36817946511409,0.09061459561981298,Semiconductor Equipment & Materials,Technology,AMAT
2011Q1,2011,Q1,2011-02-28,2011-01-30,506000000.0,2686000000.0,674000000.0,0.38,1136000000.0,0.422933730454207,11274000000.0,7839000000.0,7142000000.0,2914000000.0,3435000000.0,1647000000.0,11925000000.0,20773560000.0,19004560000.0,5.920694864048339,2.450926561427591,0.01818343090296257,0.026151294808011226,0.062348992307017286,5.920694864048339,0.06454904962367648,7.734013402829486,10.263616600790513,2.6500267891312665,0.18379446640316205,0.9411050394656952,0.004476844604391351,0.2382472946602803,1.63761153054221,0.0448820294482881,51.80438902743142,0.422933730454207,0.0857142857142858,3.278017773102006,0.7454809832159149,0.0917477387184931,-0.06640214727506127,0.08116192857066547,-0.03565087127656073,0.9973468174682915,0.3326865825332899,0.08848586024244137,Semiconductor Equipment & Materials,Technology,AMAT
2010Q4,2010,Q4,2010-12-10,2010-10-31,468015000.0,2886435000.0,698917000.0,0.35,1216798000.0,0.42155738826614836,10943345000.0,7536113000.0,6765315000.0,2887876000.0,3407232000.0,1547378000.0,11510843000.0,16575169129.999998,14923034129.999998,5.624178979946252,2.3426611807432174,0.018781186191242256,0.027272547532129626,0.06007329010648568,5.624178979946252,0.06210297005896807,5.742436302913455,8.853973232695532,2.1994321382919813,0.1997585547471769,1.0790104292551659,0.005640364768935544,0.2637616743326652,1.5688284400022716,0.04276708812524872,33.821215898563906,0.42155738826614836,2.8888888888888893,1.329612979631045,1.0631275957845925,0.03653582021557312,0.4146708396889765,2.8020325599532074,2.8265161428078684,0.16493566548280966,0.2801593678154714,0.011511891067925665,Semiconductor Equipment & Materials,Technology,AMAT
2010Q3,2010,Q3,2010-09-03,2010-08-01,123096000.0,2517790000.0,182651000.0,0.09,860128000.0,0.34162023044018763,10726148000.0,7278139000.0,6551748000.0,2889472000.0,3448009000.0,1590052000.0,11135753000.0,16089316600.0,14731265600.0,5.432825493035546,2.2674550921414016,0.019232067280816934,0.028343234444959075,0.016892739449301725,5.432825493035546,0.0169131147399081,6.390253595415027,32.67635950802626,2.2106360705669403,0.7633310586859037,1.0425206219670804,0.0058400864583645525,0.23473384853537355,1.4466307339195534,0.011476254103523464,61.238744571443796,0.34162023044018763,-0.55,-0.5945344462403862,0.8782234571141309,-0.02328982974265338,-0.07202996681382513,-0.5337343373585248,-0.5265618965414454,-0.7311388232337994,0.01678828689016925,0.018833698439148634,Semiconductor Equipment & Materials,Technology,AMAT
2010Q2,2010,Q2,2010-06-09,2010-05-02,264004000.0,2295540000.0,385797000.0,0.2,926892000.0,0.40377950286207165,10449749000.0,7321081000.0,6173294000.0,2575820000.0,3128668000.0,1690445000.0,11106136000.0,18824638000.0,17434859000.0,5.444733332986271,2.3966325286704815,0.0197755946099758,0.028226705864885255,0.034957144193709565,5.444733332986271,0.036060794847099766,8.2005271090898,17.826091650126514,2.571292135683241,0.30531734367661095,0.8096376989490933,0.004281888448532184,0.2196741759060433,1.5747831758430324,0.025264147492920642,39.03477635183192,0.40377950286207165,2.3333333333333335,0.06958438092148453,0.5231989759256451,-0.015302526673689792,0.3033082859006952,2.1903421106693575,2.316031046130837,-0.3361774004554549,-0.06115917133515243,0.07620313707485772,Semiconductor Equipment & Materials,Technology,AMAT
2010Q1,2010,Q1,2010-03-09,2010-01-31,82751000.0,1848902000.0,116343000.0,0.06,711184000.0,0.38465207999125967,10003838000.0,7148143000.0,5849263000.0,2277948000.0,2855695000.0,1664269000.0,10936149000.0,16801101320.0,15614994320.0,5.326719281995259,2.567777227574993,0.021286530229697842,0.029790534408726855,0.011015298803152216,5.326719281995259,0.011576573104371303,9.087069687847166,50.75800087008012,2.350414830816899,0.9723628717477735,0.6836142474563908,0.004789209854012118,0.1848192663655689,1.5768235271393376,0.008271925235094771,52.71661443461999,0.38465207999125967,-0.4000000000000001,-0.642804644708131,0.2942866817778421,-0.041934633657515694,0.2726166531862657,-0.39975482729105916,-0.32727157081564917,-0.7868398403538196,-0.15617880017214564,0.06638967079179948,Semiconductor Equipment & Materials,Technology,AMAT
2009Q4,2009,Q4,2009-12-11,2009-10-25,137862000.0,1526394000.0,172942000.0,0.1,558836000.0,0.36611517078814515,9574243000.0,7094608000.0,5688947000.0,1939457000.0,2479635000.0,1627457000.0,10934004000.0,17236866630.0,15862379630.0,5.321923259552424,2.933267919835294,0.021087202403364945,0.028457386229091164,0.01879579272460465,5.321923259552424,0.019431940425743043,11.292540870836756,31.25746512817165,2.4295728009214885,0.5784842813828321,0.5945213913485886,0.004626768989509783,0.15942712128781356,1.8483781800782384,0.014399258510568407,96.16318707251487,0.36611517078814515,3.5000000000000004,-0.6163198615342554,-0.12274599512564789,-0.030012499980954725,0.7201622782986635,3.5127494759865123,3.2406747599860073,-0.6427130954515615,-0.29464571967828823,0.24125854820801607,Semiconductor Equipment & Materials,Technology,AMAT
2009Q3,2009,Q3,2009-09-01,2009-07-26,-54865000.0,1133740000.0,-77183000.0,-0.04,324874000.0,0.2865507082752659,9580281000.0,7013609000.0,5764792000.0,2038983000.0,2566672000.0,1748507000.0,10896826000.0,17745930180.0,16392863180.0,5.260425057639892,2.827287917554977,0.021127042098243256,0.028858609027107157,-0.007910602187197016,5.260425057639892,-0.007822648796076314,15.652557182422777,-80.86179795862573,2.5302137857984386,-1.4584890184999544,0.46260380999332573,0.004509202909531564,0.11834099646972776,1.650289874903322,-0.0057268675104623756,132.42440884126322,0.2865507082752659,0.7894736842105263,-1.1584615469080592,-0.35485614776267804,-0.019648721969594045,1.088966621441753,0.7851716981870864,0.7368309789520702,-1.1246266413634793,-0.4815452513328569,-0.05866313057357437,Semiconductor Equipment & Materials,Technology,AMAT
2009Q2,2009,Q2,2009-06-03,2009-04-26,-255390000.0,1020077000.0,-293283000.0,-0.19,155519000.0,0.15245809875136876,9749099000.0,7095899000.0,5914806000.0,2132833000.0,2653200000.0,1901024000.0,11031711000.0,15434739110.0,14170084110.0,5.328335569774331,2.7732157182489208,0.02075278956547677,0.02851238440682428,-0.026809753581861242,5.328335569774331,-0.03599121126160336,15.130954927912304,-15.108989300677395,2.17516330347994,-0.31314460237284153,0.4547854209099938,0.005181428686940728,0.10463295120913225,1.5605858499001093,-0.026196266957592695,522.8747284799621,0.15245809875136876,-0.8999999999999999,-1.8683992376118583,-0.35831989901719763,0.04305031369236004,-0.6028382740515251,-0.9211789308980396,-0.4956398017257206,-1.7323873114207193,-0.4627348685114498,-0.025327946671982876,Semiconductor Equipment & Materials,Technology,AMAT
2009Q1,2009,Q1,2009-03-03,2009-01-25,-132934000.0,1333396000.0,-196092000.0,-0.1,391576000.0,0.293668197594713,10427603000.0,7356671000.0,6279668000.0,2529731000.0,3070932000.0,2131092000.0,11386759000.0,13066262090.0,11903220090.0,5.534564930038075,2.4823461466851615,0.019482329735798342,0.027614936157944265,-0.01701446553230215,5.534564930038075,-0.018069857956132605,9.79923600340784,-24.572837065761956,1.7761107014300355,-0.6000120360479636,0.4419424407768412,0.006104423702096427,0.12787176496842084,1.2381494316984691,-0.01274827973408654,-50.53962554393022,0.293668197594713,-1.588235294117647,-3.0420669298188185,0.08477145909256913,0.13266504266224138,-0.5097363857744724,-1.5752352928449338,-1.6655579238904652,-2.119484998598789,-0.1369054010190738,0.02054723067221571,Semiconductor Equipment & Materials,Technology,AMAT
2008Q4,2008,Q4,2008-12-12,2008-10-26,231095000.0,2043677000.0,294628000.0,0.17,798705000.0,0.390817629204615,10906318000.0,7448958000.0,6664157000.0,2945552000.0,3457360000.0,1987017000.0,11501288000.0,15302188800.000002,14093208800.000002,5.500731071884305,2.262447581981238,0.01858042283381064,0.02720434186902383,0.027575794478136188,5.500731071884305,0.031023802255295305,7.487576950760811,16.5540024665181,2.054272396219713,0.3455115861442264,0.6265532705558131,0.005217946337193277,0.18738468839804598,1.2095199813141986,0.021189094247939588,319.307822966008,0.390817629204615,0.4166666666666668,17.329516852904245,1.0512300287882324,0.13147475028775293,0.07596650474058148,0.40254782482035345,0.29034914072490936,0.13822392567236894,0.44540555602858495,0.013784378788630872,Semiconductor Equipment & Materials,Technology,AMAT
2008Q3,2008,Q3,2008-08-29,2008-07-27,164768000.0,1848168000.0,228332000.0,0.12,742314000.0,0.40164855143038947,10998441000.0,7540795000.0,6623875000.0,2911376000.0,3457646000.0,1853316000.0,11350019000.0,22553784200.0,21616159200.0,5.583598538643462,2.275169885305093,0.01844870559382007,0.026907905598812856,0.020029249358467182,5.583598538643462,0.021850216058121194,12.203319286991226,34.22051642309186,2.9909027098601673,0.49333001553699746,0.5966893934979248,0.003604051509901385,0.16803908844899018,1.4131829760223344,0.014981032311761277,90.72136199995978,0.40164855143038947,-0.4545454545454546,6.500984549455592,1.0739734386324395,0.1780188726409348,-0.23221710583475033,-0.45532500074378446,-0.47839753649905997,-0.46163783021707805,0.3676055134375975,0.0038160596761589423,Semiconductor Equipment & Materials,Technology,AMAT
2008Q2,2008,Q2,2008-06-04,2008-04-27,302507000.0,2149998000.0,437751000.0,0.22,966828000.0,0.44968786017475365,10970950000.0,7710804000.0,6606938000.0,2707425000.0,3260146000.0,1626239000.0,11265710000.0,25763827949.999996,24870317949.999996,5.683478722345683,2.440303240163624,0.018662832298023416,0.026553521526419294,0.036837376246647055,5.683478722345683,0.03923157688873949,11.983186937848313,21.29192708763764,3.3412634985923644,0.26844337486405273,0.727549886578787,0.0031519384525310807,0.19597190762878328,1.517783872129422,0.027573455352544674,31.789651821772424,0.44968786017475365,0.15789473684210525,6.943165142801528,1.3701550769362598,0.18562841386671725,0.034061654728812674,0.1529522517303412,0.1739634147976711,0.21465557027064036,0.4139140249646635,0.027875342157138397,Semiconductor Equipment & Materials,Technology,AMAT
2008Q1,2008,Q1,2008-03-03,2008-01-27,262376000.0,2087397000.0,372883000.0,0.19,934981000.0,0.4479171906446162,10352488000.0,7458731000.0,6191806000.0,2353470000.0,2893757000.0,1387512000.0,11044518000.0,24613847750.0,23603348750.0,5.43938610532764,2.630926249325464,0.019816492421918287,0.027504678744950047,0.03278981696726092,5.43938610532764,0.03517702944374854,11.791646605796597,23.452838436061224,3.300004752819213,0.3165990791840717,0.8305629068433282,0.0033748482091752597,0.20163239986368495,1.544546138255427,0.02534424575039353,77.99385827046108,0.4479171906446162,-0.36666666666666664,5.809357172475204,1.3834622428096932,0.11998247336356357,-0.13178878359743895,-0.37790359943190577,-0.3354357736849797,0.10834514728495175,0.4300130804504176,-0.021670344203510723,Semiconductor Equipment & Materials,Technology,AMAT
2007Q4,2007,Q4,2007-12-14,2007-10-28,421761000.0,2367044000.0,561094000.0,0.3,1076905000.0,0.4549577447652008,10654075000.0,7821409000.0,6605624000.0,2373423000.0,2832666000.0,1313237000.0,10863291000.0,26684814450.0,25686934450.0,5.560170898246587,2.78316338891129,0.01922663394053449,0.026189910283428472,0.05090108176930306,5.560170898246587,0.05392391575482116,11.273476306312853,15.817497617133872,3.4117656358336457,0.19711400532529086,0.9824114002270725,0.003115442311048185,0.2221726428620035,1.8471549319274314,0.03958682475954036,43.25981105617249,0.4549577447652008,-0.11764705882352951,2.346857004325621,0.9130714815185704,0.13954658245128537,-0.11467128141467786,-0.10929748793596823,-0.16486718998842023,0.1123823818317982,0.2892228082618735,0.01341113094562633,Semiconductor Equipment & Materials,Technology,AMAT
2007Q3,2007,Q3,2007-08-30,2007-07-29,473515000.0,2560984000.0,671862000.0,0.34,1216390000.0,0.47496977724187267,10365383000.0,7388137000.0,6811435000.0,2548763000.0,2977246000.0,1361875000.0,10525120000.0,30509128380.0,29803335380.0,5.332396740860284,2.6724473793757992,0.039253928195417384,0.05507234097039619,0.05941535541052933,5.332396740860284,0.0640912587300425,11.913049195153112,16.10779404031551,4.129475181632392,0.17538620740631236,0.9873108765488756,0.002722070554281761,0.2470708511205037,1.748833846065719,0.04568234478166412,54.037000515411876,0.47496977724187267,0.17241379310344845,3.8854922035285586,1.0858229948360156,0.11788415265861546,0.07019118255162281,0.15086135658801683,0.14063603520399848,0.31604420164345726,0.4023557065491697,-0.0062358264613425855,Semiconductor Equipment & Materials,Technology,AMAT
2007Q2,2007,Q2,2007-05-30,2007-04-29,411444000.0,2529561000.0,589024000.0,0.29,1136610000.0,0.4493309313355163,9896223000.0,7037740000.0,6358992000.0,2458054000.0,2858483000.0,1470601000.0,10134422000.0,26736480720.0,26211312720.0,5.059205967179364,2.5870025638167427,0.04111427157613566,0.05781344579367809,0.05351801875387352,5.059205967179364,0.058462517796906394,10.569612956556494,16.24551623064135,3.799015127015206,0.16982870086816187,0.9471984583173818,0.0026134703640232873,0.2556087307248432,1.7322983953973345,0.041575861821222096,60.65871402026912,0.4493309313355163,0.0,8.341731867688873,1.5839286938246098,0.08322239141655469,0.06971233028842262,0.019748386521131367,0.07187648992040413,0.3393413529456674,0.5233362338078935,-0.009633251885411896,Semiconductor Equipment & Materials,Technology,AMAT
2007Q1,2007,Q1,2007-02-28,2007-01-28,403476000.0,2277267000.0,549526000.0,0.29,1062538000.0,0.4665847263408287,9808003000.0,6966711000.0,6405585000.0,2444196000.0,2841292000.0,1518882000.0,9805927000.0,24560843100.0,23899441100.0,4.995096471667945,2.620732952676463,0.041518441623641426,0.058451254831727625,0.053196946007329785,4.995096471667945,0.057914846761979936,10.785227687398974,15.218280083573744,3.5254574360842588,0.17253566507053703,0.7997520544716443,0.002834348956042148,0.23218457416866614,1.7202536130490353,0.041137426242630636,76.20585765879812,0.4665847263408287,0.0,11.405533947767967,1.670696617832572,0.07310396670777718,-0.10419315349828517,-0.10144779067721683,7.838517708366841,4.906980519031872,0.7656596308069208,0.02226123095548579,Semiconductor Equipment & Materials,Technology,AMAT
