Quarters,Year,Quarter,FillingDate,Date,NetIncome,Revenue,OperatingIncome,EPSDiluted,GrossProfit,GrossProfitRatio,TotalAssets,CommonStockEquity,CurrentAssets,CurrentLiability,TotalLiability,Inventory,RetainedEarnings,MarketCap,EnterpriseValue,bookValuePerShare,currentRatio,debtToAssets,debtToEquity,roic,shareholdersEquityPerShare,roe,priceToSalesRatio,peRatio,pbRatio,payoutRatio,inventoryTurnover,dividendYield,assetTurnover,quickRatio,returnOnAssets,priceToFreeCashFlowsRatio,grossProfitMargin,epsdilutedGrowth,fiveYNetIncomeGrowthPerShare,fiveYRevenueGrowthPerShare,fiveYShareholdersEquityGrowthPerShare,grossProfitGrowth,netIncomeGrowth,operatingIncomeGrowth,threeYNetIncomeGrowthPerShare,threeYRevenueGrowthPerShare,threeYShareholdersEquityGrowthPerShare,Industry,Sector,Symbol
2023Q1,2023,Q1,2023-04-19,2023-03-31,17403000.0,234090000.0,-21804000.0,0.05,13354000.0,0.0570464351,4028953000.0,2386427000.0,859348000.0,260719000.0,1642526000.0,308990000.0,337068000.0,1604549949.5500002,2173965949.55,7.659530358308128,3.296069714903785,0.21204590870134252,0.35799251349402267,-0.014948194316943485,7.659530358308128,0.007292492081257881,6.854414753086421,23.049904464029193,0.6723649831107342,0.0,0.7143791061199392,0.0,0.05810194360668888,1.9063282691326677,0.0043194844913802665,103.57280851729926,0.05704643513178692,-0.28571428571428575,3.6127156557716664,9.97421999724894,0.7729515196654222,-0.5650162866449512,-0.22995575221238937,-2.6393984962406014,-0.2924914426886046,-0.20263455482795592,-0.1361001994964795,Gold,Basic Materials,EQX
2022Q4,2022,Q4,2022-12-31,2022-12-31,22600000.0,259300000.0,13300000.0,0.07,30700000.0,0.1183956807,3856397000.0,2353084000.0,655095000.0,271724000.0,1503313000.0,265105000.0,327566000.0,1001023055.68,1642357055.6799998,7.710227527933455,2.4108838380121007,0.21836522536450476,0.3578720521664335,-0.018732009126074308,7.710227527933455,0.009604417011887379,3.8604822818357114,11.073263890265485,0.4254089763391362,,0.8622998434582524,,0.06723892794232544,1.1546238094537105,0.005860392485524701,0.0,0.11839568067875048,1.7092198581560285,1.0763661497450736,4.367009732511012,-0.2290045691688018,5.822222222222222,1.7508305647840532,2.0555555555555554,2.2011342332910213,-0.014870877751409946,1.6398508776640945,Gold,Basic Materials,EQX
2022Q3,2022,Q3,2022-09-12,2022-09-30,-30100000.0,245100000.0,-12600000.0,-0.0987,4500000.0,0.0183598531,3684297000.0,2303937000.0,592085000.0,221902000.0,1380360000.0,225541000.0,333747000.0,1113176456.1499999,1697020456.1499999,7.55439086367709,2.6682274157060326,0.19698764784706554,0.3150090475564219,-0.004470742628473201,7.55439086367709,-0.013064593346085418,4.541723607303141,-9.245651629152823,0.4831627150178151,0.0,1.0667683481052226,0.0,0.0665255814067107,1.313503258195059,-0.008169808242929384,-11.437018587603125,0.01835985312117503,0.6203846153846153,-0.8160971669781415,6.129903485997736,0.32217863795381135,-0.6311475409836066,0.6175349428208387,-2.7058823529411766,-2.3877343873200947,-0.009259489543511783,1.0884167233293789,Gold,Basic Materials,EQX
2022Q2,2022,Q2,2022-06-30,2022-06-30,-78700000.0,224600000.0,-3400000.0,-0.26,12200000.0,0.054318789,3690499000.0,2391416000.0,675159000.0,233352000.0,1299083000.0,219999000.0,363865000.0,1354447641.0000002,1826614641.0000002,7.839274637564229,2.8933071068600227,0.17121261921490832,0.2642200269631047,-0.001798915443439124,7.839274637564229,-0.03290937252238841,6.030488161175424,-4.302565568614994,0.566378932398211,0.0,0.965458933904245,0.0,0.06085897869095751,1.5178228598854948,-0.02132502948788226,-8.010548907932792,0.05431878895814782,-2.9755351681957185,-1.2823516547334033,7.1607306916048215,0.3281059171802441,-0.5656508117345486,-2.9789675918903886,-1.2601377199693955,-1.677014460775552,1.30236325479625,1.0975232626971014,Gold,Basic Materials,EQX
2022Q1,2022,Q1,2022-03-31,2022-03-31,-19779000.0,223161000.0,13070000.0,-0.0654,28088000.0,0.1258642863,3834607000.0,2529071000.0,949803000.0,334441000.0,1305536000.0,214900000.0,426812000.0,2499424484.9,2884500484.9,8.368093253610263,2.839971773795677,0.13984405703113775,0.21203319321600697,0.005231657990925992,8.368093253610263,-0.007820658257518275,11.200095379120905,-31.591896517771374,0.9882777054894861,0.0,0.907738483015356,0.0,0.05819657659833198,1.1197969148519469,-0.0051580253204565685,-17.823241759487715,0.12586428632243088,-1.092112676056338,-1.7374008336573217,24.636005380617,2.7730397707688264,-0.692745252472215,-1.1074425957009923,-0.9240937126131045,-0.24949480745535824,1.307186963091266,1.3050556203315207,Gold,Basic Materials,EQX
2021Q4,2021,Q4,2021-12-31,2021-12-31,184089000.0,381186000.0,172186000.0,0.71,91416000.0,0.2398199304,3967361000.0,2585345000.0,1163231000.0,402566000.0,1382016000.0,201622000.0,446591000.0,1757600000.0,2019727000.0,9.943634615384616,2.8895410938827424,0.1430736955875707,0.21955483697533598,0.06159393997032254,9.943634615384616,0.07120481018974256,4.610872382511425,2.3868889504533133,0.6798318986440881,0.0,1.437194353790757,0.0,0.09608049280113405,1.4812179866158592,0.04640086949486069,36.628112951964155,0.23981993042766522,41.804597701149426,26.964991632254936,121.42060763676332,12.400257552940142,1.1163070654690248,36.13148854961832,5.853719699080524,8.675648870935687,4.374831540286482,1.6784531404169707,Gold,Basic Materials,EQX
2021Q3,2021,Q3,2021-09-30,2021-09-30,-5240000.0,245129000.0,25123000.0,-0.0174,43196000.0,0.1762174202,3665348000.0,2329469000.0,759686000.0,284314000.0,1335879000.0,202366000.0,262516000.0,1983390697.1999998,2228164697.2,7.751622220324287,2.6719964546241126,0.14871521067031016,0.23399882119058035,0.005888694257307432,7.751622220324287,-0.002249439679171519,8.091211962680873,-94.62741875954198,0.8514346819811726,0.0,0.9978603125030885,0.0,0.0668774151867708,1.8507706268421533,-0.001429605047051467,-293.92274706579724,0.17621742021547837,-1.018125,-0.47112618327821865,0.0,19.38021074657749,0.12457368982843456,-1.016086646855122,0.3804604648607066,0.8089978664659134,0.0,1.0078852068276927,Gold,Basic Materials,EQX
2021Q2,2021,Q2,2021-06-30,2021-06-30,325736000.0,226223000.0,18199000.0,0.96,38411000.0,0.1697926382,3708995000.0,2349797000.0,836915000.0,267593000.0,1359198000.0,201838000.0,267755000.0,2050442855.55,2266048855.55,7.964664367893069,3.1275668646040815,0.14816115955939546,0.23386232938419788,0.006580362534512349,7.964664367893069,0.13862303850077262,9.063812501602401,1.5736999100114817,0.8726042528567362,0.0,0.9305086257295455,0.0,0.06099307224733384,2.2299723834330494,0.08782325131201309,-27.62097198828046,0.16979263823749133,5.857142857142856,70.35494914322584,0.0,2450.5351450755606,-0.09045487911723615,5.47367688852674,-0.24472941567065074,59.76767008498743,0.0,0.9771599344564408,Gold,Basic Materials,EQX
2021Q1,2021,Q1,2021-03-31,2021-03-31,50317000.0,229702000.0,24096000.0,0.14,42231000.0,0.1838512508,2761794000.0,1503192000.0,701471000.0,308082000.0,1258602000.0,196018000.0,-57981000.0,1938184565.0900002,2168011565.09,6.196780377023738,2.27689705987367,0.19818856873467028,0.3641291332045407,0.008413856098621188,6.196780377023738,0.03347343519656837,8.437821895717061,9.629869453117237,1.2893792443613326,0.0,0.9563968615127182,0.0,0.08317130097320799,1.1838017151277906,0.018218954780841727,228.3171828354341,0.183851250750973,-0.48148148148148145,15.521946946511475,0.0,492.43407142846576,0.12895982035447912,-0.22890550770833973,0.9335580163697641,10.702427984897776,12.830989061578796,0.43436877622140163,Gold,Basic Materials,EQX
2020Q4,2020,Q4,2020-12-31,2020-12-31,65254000.0,252631000.0,12462000.0,0.27,37407000.0,0.1480697143,2671831000.0,1446955000.0,646024000.0,222663000.0,1224876000.0,208290000.0,-109866000.0,2508238848.94,2718502848.94,5.964948157278899,2.9013531659952485,0.2077938312715138,0.3836954155450584,0.01082448392308007,5.964948157278899,0.04509746329360623,9.92846819646045,9.609521442900054,1.7334601621612282,0.0,1.0332901243458639,0.0,0.09455351030809958,1.8000206590228283,0.02442295190077516,78.34084545522691,0.14806971432642865,4.4,66.05540490794547,0.0,316.30970786556054,-0.5631095175249062,4.524381984422621,-0.8329736902065379,1.277409595712503,5.578674402441138,-0.40352632166230684,Gold,Basic Materials,EQX
2020Q3,2020,Q3,2020-09-30,2020-09-30,11812000.0,244454000.0,74611000.0,0.05,85621000.0,0.3502540355,2604356000.0,1377747000.0,597385000.0,202053000.0,1226609000.0,214867000.0,-175120000.0,2825033741.09,3057436741.09,5.7108759925023564,2.9565757499269996,0.20854368603985016,0.3942102577614032,0.020006341618321637,5.7108759925023564,0.008573417325532191,11.556504459284774,59.79160474707925,2.0504735202399282,0.0,0.7392154216329171,0.0,0.09386351174724193,1.771594581619674,0.004535478252589124,206.75012742169204,0.35025403552406587,1.1923076923076923,3.1743491300302678,0.0,302.21591379849764,0.25433636097275125,1.2012848695533629,0.3728632675216663,1.9009494560164237,7.98963154007025,-0.0004755674483931412,Gold,Basic Materials,EQX
2020Q2,2020,Q2,2020-06-30,2020-06-30,-58683000.0,215387000.0,54347000.0,-0.26,68260000.0,0.3169179198,2793976000.0,1365390000.0,714027000.0,197144000.0,1428586000.0,150816000.0,-178375000.0,2557493891.04,2801753891.04,5.9901123727690635,3.6218550906951266,0.26425495423010076,0.5407407407407407,0.029944069891015678,5.9901123727690635,-0.042978929097181026,11.873947318268977,-10.895378095189407,1.8730867305604995,0.0,0.9755397305325695,0.0,0.07708978173040856,2.709826319847421,-0.021003401604022368,58.31039423255814,0.3169179198373161,-4.25,-10.942877883817582,0.0,127.0821895498902,0.5803852565289869,-6.386232216613125,0.6024472947073566,-1.2817639426603598,9.473607254070426,0.014826505596322728,Gold,Basic Materials,EQX
2020Q1,2020,Q1,2020-03-31,2020-03-31,10895000.0,130035000.0,33915000.0,0.08,43192000.0,0.332156727,2592049000.0,1223544000.0,521978000.0,182754000.0,1368505000.0,143067000.0,-119691000.0,914943659.76,1361792659.76,8.866225404663599,2.8561782505444477,0.2893101172084324,0.6128966346939709,0.004530086636379757,8.866225404663599,0.008904461139117187,7.036133808282385,20.994576864616796,0.7477815752927561,0.0,0.6070093033334032,0.0,0.05016687570335283,1.9761646803900326,0.004203238441865875,-19.919959499248872,0.332156727035029,2.5686274509803924,7.924609364782674,0.0,136.38988773124711,0.12256991371244412,2.2805594734367656,0.26110883873126833,-0.11042982194656302,31.714930653011393,2.9976396121020947,Gold,Basic Materials,EQX
2019Q4,2019,Q4,2019-12-31,2019-12-31,-8508000.0,119020000.0,26893000.0,-0.051,38476000.0,0.3232733994,839350000.0,403059000.0,148656000.0,131923000.0,436291000.0,46262000.0,-130586000.0,1062604250.4,1258937250.4,2.920705708481514,1.1268391410140763,0.31458747840590934,0.6551125269501488,0.06025674847242693,2.920705708481514,-0.021108572194145275,8.927946987060999,-31.223679196050774,2.636349145906679,0.0,1.7410401625524188,0.0,0.14180020253767797,0.7284097541747838,-0.010136415083100018,45.984258715596326,0.32327339942866745,-1.7285714285714284,-2.529955127634659,0.0,36.76971733618598,0.24978886506853765,-2.0559761697902443,0.013873704052780395,-3.4350442672488644,71.01617640391602,2.936006324029731,Gold,Basic Materials,EQX
2019Q3,2019,Q3,2019-09-30,2019-09-30,8057000.0,91896000.0,26525000.0,0.07,30786000.0,0.3350091408,791702000.0,409795000.0,134924000.0,69455000.0,381907000.0,57293000.0,-121650000.0,599294149.51,816470149.51,3.617281349688576,1.942610323230869,0.33177508709084985,0.6409717053648776,0.027404087853493683,3.617281349688576,0.019661050037213728,6.5214389038695915,18.59544959383145,1.4624242597152235,0.0,1.0666224495139023,0.0,0.1160739773298539,1.1094089698365848,0.010176808950842615,47.188515709448815,0.3350091407678245,1.7261410788381741,12.106198206049733,0.0,41.63551421357214,2.203537981269511,1.7553201462454298,4.4974093264248705,7.000286289771292,0.0,8.510390746729831,Gold,Basic Materials,EQX
2019Q2,2019,Q2,2019-06-30,2019-06-30,-10667000.0,35396000.0,4825000.0,-0.0964,9610000.0,0.2714996045,779527000.0,413682000.0,114569000.0,81659000.0,365845000.0,57820000.0,-116488000.0,498092548.5,726487548.5,3.7373958024589884,1.403017426125718,0.3353841496189356,0.6319854380901272,0.007114830099064321,3.7373958024589884,-0.025785506741893532,14.072001031189965,-11.67367930299053,1.2040469454798612,0.0,0.44597025250778277,0.0,0.045407022463622174,0.6873094208844096,-0.0136839391066634,-27.35269349258649,0.2714996044750819,-0.8396946564885496,-6.321086527938267,0.0,38.64126366352696,-0.026933981368975294,-0.8419962010015541,0.2565104166666667,-5.053678163495752,0.0,1149.3758021142892,Gold,Basic Materials,EQX
2019Q1,2019,Q1,2019-03-31,2019-03-31,-5791000.0,35385000.0,3840000.0,-0.0524,9876000.0,0.2791013141,751890000.0,401387000.0,103076000.0,108419000.0,334031000.0,54936000.0,-106300000.0,526290042.59999996,728383042.5999999,3.630321619921144,0.9507189699222461,0.3007048903430023,0.5632892943717659,0.010180711008253258,3.630321619921144,-0.014427472738280014,14.873252581602372,-22.720171067173197,1.3111785947227987,0.0,0.4643403232852774,0.0,0.047061405258747954,0.4381427609551831,-0.007701924483634574,-54.884768234435285,0.2791013141161509,0.4316702819956616,-4.45535710725935,0.0,36.60473492642901,0.22016308376575242,0.4321992352191391,1.241722271182173,-2.666855718369618,0.0,288.07340078636634,Gold,Basic Materials,EQX
2018Q4,2018,Q4,2018-12-31,2018-12-31,-10199000.0,30159000.0,-15886000.0,-0.0922,8094000.0,0.2683775987,753679000.0,410468000.0,136320000.0,106282000.0,328692000.0,49671000.0,-96034000.0,412407953.55,567850953.55,3.7124542017698436,1.2826254680943152,0.28694576868932264,0.5268742021302513,-0.027055707553144258,3.7124542017698436,-0.024847247532085327,13.674457162041183,-10.10902915849593,1.0047261992408665,0.0,0.44422298725614545,0.0,0.04001570960581362,0.7826631038181442,-0.013532286291644055,1073.979045703125,0.2683775987267482,-0.0098576122672508,-15.44486990406695,0.0,34.848402753329935,427.0,-0.25110402355250244,-1.8221709006928406,-21.308172205273156,0.0,196.4866716637556,Gold,Basic Materials,EQX
2018Q3,2018,Q3,2018-09-30,2018-09-30,-8152000.0,0.0,-5629000.0,-0.0913,-19000.0,0.0,486243000.0,344738000.0,29954000.0,33583000.0,126610000.0,0.0,-86211000.0,337095065.15,380428065.15,3.8605903335336915,0.8919393740880803,0.13754439652601683,0.19400240182399386,-0.014214082981106631,3.8605903335336915,-0.023646943475915044,0.0,-10.337802537720805,0.9778297290986199,0.0,0.0,0.0,0.0,0.8919393740880803,-0.016765279911484587,-11.564153178387649,0.0,-3.8563829787234045,0.08090616979464367,0.0,34.65316064539377,0.05,-3.8610614192009542,0.06696502569202718,-3.05416403849091,0.0,203.97598395078128,Gold,Basic Materials,EQX
2018Q2,2018,Q2,2018-06-30,2018-06-30,-1677000.0,0.0,-6033000.0,-0.0188,-20000.0,0.0,488756000.0,359579000.0,83172000.0,23028000.0,121700000.0,425000.0,-70080000.0,381596832.675,381401832.675,4.028335912078204,3.6117769671704014,0.13309094926711898,0.18090322293571093,-0.08104205207804459,4.028335912078204,-0.004663787373567422,0.0,-56.886826576475855,1.0612322540387509,0.0,0.047058823529411764,0.0,0.0,3.008554802848706,-0.003431159924379445,-15.542392989369501,0.0,0.12149532710280365,-12.063681876382274,0.0,50.30983947173377,0.9773499433748585,0.12060828526481385,0.17446633825944172,0.12846897411911445,0.0,85.13495903799168,Gold,Basic Materials,EQX
2018Q1,2018,Q1,2018-03-31,2018-03-31,-1907000.0,6107000.0,-7308000.0,-0.0214,-883000.0,-0.1445881775,490616000.0,385363000.0,70024000.0,10639000.0,97228000.0,3372000.0,-43127000.0,381329893.12500006,362032893.12500006,4.320214215306675,6.581821599774415,0.06143908881895413,0.07821975643743691,-0.007554208408347698,4.320214215306675,-0.004948580948352592,62.44144311855249,-49.99080927176193,0.9895342654198769,0.0,2.0729537366548043,0.0,0.0124476168734815,6.264874518281793,-0.003886950282909648,-11.360261361605149,-0.1445881775012281,0.9779381443298969,-10.227310341570174,0.0,103771.03240372827,0.7912035942303145,0.9449956734929333,0.41112006446414184,-0.8751448787776267,0.0,65.94548344143325,Gold,Basic Materials,EQX
2017Q4,2017,Q4,2017-12-31,2017-12-31,-34670000.0,5660000.0,-12410000.0,-0.97,-4229000.0,-0.7471731449,486323000.0,357546000.0,86269000.0,30502000.0,120646000.0,3158000.0,-38371000.0,152845498.57500002,128348498.57500002,10.00035437255598,2.8283063405678317,0.08936653211959952,0.12155359030726116,-0.041836373490604595,10.00035437255598,-0.09696654416494661,27.004505048586577,-1.1021452161450824,0.42748485111006695,0.0,3.1314122862571248,0.0,0.011638355578494129,2.7058225690118682,-0.07129006853469813,-7.99777607529695,-0.7471731448763251,-16.863720073664823,-893.7727454701957,0.0,4937.800458574692,-0.0922004132231405,-16.84354091610911,-0.4651711924439197,-54.52132666026794,0.0,128.32167620184646,Gold,Basic Materials,EQX
2017Q3,2017,Q3,2017-09-30,2017-09-30,-1943000.0,4030000.0,-8470000.0,-0.0543,-3872000.0,-0.9607940447,281253000.0,204280000.0,71556000.0,20070000.0,76371000.0,3275000.0,-12676000.0,152845498.57500002,125242498.57500002,5.713593191437565,3.565321375186846,0.10248424016810487,0.1411004503622479,-0.012686485175078817,5.713593191437565,-0.009511454865870374,37.92692272332506,-19.66617325977869,0.7482156773790876,0.0,2.412824427480916,0.0,0.0143287360490377,3.381564524165421,-0.006908370755156389,-10.821686390186917,-0.9607940446650124,-1.0617045454545455,0.9054265525896151,0.0,3.378814667350165,-0.051602390005431834,-1.0598232704208874,0.0008257638315441783,-7.486579596714643,0.0,66.34394153362658,Gold,Basic Materials,EQX
2017Q2,2017,Q2,2017-06-30,2017-06-30,32479000.0,3207000.0,-8477000.0,0.88,-3682000.0,-1.1481135017,284832000.0,209817000.0,83214000.0,17203000.0,74099000.0,2522000.0,-7226000.0,151961518.35000002,111039518.35000002,5.902597478225315,4.837179561704354,0.09751362206493652,0.13237726209029774,-0.1009506136284993,5.902597478225315,0.15479679911541963,47.38432128157157,1.1696905565904123,0.7242574164629177,0.0,2.731562252180809,0.0,0.011259268621503202,4.663140149973842,0.11402862037973262,-13.967051318933827,-1.1481135017149984,8.92108229988726,5.93399771476863,0.0,2.266624305476731,-8.136476426799007,3.0998485231002273,-3.5648896068928377,70.41221762055856,0.0,61.60680840387568,Gold,Basic Materials,EQX
2017Q1,2017,Q1,2017-03-31,2017-03-31,7922000.0,2571000.0,-1857000.0,0.0887,-403000.0,-0.1567483469,294403000.0,197972000.0,93171000.0,5096000.0,95372000.0,1838000.0,-18848000.0,381596832.675,328292832.675,2.2178651066551334,18.283163265306122,0.0909467634501007,0.13524639848059322,-0.02505991917091242,2.2178651066551334,0.04001575980441679,148.42350551341892,12.04231357848397,1.9275293105843254,0.0,1.618063112078346,0.0,0.008732927313920036,17.827904238618526,0.02690869318587107,-127.41129638564274,-0.15674834694671333,2.5059288537549405,1.1762714765601,0.0,0.27166994017890367,0.6702127659574468,2.505309734513274,0.08386778490379872,10.243873978996499,0.0,21.973785292376963,Gold,Basic Materials,EQX
2016Q4,2016,Q4,2016-12-31,2016-12-31,2260000.0,1069000.0,-2027000.0,0.0253,-1222000.0,-1.1431244153,89927000.0,66237000.0,46015000.0,1443000.0,22534000.0,1193000.0,-21557000.0,381596832.675,340965832.675,0.7420480222936379,31.88842688842689,0.0,0.0,0.31871448350981524,0.7420480222936379,0.0341199027733744,356.96616714218897,42.21203901272124,5.7610826679197435,0.0,1.920368818105616,0.0,0.011887419796056802,31.061677061677063,0.025131495546387626,-65.4315556712963,-1.1431244153414406,3.126050420168067,1.10018474544216,0.0,-0.5224470258965419,-1221.0,3.1361058601134215,-5.198776758409786,5.513680846814459,0.0,6.165404586758979,Gold,Basic Materials,EQX
2016Q3,2016,Q3,2016-09-30,2016-09-30,-1058000.0,0.0,-327000.0,-0.0119,-1000.0,0.0,38055000.0,33951000.0,36169000.0,949000.0,4104000.0,0.0,-21647000.0,381596832.675,380608832.675,0.3803504446893926,38.112750263435196,0.0,0.0,-0.014662095542263723,0.3803504446893926,-0.031162557803893848,0.0,-90.16938390241022,11.239634552001416,0.0,0.0,0.0,0.0,1.8798735511064277,-0.027801865720667455,-1297.9484104591836,0.0,0.25157232704402516,0.9260554449958581,0.0,-0.7832254193289326,0.0,0.2554539057002111,0.6152941176470588,0.8806704112246508,0.0,2.5125963478350832,Gold,Basic Materials,EQX
2016Q2,2016,Q2,2016-06-30,2016-06-30,-1421000.0,0.0,-850000.0,-0.0159,0.0,0.0,3131000.0,290000.0,1892000.0,88000.0,2841000.0,0.0,-20952000.0,381596832.675,379741832.675,0.0032488477205361802,21.5,0.0,0.0,-4.894242068155111,0.0032488477205361802,-4.9,0.0,-67.13526260995779,1315.8511471551726,0.0,0.0,0.0,0.0,21.5,-0.45384861066751836,-1042.6142969262296,0.0,-0.11188811188811194,0.9700747428595408,0.0,-0.9981154059075928,1.0,-0.11450980392156863,-0.47058823529411764,-10.069464487978061,0.0,-0.9586186806048106,Gold,Basic Materials,EQX
2016Q1,2016,Q1,2016-03-31,2016-03-31,-1275000.0,0.0,-578000.0,-0.0143,-1000.0,0.0,3516000.0,1121000.0,2269000.0,214000.0,2395000.0,0.0,-20101000.0,381596832.675,379371832.675,0.012558476878348476,10.602803738317757,0.0,0.0,-0.6934642441761989,0.012558476878348476,-1.1373773416592328,0.0,-74.82290836764707,340.4075224576272,0.0,0.0,0.0,0.0,10.602803738317757,-0.3626279863481229,-688.802947066787,0.0,-2.4878048780487805,0.9492240958951604,0.0,-0.9941529674682537,-2.25,-2.4543484150636683,-0.13244514106583072,-6.501209751998909,0.0,300.65603014408396,Gold,Basic Materials,EQX
2015Q4,2015,Q4,2015-12-31,2015-12-31,-369100.0,0.0,-510400.0,-0.0041,800.0,0.0,1868000.0,1678000.0,1012000.0,190000.0,190000.0,0.0,-19153000.0,381596832.675,380622832.675,0.018798505086412797,5.326315789473684,0.0,0.0,-0.3213215503778656,0.018798505086412797,-0.2199642431466031,0.0,-258.46439493023576,227.41170004469606,0.0,0.0,0.0,0.0,5.326315789473684,-0.19759100642398286,-1372.6504772482015,0.0,0.8177777777777778,0.9716167614497584,0.0,-0.9919488803431497,1.4705882352941178,0.8163681592039801,0.7179175417265392,-2.815494591520672,0.0,8.28387755898742,Gold,Basic Materials,EQX
2015Q3,2015,Q3,2015-09-30,2015-09-30,-2010000.0,0.0,-1809400.0,-0.0225,-1700.0,0.0,1799400.0,1681200.0,829000.0,118200.0,118200.0,0.0,-18783500.0,381596832.675,380839832.675,0.018834354440570435,7.013536379018612,0.0,0.0,-1.1167007342473734,0.018834354440570435,-1.1955745895788723,0.0,-47.46229262126866,226.97884408458248,0.0,0.0,0.0,0.0,7.013536379018612,-1.1170390130043348,-237.4886934746079,0.0,-0.041666666666666574,0.8520309806391411,0.0,-0.9922025486966153,-0.4166666666666667,-0.044589959463673216,0.04728306655433867,0.9608131487160032,0.0,-0.9855656248684217,Gold,Basic Materials,EQX
2015Q2,2015,Q2,2015-06-30,2015-06-30,-1924200.0,0.0,-1899200.0,-0.0216,-1200.0,0.0,4447400.0,4174600.0,2732400.0,272800.0,272800.0,0.0,-16773500.0,381596832.675,379236332.675,0.04676772308327703,10.016129032258064,0.0,0.0,-0.4535276105665655,0.04676772308327703,-0.46093038854021945,0.0,-49.57863432530403,91.40919673142338,0.0,0.0,0.0,0.0,10.016129032258064,-0.43265728290686695,-282.45509450407104,0.0,-0.8947368421052632,0.6250300222225567,0.0,-0.9791013796854984,0.3684210526315789,-0.8907340080573843,-0.813598166539343,0.8835939994769479,0.0,-0.9741177368947797,Gold,Basic Materials,EQX
2015Q1,2015,Q1,2015-03-31,2015-03-31,-1017700.0,0.0,-1047200.0,-0.0114,-1900.0,0.0,5823900.0,5760400.0,4237100.0,63500.0,63500.0,0.0,-14849300.0,381596832.675,377915032.675,0.06453331865302281,66.7259842519685,0.0,0.0,-0.18152537865578627,0.06453331865302281,-0.17667175890563155,0.0,-93.74000999189349,66.2448497803972,0.0,0.0,0.0,0.0,66.7259842519685,-0.17474544549185253,-260.44009874078625,0.0,0.3485714285714286,-1.1879948480240485,0.0,-0.9729440986584403,-0.35714285714285715,0.3472097498396408,-0.20437032777458308,0.9773552787559691,0.0,-0.9629981637635294,Gold,Basic Materials,EQX
2014Q4,2014,Q4,2014-12-31,2014-12-31,-1559000.0,0.0,-869500.0,-0.0175,-1400.0,0.0,7069000.0,6902600.0,5436100.0,166400.0,166400.0,0.0,-13831600.0,381596832.675,376223032.675,0.07732929750266565,32.66887019230769,0.0,0.0,-0.15611940135481073,0.07732929750266565,-0.2258569234781097,0.0,-61.19256457264273,55.28305749645062,0.0,0.0,0.0,0.0,32.66887019230769,-0.22054038760786532,-503.75819495049507,0.0,-1.7343750000000002,0.9714649292103824,0.0,-0.9690394078386525,-1.0,-1.7274317704688593,0.1823396652247508,0.9308902574582621,0.0,-0.9502339001004495,Gold,Basic Materials,EQX
2014Q3,2014,Q3,2014-09-30,2014-09-30,-571600.0,0.0,-1063400.0,-0.0064,-700.0,0.0,7725300.0,7573200.0,6206300.0,152100.0,152100.0,0.0,-12658900.0,381596832.675,375451232.675,0.08484197778332621,40.804076265614725,0.0,0.0,-0.09804776752783217,0.08484197778332621,-0.07547668092748112,0.0,-166.89854473189294,50.38779283196008,0.0,0.0,0.0,0.0,40.804076265614725,-0.07399065408463101,-459.8106189601157,0.0,0.5151515151515151,0.9967960702931234,0.0,-0.9846438453866935,0.0,0.513531914893617,-0.38157723788489023,0.9600503708503143,0.0,-0.9516456877753784,Gold,Basic Materials,EQX
2014Q2,2014,Q2,2014-06-30,2014-06-30,-1175000.0,0.0,-769700.0,-0.0132,-700.0,0.0,8542400.0,8415700.0,6554000.0,126700.0,126700.0,0.0,-11840300.0,381596832.675,375102532.675,0.09428044055764252,51.728492501973165,0.0,0.0,-0.11036819440316287,0.09428044055764252,-0.13961999595993202,0.0,-81.19081546276597,45.343445307579884,0.0,0.0,0.0,0.0,51.728492501973165,-0.1375491665105825,-846.6759100843133,0.0,-0.3750000000000001,-2.641882907041223,0.0,-0.9510039876936764,0.0,-0.3710618436406068,0.1396154706013861,0.9752553292469812,0.0,-0.9453097292983753,Gold,Basic Materials,EQX
2014Q1,2014,Q1,2014-03-31,2014-03-31,-857000.0,0.0,-894600.0,-0.0096,-700.0,0.0,8714700.0,8617300.0,6969200.0,97400.0,97400.0,0.0,-10866600.0,381596832.675,374649832.675,0.09653894986957388,71.55236139630391,0.0,0.0,-0.10144693021003955,0.09653894986957388,-0.09945110417416128,0.0,-111.3176291350642,44.282644526127676,0.0,0.0,0.0,0.0,71.55236139630391,-0.09833958713438214,-450.95347751713547,0.0,-0.7142857142857142,0.9638613945523671,0.0,-0.9458405164773708,-0.16666666666666666,-0.7116037547433594,-0.6438809261300992,0.9658706275938451,0.0,-0.955052958576434,Gold,Basic Materials,EQX
2013Q4,2013,Q4,2013-12-31,2013-12-31,-500700.0,0.0,-544200.0,-0.0056,-600.0,0.0,9403600.0,9244000.0,8193500.0,159600.0,159600.0,0.0,-9989600.0,381596832.675,373437832.675,0.10355982182288431,51.33771929824562,0.0,0.0,-0.05629587246566145,0.10355982182288431,-0.05416486369536997,0.0,-190.53167199670463,41.280488173409786,0.0,0.0,0.0,0.0,51.33771929824562,-0.053245565528095624,-761.0626898185081,0.0,0.9436052366565962,-1.165305539085843,0.0,-0.9522196203048116,0.14285714285714285,0.9435271029302295,-0.9061295971978984,0.9614969180652777,0.0,-0.9556468712110111,Gold,Basic Materials,EQX
2013Q3,2013,Q3,2013-09-30,2013-09-30,-8866200.0,0.0,-285500.0,-0.0993,-700.0,0.0,10159000.0,9665500.0,9752700.0,163500.0,493500.0,0.0,-9466000.0,381596832.675,372272932.675,0.10828185394083605,59.64954128440367,0.03248351215670834,0.03414205162692049,-0.055330894226748216,0.10828185394083605,-0.9173038125290983,0.0,-10.759875501201192,39.48029927836118,0.0,0.0,0.0,0.0,59.64954128440367,-0.872743380253962,-549.2182393134715,0.0,-69.92857142857143,0.6921073016334015,0.0,-0.956304347435279,0.7167261538506164,-68.0669148791774,-1.2143144207154797,0.34730203012077276,0.0,-0.9551711482435963,Gold,Basic Materials,EQX
2013Q2,2013,Q2,2013-06-30,2013-06-30,-128371.16028000001,0.0,-128933.812348,-0.0014,-2471.107056,0.0,7526480.763382,7007993.0809,7152885.492701,518487.682482,518487.682482,0.0,-1183000.684307,381596832.675,374683226.37938005,0.07851000809108721,13.795671014709828,0.030306619647627056,0.0325488605864471,-0.017663310499633104,0.07851000809108721,-0.018317820636819745,0.0,-743.1514053520091,54.4516565969545,0.0,0.0,0.0,0.0,13.795671014707901,-0.017055934149802682,96121.83946980115,0.0,0.2631578947368421,0.993594851535542,0.0,-0.9730480859530094,0.3081320321076352,0.2447537259860776,0.24093172397559184,0.9749842370245004,0.0,-0.9649170252085508,Gold,Basic Materials,EQX
2013Q1,2013,Q1,2013-03-31,2013-03-31,-169972.583377,0.0,-169857.990935,-0.0019,-3571.645416,0.0,400439.333628,3716.153128,25378.151261,396723.1805,396723.1805,0.0,-1089444.198732,381596832.675,381817463.66423804,4.163177799677999e-05,0.06396941874940427,0.5890625805359353,63.475271090874166,-0.7091622778608183,4.163177799677999e-05,-45.73885346551306,0.0,-561.2623299203149,102685.98185575091,0.0,0.0,0.0,0.0,0.06396941874688362,-0.42446525379272826,-6979.459845994301,0.0,-0.7272727272727272,0.9912329392582458,0.0,-0.9999865815382807,0.08892820266586163,-0.7570562790076946,-0.7538852170440558,-1.0313982214603656,0.0,-0.9999825456787026,Gold,Basic Materials,EQX
2012Q4,2012,Q4,2012-12-31,2012-12-31,-96737.13096600001,0.0,-96846.697426,-0.0011,-3920.267784,0.0,425265.623272,180743.443603,41676.467336,53534.774786,244522.179669,0.0,-935262.306123,381596832.675,381762851.994884,0.0020248549129360904,0.7784933718801953,0.4491014425608637,1.0566768070575256,-0.2603505337357229,0.0020248549129360904,-0.5352179256830003,0.0,-986.1695009569776,2111.2623786961326,0.0,0.0,0.0,0.0,0.7784933718801953,-0.22747460803839045,-2100.793627772621,0.0,0.9980701754385966,-1.2239628324871041,0.0,-0.9994159633151323,0.0,0.02440164810959006,0.022094260670410083,0.9982293772417579,0.0,-0.9991893019958813,Gold,Basic Materials,EQX
2012Q3,2012,Q3,2012-09-30,2012-09-30,-99156.71831399998,0.0,-99034.79807,-0.57,0.0,0.0,428628.905258,225158.242316,35328.422657,203470.662941,203470.662941,0.0,-847471.678943,737685.4500000001,714074.5787780001,1.3048264485911982,0.17362907333350616,0.0,0.0,-0.4400978433321985,1.3048264485911982,-0.44038680216217785,0.0,-1.8598978025471973,3.276297782448888,0.0,0.0,0.0,0.0,0.17362907333350616,-0.23133465125109945,-35.75040513943748,0.0,-1.9999999999999998,-0.6920169965421804,0.0,-0.7330491139620124,0.0,-2.105440885532433,-2.0867949595029596,0.7124943076073078,0.0,-0.7638301556421759,Gold,Basic Materials,EQX
2012Q2,2012,Q2,2012-06-30,2012-06-30,-31929.99705,0.0,-32083.374299,-0.19,0.0,0.0,320748.205683,311556.385803,48301.052011,9191.81988,9191.81988,0.0,-724201.160161,737104.05,702679.706278,1.8069410272645023,5.25478660826413,0.0,0.0,-0.10261123197623072,1.8069410272645023,-0.10248545208824458,0.0,-5.771250533203542,2.36587688003955,0.0,0.0,0.0,0.0,4.345598459768774,-0.09954848221834442,-14.779571211201356,0.0,0.62,0.40294507043771416,0.0,-0.26567373853934445,0.0,0.600146788023631,0.5889775816389967,-24.098254243185217,0.0,-0.060962122312910386,Gold,Basic Materials,EQX
2012Q1,2012,Q1,2012-03-31,2012-03-31,-79854.29676099999,0.0,-78057.480239,-0.5,0.0,0.0,292755.409889,276614.447084,55105.190887,16140.962805,16140.962805,0.0,-705646.931473,678032.1000000001,623207.5517850001,1.744057193286424,3.413996522557503,0.0,0.0,-0.28867645716414625,1.744057193286424,-0.2886844761826576,0.0,-2.122716395679111,2.4511810830838523,0.0,0.0,0.0,0.0,3.4139965225575035,-0.27276796282356397,-10.120934661469978,0.0,-1.0,-1.318077416505592,0.0,-0.437867758470082,0.0,-0.9922597251768251,-0.9684026705113297,-0.8951490113642779,0.0,-0.021563452368886606,Gold,Basic Materials,EQX
2011Q4,2011,Q4,2011-12-31,2011-12-31,-40082.272282,0.0,-39655.239961,-0.25,0.0,0.0,260655.23996099998,246447.600392,28426.052889,14207.639569,14207.639569,0.0,-616628.795299,678032.1000000001,654085.968756,1.5538548863332575,2.0007583068917025,0.0,0.0,-0.16172542173464777,1.5538548863332575,-0.1626401402092983,0.0,-4.229002383084007,2.7512221621209583,0.0,0.0,0.0,0.0,2.0007583068917025,-0.1537750489420325,-26.183980030070778,0.0,-0.5625,-53.22633962803596,0.0,-0.551815663047343,0.0,-0.5916643941435749,-0.29216361574601496,-8.447605345016092,0.0,-0.2830831962302492,Gold,Basic Materials,EQX
2011Q3,2011,Q3,2011-09-30,2011-09-30,-25182.615399000002,0.0,-30689.023803,-0.16,0.0,0.0,280020.237063,275654.81353,51528.380071,4365.423533,4365.423533,0.0,-567478.076515,671623.875,624779.893117,1.7545896917984787,11.803752758804766,0.0,0.0,-0.10032452702943194,1.7545896917984787,-0.09135561638309406,0.0,-6.667534967661362,2.4364670669061472,0.0,0.0,0.0,0.0,11.803752758804766,-0.08993141232622529,-26.497040857439366,0.0,0.6981132075471698,0.5280146697385657,0.0,-0.6410332781310217,0.0,0.6985853992156731,0.6286953987055457,0.5031316493694391,0.0,-0.291959467111105,Gold,Basic Materials,EQX
2011Q2,2011,Q2,2011-06-30,2011-06-30,-83548.093999,0.0,-82651.881221,-0.53,0.0,0.0,299103.787222,270745.05431,121403.791352,28358.732912,28358.732912,0.0,-578080.989551,671405.8500000001,562034.8509500001,1.7238978587619544,4.281001966086714,0.0,0.0,-0.3068074828157471,1.7238978587619544,-0.30858585473305966,0.0,-2.0090399967952477,2.4798452984158597,0.0,0.0,0.0,0.0,4.281001966086714,-0.2793281047190123,-7.721637659302196,0.0,-0.8928571428571428,-0.715124430615963,0.0,-0.2994218125197339,0.0,-0.891052854189662,-0.9865690627343353,-1.369288361826173,0.0,-0.4081984189679623,Gold,Basic Materials,EQX
2011Q1,2011,Q1,2011-03-31,2011-03-31,-44180.729171,0.0,-41605.339966,-0.28,0.0,0.0,374968.875719,337326.501425,197888.693398,37642.374294,37642.374294,0.0,-493254.519451,671405.8500000001,475768.3938570001,2.1478376954741685,5.2570725707262955,0.0,0.0,-0.13078177624467308,2.1478376954741685,-0.1309731935805909,0.0,-3.7992008201208423,1.990373857860907,0.0,0.0,0.0,0.0,5.257072570699729,-0.117825057043158,-98.25604772086245,0.0,-0.8666666666666669,-0.2951726353631877,0.0,-0.30772406842677247,0.0,-0.9309473032319009,-1.1649236158549934,-0.2951726353631877,0.0,-0.30772406842677247,Gold,Basic Materials,EQX
2010Q4,2010,Q4,2010-12-31,2010-12-31,-22880.339146000002,0.0,-19217.925132000004,-0.15,0.0,0.0,371221.604543,366704.327308,199143.137098,4517.277236,4517.277236,0.0,-440415.533515,671405.8500000001,474264.3926330001,2.334893267971526,44.08477201951393,0.0,0.0,-0.06221325926228049,2.334893267971526,-0.06239451635045062,0.0,-7.336056578048766,1.8309188084275783,0.0,0.0,0.0,0.0,44.08477201951393,-0.06163525739340337,-36.75710434219291,0.0,0.0,-31.106817252146143,0.0,-0.32653776078765406,0.0,0.02919919684798293,0.19518405913575365,-31.106817252146143,0.0,-0.32653776078765406,Gold,Basic Materials,EQX
2010Q3,2010,Q3,2010-09-30,2010-09-30,-23568.521030999997,0.0,-23878.658655,-0.15,0.0,0.0,379719.906959,374088.001551,212918.201202,5631.905408,5631.905408,0.0,-408281.643729,662082.0750000001,451299.94668100006,2.4154500884660335,37.80571330256263,0.0,0.0,,2.4154500884660335,-0.06300261150660526,0.0,-7.022948895787251,1.7698564836481059,0.0,0.0,0.0,0.0,37.80571330238507,-0.062068173406417675,-14.131951759075202,0.0,-1.6086956521739129,0.5519006701545215,0.0,-0.5058296511442337,0.0,-1.652244904059135,-1.4963298708857373,0.5519006701545215,0.0,-0.5058296511442337,Gold,Basic Materials,EQX
2010Q2,2010,Q2,2010-06-30,2010-06-30,-8886.253676999999,0.0,-9565.506119,-0.0575,0.0,0.0,373984.441704,345909.306517,272375.486197,28075.135186,28075.135186,0.0,-376270.752301,660799.5750000001,388424.08880300005,2.237837827544267,9.701662499307334,0.0,0.0,,2.237837827544267,-0.025689547836907578,0.0,-18.59049941119524,1.9103260957436092,0.0,0.0,0.0,0.0,9.701662499307334,-0.023761025021552265,36.55081240487888,0.0,-1.948844884488449,0.8146497571489068,0.0,-0.09056075385947386,0.0,-1.950798171979612,0.761775181689986,0.8146497571489068,0.0,-0.09056075385947386,Gold,Basic Materials,EQX
2010Q1,2010,Q1,2010-03-31,2010-03-31,9346.098824,0.0,-40153.272807,0.0606,0.0,0.0,385386.501864,367576.025113,280318.814989,17810.476751,17810.476751,0.0,-379186.776535,658811.7000000001,395858.98271500005,2.3851845790809043,15.738984357802831,0.0,0.0,,2.3851845790809043,0.025426301460022668,0.0,17.62263893219882,1.7923141200448767,0.0,0.0,0.0,0.0,15.738984357858982,0.024251235522769213,-5.905662273812753,0.0,1.099344262295082,1.2792215716046529,0.0,-0.23122409112351466,0.0,1.0990847153253647,0.5787336109799479,1.2792215716046529,0.0,-0.23122409112351466,Gold,Basic Materials,EQX
2009Q4,2009,Q4,2009-12-31,2009-12-31,-94324.32432500001,0.0,-95315.633655,-0.61,0.0,0.0,467280.10696199996,384910.705759,364990.927323,82369.401203,82369.401203,0.0,-385408.270461,658811.7000000001,658811.7000000001,2.49766855555195,4.431147027808022,0.0,0.0,,2.49766855555195,-0.2450550813831047,0.0,-1.7461341618786093,1.711596196579928,0.0,0.0,0.0,0.0,0.14941622511821478,-0.20185820650111824,-7.817942819870691,0.0,0.6950000000000001,-127.48817002073707,0.0,-0.27958785898011546,0.0,0.44516630013748254,0.44238538895061175,-127.48817002073707,0.0,-0.27958785898011546,Gold,Basic Materials,EQX
2009Q3,2009,Q3,2009-09-30,2009-09-30,-170004.67770500004,0.0,-170934.605669,-2.0,0.0,0.0,541613.808588,469946.674151,441410.796146,71667.134437,71667.134437,0.0,-284661.801852,363627.22500000003,-66490.65319299995,5.524949436873229,6.159180210198419,0.0,0.0,,5.524949436873229,-0.3617531244627456,0.0,-0.5347312055009785,0.773762737350838,0.0,0.0,0.0,0.0,6.159180210198419,-0.31388541984962726,-2.5465076819759913,0.0,-251.0,-4.885159985740819,0.0,0.1303343437595134,0.0,-308.9047279893427,-170.5181767121911,-4.885159985740819,0.0,0.1303343437595134,Gold,Basic Materials,EQX
2009Q2,2009,Q2,2009-06-30,2009-06-30,552.1340279999997,0.0,-996.597614,0.008,0.0,0.0,157354.752573,132519.057668,116734.570826,24835.694905,24835.694905,0.0,-104709.935828,294410.7,179560.79259700002,1.924247221757565,4.700273991628824,0.0,0.0,,1.924247221757565,0.004166450001351965,0.0,133.30581211705365,2.2216480043012923,0.0,0.0,0.0,0.0,4.70027399158856,0.0035088487571664144,-46.88561071870934,0.0,1.0296296296296297,1.0258484872179652,0.0,-0.21800144710951586,0.0,1.0301777080443095,0.9500914095625055,1.0258484872179652,0.0,-0.21800144710951586,Gold,Basic Materials,EQX
2009Q1,2009,Q1,2009-03-31,2009-03-31,-18296.088861,0.0,-19968.458441,-0.27,0.0,0.0,145317.177476,122756.791003,112021.857923,22560.386473,22560.386473,0.0,-95355.983211,294410.7,183042.20392,1.78249391594064,4.965422824518828,0.0,0.0,,1.78249391594064,-0.14904339476056253,0.0,-4.02286387867801,2.398325156551258,0.0,0.0,0.0,0.0,4.965422824563153,-0.1259045157550057,-70.03303860269143,0.0,-8.964601769911505,-0.22316366818926647,0.0,-0.4254791045051487,0.0,-8.829233526711423,-25.448303769517924,-0.22316366818926647,0.0,-0.4254791045051487,Gold,Basic Materials,EQX
2008Q4,2008,Q4,2008-12-31,2008-12-31,2336.894001,0.0,816.7625300000001,0.0339,0.0,0.0,164721.446179,149265.406738,131920.295809,15456.039441,15456.039441,0.0,-77037.797864,294410.7,164562.713147,2.1674131198524713,8.535194045834086,0.0,0.0,,2.1674131198524713,0.015655965116564904,0.0,31.495940752342236,1.9723973989282604,0.0,0.0,0.0,0.0,8.535194045834086,0.014186944415607772,-17.5790454736603,0.0,1.1059375,6.012500959517897,0.0,-0.3748447036030159,0.0,1.105184573726604,1.0351831053616107,6.012500959517897,0.0,-0.3748447036030159,Gold,Basic Materials,EQX
2008Q3,2008,Q3,2008-09-30,2008-09-30,-22217.079161,0.0,-23214.623087,-0.32,0.0,0.0,205504.439826,170661.250708,205504.439826,34843.189118,34843.189118,0.0,-89504.061969,294410.7,110845.61403700002,2.4780921575768136,5.897980208701285,0.0,0.0,,2.4780921575768136,-0.13018232943231642,0.0,-3.312887102153491,1.7251174404184715,0.0,0.0,0.0,0.0,5.301531787960604,-0.10810997163764996,-15.477165466317192,0.0,-0.4545454545454546,0.05007970489073861,0.0,-0.49301388099301524,0.0,-0.43681174035665493,-0.43852927720544027,0.05007970489073861,0.0,-0.49301388099301524,Gold,Basic Materials,EQX
2008Q2,2008,Q2,2008-06-30,2008-06-30,-15462.762822,0.0,-16137.748084,-0.22,0.0,0.0,221158.380821,200610.139517,221158.380821,20548.241305,20548.241305,0.0,-69984.279819,294410.7,73607.00575800001,2.9129659568594994,10.76288610486512,0.0,0.0,,2.9129659568594994,-0.07707867039636679,0.0,-4.759995082850272,1.4675763683173713,0.0,0.0,0.0,0.0,10.76288610486512,-0.06991714609502034,-43.674567911805426,0.0,0.0,0.2761014411542549,0.0,0.18380587334446413,0.0,-0.03378999605247898,-0.01048743612167019,0.2761014411542549,0.0,0.18380587334446413,Gold,Basic Materials,EQX
2008Q1,2008,Q1,2008-03-31,2008-03-31,-14957.353893,0.0,-15970.260992,-0.22,0.0,0.0,225317.205868,213658.797241,225317.205868,11658.408627,11658.408627,0.0,-53912.367628,294397.875,69395.446165,3.102574562419226,19.32658333369635,0.0,0.0,,3.102574562419226,-0.07000579468828799,0.0,-4.920620938469895,1.377887916629658,0.0,0.0,0.0,0.0,19.32658333369635,-0.0663835406416438,-125.78035341798345,0.0,-46.833333333333336,0.0,0.0,0.0,0.0,-45.88565925084213,-12.517392696449813,0.0,0.0,0.0,Gold,Basic Materials,EQX
2007Q4,2007,Q4,2007-12-31,2007-12-31,333.232354,0.0,-1181.460164,0.0048,0.0,0.0,238952.842573,238754.922751,238952.842573,197.919822,197.919822,0.0,-39353.731193,294397.875,56763.824712,3.466999531706963,1207.3214302557326,0.0,0.0,,3.466999531706963,0.001395708830462656,0.0,220.86531474671878,1.233054680539637,0.0,0.0,0.0,0.0,1207.3214302557326,0.0013945527929771233,-1572.0112389148978,0.0,1.0141176470588236,0.0,0.0,0.0,0.0,1.0201838253337512,0.9331002309449854,0.0,0.0,0.0,Gold,Basic Materials,EQX
2007Q3,2007,Q3,2007-09-30,2007-09-30,-16509.871072,0.0,-17660.153102,-0.34,0.0,0.0,238154.71394,237619.863014,238154.71394,534.850927,534.850927,0.0,-39587.026591,207824.85,-29111.088759000006,4.887889558851359,445.2730694061226,0.0,0.0,,4.887889558851359,-0.06948018091832364,0.0,-3.14697869374131,0.8746105959490242,0.0,0.0,0.0,0.0,445.27306940612266,-0.06932414143252882,61.61110121205442,0.0,-0.09677419354838718,0.0,0.0,0.0,0.0,-0.40710630552519,-0.4536988074203099,0.0,0.0,0.0,Gold,Basic Materials,EQX
2007Q2,2007,Q2,2007-06-30,2007-06-30,-11733.208079,0.0,-12148.426491,-0.31,0.0,0.0,107701.268201,93085.01644,79508.689526,14616.251761,14616.251761,0.0,-21522.780648,161718.975,84270.40759700001,2.460678750165217,5.4397454851010485,0.0,0.0,,2.460678750165217,-0.1260483000135999,0.0,-3.4457535805881454,1.7373255243956425,0.0,0.0,0.0,0.0,5.439745485101048,-0.10894215337467175,-4.352384114643121,0.0,0.0,0.0,0.0,0.0,0.0,0.0,0.0,0.0,0.0,0.0,Gold,Basic Materials,EQX
