Quarters,Year,Quarter,FillingDate,Date,NetIncome,Revenue,OperatingIncome,EPSDiluted,GrossProfit,GrossProfitRatio,TotalAssets,CommonStockEquity,CurrentAssets,CurrentLiability,TotalLiability,Inventory,RetainedEarnings,MarketCap,EnterpriseValue,bookValuePerShare,currentRatio,debtToAssets,debtToEquity,roic,shareholdersEquityPerShare,roe,priceToSalesRatio,peRatio,pbRatio,payoutRatio,inventoryTurnover,dividendYield,assetTurnover,quickRatio,returnOnAssets,priceToFreeCashFlowsRatio,grossProfitMargin,epsdilutedGrowth,fiveYNetIncomeGrowthPerShare,fiveYRevenueGrowthPerShare,fiveYShareholdersEquityGrowthPerShare,grossProfitGrowth,netIncomeGrowth,operatingIncomeGrowth,threeYNetIncomeGrowthPerShare,threeYRevenueGrowthPerShare,threeYShareholdersEquityGrowthPerShare,Industry,Sector,Symbol
2023Q1,2023,Q1,2023-05-15,2023-03-31,6125000.0,14374000.0,9708000.0,0.36,14374000.0,1.0,1261194000.0,112908000.0,258538000.0,1915000.0,1148286000.0,0.0,69495000.0,108948133.8,76727133.8,6.611889665979758,135.00678851174933,0.011772177793424326,0.13149643957912638,0.05303726477616511,6.611889665979758,0.054247706096999325,7.579527883678864,4.446862604081633,0.9649283823998299,0.3059591836734694,0.0,0.017200845343897025,0.011397136364429263,135.00678851174933,0.004856508990686603,11.796030077955825,1.0,0.16129032258064513,0.9199216498436517,0.46626723742513104,0.07944022150605773,-0.00964585917045611,0.14657431673530513,-0.0008233841086867024,1.2106999262285079,0.28199168199349217,-0.04411143531805623,Banks—Regional,Financial Services,UBFO
2022Q4,2022,Q4,2023-03-29,2022-12-31,5342000.0,14516000.0,9716000.0,0.31,14514000.0,0.999862221,1299193000.0,112463000.0,247684000.0,2093000.0,1186730000.0,0.0,69928000.0,124646041.02,99027041.02,6.595512567206926,118.3392259913999,0.011598738601578057,0.1339907347305336,0.053266979417531134,6.595512567206926,0.04750006668859981,8.586803597409755,5.833304053725197,1.1083293262673055,0.35043055035567205,0.0,0.015018527541517581,0.011173089756487297,121.65742952699475,0.0041117832377483565,15.516748539773435,0.99986222099752,0.19230769230769226,2.233525983553689,0.5256665708105611,0.09883658869600773,0.1108219807133017,0.19588090441011866,0.3698012124629917,0.8343262725568963,0.547164799712011,-0.03579836259820699,Banks—Regional,Financial Services,UBFO
2022Q3,2022,Q3,2022-11-07,2022-09-30,4467000.0,13099000.0,7093000.0,0.26,13066000.0,0.9974807237,1369252000.0,107079000.0,343058000.0,2245000.0,1262173000.0,0.0,66465000.0,111116963.08,-2365036.920000002,6.283064805302092,152.8097995545657,0.010805169537820649,0.13816901539984497,0.040494070994092246,6.283064805302092,0.041716863250497296,8.482858468585388,6.218768920976046,1.0377101306512015,0.41974479516453994,0.0,0.01687411127903191,0.009566537058189434,153.26369710467705,0.003262365145349432,17.110711900215584,0.9974807237193679,0.3,0.6152862829738176,0.3780455450264934,0.04930780276912888,0.19117512991156896,0.30043668122270745,0.310363938666174,0.06467965057362401,0.16376537012522,-0.07558812517645473,Banks—Regional,Financial Services,UBFO
2022Q2,2022,Q2,2022-08-05,2022-06-30,3435000.0,10987000.0,5413000.0,0.2,10969000.0,0.9983617002,1339517000.0,110001000.0,254304000.0,2401000.0,1229516000.0,0.0,63874000.0,129817093.68,35461093.68000001,6.456835507858367,105.91586838817159,0.011415308652297805,0.1390078272015709,0.03015369049074212,6.456835507858367,0.03122698884555595,11.815517764630927,9.448114532751092,1.1801446685030137,0.5464337700145561,0.0,0.014458804667333082,0.008202210199646589,136.54685547688464,0.0025643571526154578,25.66062338011465,0.998361700191135,0.4285714285714285,0.36537033885164333,0.21151692453216442,0.09484757984602678,0.19137612685999783,0.406058125255833,0.365539858728557,-0.1658041596550479,-0.007835693711379599,-0.03433090831472452,Banks—Regional,Financial Services,UBFO
2022Q1,2022,Q1,2022-05-06,2022-03-31,2443000.0,9207000.0,3964000.0,0.14,9207000.0,1.0,1349802000.0,113574000.0,412699000.0,0.0,1236228000.0,0.0,62313000.0,141352394.70000002,-70140605.29999998,6.668894446398792,0.0,0.009957756767288831,0.11834574814658284,0.021911609850522644,6.668894446398792,0.021510204800394457,15.352709318996418,14.465042437576752,1.2445841011146919,0.7662709783053623,0.0,0.013243496892805028,0.006821000413393965,0.0,0.001809895080908163,71.60708951367782,1.0,-0.3,0.3805090236174161,0.0897801049726344,0.15394697577168034,-0.13516813826789403,-0.27507418397626116,-0.11636201515827017,-0.3933015281929202,-0.16474346322255054,0.016413092001278707,Banks—Regional,Financial Services,UBFO
2021Q4,2021,Q4,2022-03-09,2021-12-31,3370000.0,10646000.0,4486000.0,0.2,10646000.0,1.0,1330944000.0,120207000.0,405651000.0,0.0,1210737000.0,0.0,61745000.0,138159899.92,-67165100.08000001,7.064863542642902,0.0,0.010439207059049818,0.11558395101782758,0.028089866137020525,7.064863542642902,0.02803497300489988,12.977634784895734,10.249250735905044,1.1493498708061924,0.0,0.0,0.0,0.007998833910367379,0.0,0.002532037411040585,0.0,1.0,0.3333333333333335,1.149062270543898,0.21735343291096415,0.23327355447531184,0.03914104441190825,0.29069322098812717,0.0,-0.1520143014330074,-0.001727084601720548,0.09343715688300215,Banks—Regional,Financial Services,UBFO
2021Q3,2021,Q3,2021-10-29,2021-09-30,2611000.0,10245000.0,0.0,0.15,10245000.0,1.0,1292781000.0,119128000.0,1110929000.0,0.0,1173653000.0,0.0,60247000.0,135912201.12,-109368798.88,7.003291184723033,0.0,0.010943075431956379,0.11875461688268081,0.0,7.003291184723033,0.021917601235645692,13.26619825475842,13.013424082726925,1.1408921590222283,0.7162006893910379,0.0,0.013758882459338099,0.007924776122173825,0.0,0.002019676959980074,55.88495111842106,1.0,-0.06250000000000006,0.28211808742784744,0.19431386344475993,0.2484622894310158,0.005397448478900883,-0.03475046210720887,0.0,-0.2625321892480457,0.04980007450645275,0.1057970808966891,Banks—Regional,Financial Services,UBFO
2021Q2,2021,Q2,2021-07-30,2021-06-30,2705000.0,10190000.0,0.0,0.16,10190000.0,1.0,1231055000.0,118365000.0,1044323000.0,0.0,1112690000.0,0.0,59507000.0,138974052.96,-7973947.039999992,6.958435977098095,0.0,0.01133986702462522,0.11794026950534364,0.0,6.958435977098095,0.022853039327503908,13.63827801373896,12.844182343807764,1.1741144169306805,0.6939001848428835,0.0,0.013506118300660374,0.008277453078863252,0.0,0.0021973023138689984,153.56248945856353,1.0,1.0,0.34069330748893695,0.2821388078107251,0.26619227296821785,0.29495488626254923,0.9170800850460666,0.0,-0.2076299695571913,0.10994313963154849,0.11778462175304841,Banks—Regional,Financial Services,UBFO
2021Q1,2021,Q1,2021-04-30,2021-03-31,1411000.0,7869000.0,0.0,0.08,7869000.0,1.0,1186936000.0,117333000.0,1023480000.0,0.0,1069603000.0,0.0,58673000.0,139312972.89,-154775027.11,6.897830475262066,0.0,0.011644267256195785,0.11779294827542124,0.0,6.897830475262066,0.012025602345461208,17.704025020968356,24.68337577781715,1.1873298465904731,1.3253012048192772,0.0,0.013423014104196395,0.006629675062513901,0.0,0.001188775131936347,31.07583602275262,1.0,-0.2727272727272727,-0.20893735218657145,0.0013152755853377924,0.27241613442309737,-0.12479145812479146,-0.26625065002600107,0.0,-0.5559867961216928,-0.19416431759925168,0.12612218779739615,Banks—Regional,Financial Services,UBFO
2020Q4,2020,Q4,2021-03-05,2020-12-31,1923000.0,8991000.0,0.0,0.11,8991000.0,1.0,1092654000.0,117807000.0,990000000.0,0.0,974847000.0,0.0,59138000.0,119707907.25,-160470092.75,6.938049198917893,0.0,0.012713082091860735,0.11791319700866672,0.0,6.938049198917893,0.016323308462145712,13.314192776109444,15.56265044851794,1.0161357750388347,0.9703588143525741,0.0,0.015587942708772066,0.00822858837289755,0.0,0.001759934983993103,27.60791218865314,1.0,-0.15384615384615388,0.16998239299912657,0.12604765369395726,0.30580912899027674,0.07547846889952153,-0.15323645970937913,0.0,0.16890481163954338,-0.051039666728920366,0.15590444810152693,Banks—Regional,Financial Services,UBFO
2020Q3,2020,Q3,2020-10-30,2020-09-30,2271000.0,8360000.0,0.0,0.13,8360000.0,1.0,1133947000.0,118053000.0,1025384000.0,0.0,1015894000.0,0.0,59084000.0,103730930.29,-206503069.70999998,6.9536041755670635,0.0,0.011550804402674905,0.110950166450662,0.0,6.9536041755670635,0.01923712230947117,12.40800601555024,11.419080833333334,0.8786810186102852,0.8221047996477323,0.0,0.0179984889249565,0.007372478607906719,0.0,0.0020027391050904497,107.38191541407868,1.0,0.08333333333333341,0.20850899260241568,0.05698694528137905,0.3460776219025368,-0.04718486437200821,0.12872763419483102,0.0,-0.17564098474889658,-0.11712867455024319,0.16129171748049448,Banks—Regional,Financial Services,UBFO
2020Q2,2020,Q2,2020-07-31,2020-06-30,2012000.0,8774000.0,0.0,0.12,8774000.0,1.0,1031373000.0,117460000.0,917640000.0,0.0,913913000.0,0.0,58680000.0,113566683.72000001,-103035316.27999999,6.919347948359727,0.0,0.01254541276531381,0.11015664907202452,0.0,6.919347948359727,0.01712923548442023,12.943547266925007,14.111168454274354,0.9668541096543505,0.9284294234592445,0.0,0.016448485936294274,0.008507106546322233,0.0,0.0019507976260770836,40.74872038751346,1.0,-0.25000000000000006,-0.021084348579608597,0.13943838742904635,0.3708434770769147,-0.21274113952445042,-0.2694262890341322,0.0,-0.1973914471310156,-0.029042824892004254,0.1732730911534307,Banks—Regional,Financial Services,UBFO
2020Q1,2020,Q1,2020-05-01,2020-03-31,2754000.0,11145000.0,0.0,0.16,11145000.0,1.0,977246000.0,117410000.0,862779000.0,0.0,859836000.0,0.0,58534000.0,108634240.0,-79355760.0,6.917008854666816,0.0,0.012139215714364653,0.10103909377395452,0.0,6.917008854666816,0.023456264372711012,9.747352175863616,9.861496005809732,0.9252554296908271,0.6779230210602759,0.0,0.017186110014669406,0.011404497946269415,0.0,0.0028181235840310423,23.771168490153173,1.0,-0.058823529411764754,1.2289417002569945,0.5276199023869015,0.3868039653318716,0.1945337620578778,-0.04903314917127072,0.0,0.5614138966979855,0.32354626390111857,0.19687925988076146,Banks—Regional,Financial Services,UBFO
2019Q4,2019,Q4,2020-02-28,2019-12-31,2896000.0,9330000.0,0.0,0.17,9330000.0,1.0,956919000.0,115988000.0,859603000.0,0.0,840931000.0,0.0,57647000.0,181941635.5,-22782364.5,6.840387229562966,0.0,0.014913487975471278,0.12303859019898611,0.0,6.840387229562966,0.024968100148291202,19.500711200428725,15.706287594958564,1.568624646515157,0.6453729281767956,0.0,0.010272525004316562,0.009750041539566046,0.0,0.0030263794532243587,42.669239094746715,1.0,-0.31999999999999995,0.8690412967283091,0.1918913117106988,0.40719837251968416,-0.16659222867351497,-0.30601485741672657,0.0,0.8531529473108922,0.07054634989795874,0.19408798509288577,Banks—Regional,Financial Services,UBFO
2019Q3,2019,Q3,2019-11-01,2019-09-30,4173000.0,11195000.0,0.0,0.25,11195000.0,1.0,957398000.0,115210000.0,858194000.0,0.0,842188000.0,0.0,56619000.0,178319933.28,-53579066.72,6.796823987685602,0.0,0.014668925567005572,0.12189914069959205,0.0,6.796823987685602,0.03622081416543703,15.92853356677088,10.682957900790798,1.5477817314469229,0.4459621375509226,0.0,0.010436298207210726,0.01169315164644171,0.0,0.004358688862938924,40.591835483724104,1.0,0.041666666666666706,1.4615598185567635,0.5373984000380426,0.42364923322280335,0.016064621528408058,0.018550158652672687,0.0,1.0563500849917926,0.30965866981061546,0.21165580763456446,Banks—Regional,Financial Services,UBFO
2019Q2,2019,Q2,2019-08-02,2019-06-30,4097000.0,11018000.0,0.0,0.24,11018000.0,1.0,1006493000.0,113338000.0,925008000.0,0.0,893155000.0,0.0,54312000.0,190693845.0,-104332155.0,6.686385184587368,0.0,0.014340884636058074,0.12735357955848878,0.0,6.686385184587368,0.0361485115318781,17.307482755491016,11.6361877593361,1.6825234696218392,0.0,0.0,0.0,0.010946921637805727,0.0,0.004070569790351249,96.5049822874494,1.0,0.0,1.0087191251230392,0.5665010105480334,0.4301363054713452,0.004467134652201659,0.02246069378587472,0.0,1.0377722767138853,0.3912050426788822,0.21668853211816305,Banks—Regional,Financial Services,UBFO
2019Q1,2019,Q1,2019-05-03,2019-03-31,4007000.0,10969000.0,0.0,0.24,10969000.0,1.0,964040000.0,111193000.0,880108000.0,0.0,852847000.0,0.0,52080000.0,183028032.0,-63875968.0,6.561204788564846,0.0,0.01431164681963404,0.12408155189625246,0.0,6.561204788564846,0.0360364411428777,16.685936001458657,11.41926828050911,1.6460391571411872,0.0,0.0,0.0,0.011378158582631427,0.0,0.00415646653665823,67.48821238938054,1.0,0.04347826086956513,3.4299186780783524,0.6945312771630886,0.44136629826968016,0.03510427479475323,0.014687262598126107,0.0,1.2548466486979386,0.4009806485572636,0.21032009472613403,Banks—Regional,Financial Services,UBFO
2018Q4,2018,Q4,2019-03-01,2018-12-31,3949000.0,10597000.0,0.0,0.23,10597000.0,1.0,933058000.0,109240000.0,846737000.0,0.0,823818000.0,0.0,49942000.0,161970995.16,-48211004.84,6.4611518807192345,0.0,0.010883567795356774,0.09296045404613694,0.0,6.4611518807192345,0.03614976199194434,15.284608394828725,10.253924737908331,1.4827077550347858,0.4279564446695366,0.0,0.010433966886049969,0.011357278968724346,0.0,0.004232319962960502,43.74047938428301,1.0,0.09523809523809533,0.34877744822572515,0.6426961142927836,0.43602538229900845,0.09281220996184388,0.12251279135872654,0.0,1.4129546275581375,0.3328880880088338,0.21605236108036974,Banks—Regional,Financial Services,UBFO
2018Q3,2018,Q3,2018-11-02,2018-09-30,3518000.0,9697000.0,0.0,0.21,9697000.0,1.0,904028000.0,107046000.0,822350000.0,0.0,796982000.0,0.0,47852000.0,186769508.9,-10127491.099999994,6.3332516478014895,0.0,0.011507386939342586,0.09718251966444333,0.0,6.3332516478014895,0.03286437606262728,19.260545416108076,13.272421041785107,1.7447593455150123,0.4326321773735077,0.0,0.008149081769095984,0.010726437676709128,0.0,0.00389147238802338,46.75081574468085,1.0,0.049999999999999906,0.9119164161599916,0.47276845806409873,0.4658956723874093,0.06303442227581671,0.03714622641509434,0.0,0.8804073974397526,0.2314707625795341,0.22598987542855614,Banks—Regional,Financial Services,UBFO
2018Q2,2018,Q2,2018-08-06,2018-06-30,3392000.0,9122000.0,0.0,0.2,9122000.0,1.0,879468000.0,105216000.0,802964000.0,0.0,774252000.0,0.0,46025000.0,189298121.6,15416121.599999994,6.225202817860397,0.0,0.019609582156485512,0.1639104318734793,0.0,6.225202817860397,0.03223844282238443,20.751822144266608,13.951807311320755,1.7991381690997565,0.0,0.0,0.0,0.010372179544906693,0.0,0.0038568771120722984,3263.760717241379,1.0,0.05263157894736847,1.4436187692176163,0.4187069061880367,0.4766861178778201,-0.05968456860117514,0.07443775736458663,0.0,0.6575616263065638,0.1898160662333574,0.23332122333401903,Banks—Regional,Financial Services,UBFO
2018Q1,2018,Q1,2018-05-07,2018-03-31,3157000.0,9701000.0,0.0,0.19,9701000.0,1.0,854804000.0,103509000.0,795591000.0,0.0,751295000.0,0.0,44152000.0,181660111.25,32945111.25,6.125294883633955,0.0,0.019457091918147318,0.16068167985392576,0.0,6.125294883633955,0.030499763305606276,18.72591601381301,14.385501366012036,1.7550175467833715,0.0,0.0,0.0,0.011348800426764498,0.0,0.003693244299277963,77.5000474616041,1.0,0.8999999999999999,1.9554046409844419,0.3401017731121555,0.4782758768668855,0.029611547442156654,0.9297066014669927,0.0,1.5665220519426164,0.3356337495113101,0.22807175932981624,Banks—Regional,Financial Services,UBFO
2017Q4,2017,Q4,2018-03-02,2017-12-31,1636000.0,9422000.0,0.0,0.1,9422000.0,1.0,805836000.0,101352000.0,743860000.0,0.0,704484000.0,0.0,44182000.0,185741765.0,94554765.0,6.0022687950660965,0.0,0.020782144257640512,0.16523600915620806,0.0,6.0022687950660965,0.016141763359381167,19.713623965187857,28.38352154645477,1.8326403524350776,0.7224938875305623,0.0,0.006363673781176787,0.011692205361885049,0.0,0.002030189765659514,66.6457714388231,1.0,-0.375,0.1147922150806943,0.4913041919671475,0.46994612849001144,0.00042471862391165854,-0.4029197080291971,0.0,0.06027648224266144,0.20868630003582977,0.23478139414957336,Banks—Regional,Financial Services,UBFO
2017Q3,2017,Q3,2017-11-02,2017-09-30,2740000.0,9418000.0,0.0,0.16,9418000.0,1.0,843507000.0,101108000.0,778479000.0,0.0,742399000.0,0.0,43615000.0,160413342.5,16927342.5,5.9878186254986865,0.0,0.0202250840834753,0.16873046643193418,0.0,5.9878186254986865,0.027099734936899156,17.032633520917393,14.636253877737227,1.586554402223365,0.3072992700729927,0.0,0.005248939937773568,0.011165289677501194,0.0,0.0032483429301712967,69.47308033780857,1.0,0.06666666666666674,1.000825841775172,0.3903181477401369,0.49029792636801073,0.04842480240454191,0.09951845906902086,0.0,0.622481831927727,0.2983395392898979,0.2541965792130415,Banks—Regional,Financial Services,UBFO
2017Q2,2017,Q2,2017-08-03,2017-06-30,2492000.0,8983000.0,0.0,0.15,8983000.0,1.0,781566000.0,99521000.0,711241000.0,0.0,682045000.0,0.0,42053000.0,156095507.5,61636507.5,5.897474339548177,0.0,0.02008915433885302,0.1577656976919444,0.0,5.897474339548177,0.025039941318917614,17.37676806189469,15.659661667335474,1.5684680368967354,0.0,0.0,0.0,0.011493591072283083,0.0,0.0031884703275219238,-370.77317695961995,1.0,0.5149984850015149,0.14516066055790466,-0.06904600461876802,0.5092279923670135,0.062448255470136015,0.40711462450592883,0.0,0.22726053944333047,0.28287633210818536,0.2613978900011553,Banks—Regional,Financial Services,UBFO
2017Q1,2017,Q1,2017-05-04,2017-03-31,1771000.0,8455000.0,0.0,0.09901,8455000.0,1.0,784098000.0,98498000.0,712213000.0,0.0,685600000.0,0.0,41252000.0,123185485.6425,4409485.642499998,5.779203539173968,0.0,0.01913918923399881,0.15235842352128978,0.0,5.779203539173968,0.017980060508842818,14.569542950029568,17.38925545489836,1.2506394611311904,0.0,0.0,0.0,0.01078309088914906,0.0,0.0022586462406484903,70.31135025256849,1.0,0.1111111111111112,0.6652644868044797,0.19794471332960137,0.5308763432148432,-0.025023062730627307,0.13890675241157557,0.0,0.9468361642267714,0.29876506238829825,0.26957616484155694,Banks—Regional,Financial Services,UBFO
2016Q4,2016,Q4,2017-03-03,2016-12-31,1555000.0,8672000.0,0.0,0.089109,8672000.0,1.0,787972000.0,96654000.0,714791000.0,0.0,691318000.0,0.0,40701000.0,129466572.5618,30397572.561800003,5.72854539611741,0.0,0.018545075205717968,0.15118877646036377,0.0,5.72854539611741,0.016088315020588904,14.929263441166974,20.81456150511254,1.3394848900386946,0.0,0.0,0.0,0.011005467199342108,0.0,0.0019734203753432864,45.016193519401945,1.0,-0.23492543208180586,1.4621380355562514,0.1516646681627424,0.5519200093648922,0.009193529617130223,-0.23774509803921567,0.0,-0.46779392932358754,0.3470689733935468,0.2731996932350397,Banks—Regional,Financial Services,UBFO
2016Q3,2016,Q3,2016-11-04,2016-09-30,2040000.0,8593000.0,0.0,0.116471,8593000.0,1.0,781592000.0,95585000.0,705699000.0,0.0,686007000.0,0.0,40390000.0,104523475.26810001,5924475.268100008,5.609533619084938,0.0,0.018784736793621224,0.15360150651252813,0.0,5.609533619084938,0.02134226081498143,12.163793234970326,12.809249420110294,1.0935133678725741,0.0,0.0,0.0,0.010994227167115324,0.0,0.0026100574212632676,36.73935861796134,1.0,0.00999843909883974,2.367475463742518,-0.11754180176575493,0.4305204562050554,0.0793870116819495,0.009401286491835725,0.0,0.099724610074639,0.2945612408341235,0.29838375507829423,Banks—Regional,Financial Services,UBFO
2016Q2,2016,Q2,2016-08-04,2016-06-30,2021000.0,7961000.0,0.0,0.115318,7961000.0,1.0,744070000.0,93638000.0,685623000.0,0.0,650432000.0,0.0,39382000.0,105121154.2275,22480154.227500007,5.495560291792079,0.0,0.018082976064079992,0.14369166364082958,0.0,5.495560291792079,0.021583117964928768,13.204516295377466,13.003606411120732,1.1226334845628911,0.0,0.0,0.0,0.01069926216619404,0.0,0.002716142298439663,33.563586918103454,1.0,0.0909108109130814,1.6517379717764522,0.045446731876874764,0.30657155518124257,0.021426738516807802,0.14245336348219334,0.0,0.4442156664316449,0.22816967092674717,0.3036069394505522,Banks—Regional,Financial Services,UBFO
2016Q1,2016,Q1,2016-05-05,2016-03-31,1769000.0,7794000.0,0.0,0.105708,7794000.0,1.0,741791000.0,91454000.0,681231000.0,0.0,650337000.0,0.0,38248000.0,80249692.6454,-33792307.3546,5.421049206036265,0.0,0.017494145925199954,0.14189647254357382,0.0,5.421049206036265,0.01934305771207383,10.296342397408264,11.341109757687958,0.8774869622476874,0.0,0.0,0.0,0.010507002646297947,0.0,0.0023847687556198443,-171.4737022337607,1.0,0.11099666831324163,3.961186575084779,0.05828724147779487,0.2406698245534241,-0.017521744611118113,0.08328230251071647,0.0,0.6588302924268657,0.07848332403698687,0.308313545851272,Banks—Regional,Financial Services,UBFO
2015Q4,2015,Q4,2016-03-04,2015-12-31,1633000.0,7933000.0,0.0,0.095147,7933000.0,1.0,725644000.0,89635000.0,678546000.0,0.0,636009000.0,0.0,37265000.0,85876010.0856,-27227989.914399996,5.31321848261451,0.0,0.019534372226601475,0.15814135103475205,0.0,5.31321848261451,0.018218329893456797,10.825161992386235,13.146970313165951,0.9580633690589613,0.0,0.0,0.0,0.010932358015776331,0.0,0.0022504148039534538,37.418740778039215,1.0,-0.14991154870182086,1.280764045508946,0.12841628376389927,0.22140182360238905,-0.0006298815822625346,-0.13414634146341464,0.0,0.1137654651757662,0.2567749849442244,0.3011987974881701,Banks—Regional,Financial Services,UBFO
2015Q3,2015,Q3,2015-11-05,2015-09-30,1886000.0,7938000.0,0.0,0.111926,7938000.0,1.0,718399000.0,88020000.0,667615000.0,0.0,630379000.0,0.0,36472000.0,84231792.263,-19968207.737000003,5.165827038814364,0.0,0.01908967022504207,0.15580549875028402,0.0,5.165827038814364,0.02142694842081345,10.611210917485513,11.16540194366384,0.9569619661781414,0.0,0.0,0.0,0.011049569946506051,0.0,0.0026252820507823645,51.612617808210786,1.0,-0.06769510133024588,3.5361348838976117,-0.05356613233760702,0.10623308688807442,0.027041014361495665,-0.08579738245273873,0.0,0.3648213051877326,0.16129345908375609,0.28571384763339924,Banks—Regional,Financial Services,UBFO
2015Q2,2015,Q2,2015-08-06,2015-06-30,2063000.0,7729000.0,0.0,0.120053,7729000.0,1.0,682320000.0,86004000.0,622931000.0,0.0,596316000.0,0.0,35392000.0,79305818.9248,11954818.924799994,5.047511305312575,0.0,0.023928655176456794,0.18984000744151436,0.0,5.047511305312575,0.02398725640667876,10.26081238514685,9.610496718952982,0.9221177959722804,0.0,0.0,0.0,0.011327529604877477,0.0,0.0030235080314222067,29.547622550223544,1.0,0.6249949241327035,2.959852117554961,-0.2402249794008674,0.09077223139345572,0.06592194180113088,0.6799674267100977,0.0,-0.061087909628120204,-0.2067000098615243,0.2917131835032839,Banks—Regional,Financial Services,UBFO
2015Q1,2015,Q1,2015-05-08,2015-03-31,1228000.0,7251000.0,0.0,0.073879,7251000.0,1.0,678424000.0,84144000.0,614748000.0,0.0,594280000.0,0.0,34130000.0,82832618.17,11802618.170000002,4.987733686650895,0.0,0.02354132518896737,0.1898055714014071,0.0,4.987733686650895,0.014594029283133676,11.423613042338989,16.863318031351792,0.9844150286413768,0.0,0.0,0.0,0.010688006320531114,0.0,0.0018100774736742804,42.962976229253115,1.0,-0.1839189651934739,1.7738651515246704,-0.14568370020332558,0.09338548671994805,-0.07818459191456903,-0.2113037893384714,0.0,0.16654783347377702,0.03791214503692729,0.32122072797612206,Banks—Regional,Financial Services,UBFO
2014Q4,2014,Q4,2015-03-17,2014-12-31,1557000.0,7866000.0,0.0,0.090529,7866000.0,1.0,663169000.0,82826000.0,597959000.0,0.0,580343000.0,0.0,33730000.0,84223238.213,-5945761.7870000005,4.860997115363904,0.0,0.022513115058152598,0.18025740709439064,0.0,4.860997115363904,0.018798444932750586,10.707251234808034,13.52332020118818,1.0168695604399585,0.0,0.0,0.0,0.011861229942895402,0.0,0.002347817826225291,30.55995581023222,1.0,-0.0818187350399611,4.621491760784886,-0.23126638195803398,0.07985389468603185,0.07532467532467532,-0.08573106283029946,0.0,1.458209491761714,0.03441513055288158,0.31689253853364197,Banks—Regional,Financial Services,UBFO
2014Q3,2014,Q3,2014-11-05,2014-09-30,1703000.0,7315000.0,0.0,0.098596,7315000.0,1.0,690394000.0,81295000.0,623512000.0,0.0,609099000.0,0.0,33019000.0,85136039.4222,-33158960.577800006,4.774226564432032,0.0,0.026231398302997998,0.22276892797835046,0.0,4.774226564432032,0.020948397810443446,11.638556311989063,12.497950590458014,1.0472481631367243,0.0,0.0,0.0,0.010595399148891791,0.0,0.00246670741634487,34.6786311292057,1.0,-0.20642611656189888,1.430810264311117,-0.11521679055999429,0.04845415290453113,0.0362657600226661,-0.16805080605764533,0.0,2.142368454706019,-0.24826315024502707,0.21750384733262318,Banks—Regional,Financial Services,UBFO
2014Q2,2014,Q2,2014-08-08,2014-06-30,2047000.0,7059000.0,0.0,0.124243,7059000.0,1.0,652810000.0,79537000.0,584155000.0,0.0,573273000.0,0.0,32155000.0,83943988.128,-21104011.871999994,4.67534818814607,0.0,0.026300148588410104,0.21586180016847506,0.0,4.67534818814607,0.02573644970265411,11.891767690607736,10.252074759159747,1.0554080255478582,0.0,0.0,0.0,0.010813253473445566,0.0,0.003135675004978478,73.82936510817943,1.0,1.3566578148710167,1.3539498325665016,-0.1341608064869891,0.06423165990892192,0.08633425669436749,1.2544052863436124,0.0,1.6611643977285486,-0.07154176381256251,0.11156581474021131,Banks—Regional,Financial Services,UBFO
2014Q1,2014,Q1,2014-05-09,2014-03-31,908000.0,6498000.0,0.0,0.05272,6498000.0,1.0,662909000.0,77440000.0,589126000.0,0.0,585469000.0,0.0,30939000.0,82806051.1575,-38171948.8425,4.552073124258135,0.0,0.025863278368524187,0.22139721074380164,0.0,4.552073124258135,0.011725206611570248,12.743313505309326,22.79902289578744,1.0692930159801135,0.0,0.0,0.0,0.009802250384291056,0.0,0.0013697204291991812,43.905647485418875,1.0,-0.696999304569724,-0.023828058815248836,-0.22379279566586968,-0.0396159958898426,0.0010784162686797104,-0.691785471826205,0.0,1.5252641719481372,-0.12504421375590624,0.041794595433509295,Banks—Regional,Financial Services,UBFO
2013Q4,2013,Q4,2014-03-21,2013-12-31,2946000.0,6491000.0,0.0,0.173993,6491000.0,1.0,635929000.0,76543000.0,571107000.0,0.0,559386000.0,0.0,30884000.0,72816844.5467,-47057155.4533,4.499329858902102,0.0,0.0265013861610337,0.2201768940334191,0.0,4.499329858902102,0.038488170048208196,11.218124256154676,6.179297738178887,0.9513194485021492,0.0,0.0,0.0,0.010207114316220836,0.0,0.004632592632196362,30.56962407502099,1.0,0.5538557713775396,2.464329733019145,-0.34196500324162066,-0.04800114485784587,-0.020522106533876566,0.5907127429805615,0.0,1.502285164801611,-0.08439996304999806,0.034305235637045635,Banks—Regional,Financial Services,UBFO
2013Q3,2013,Q3,2013-11-12,2013-09-30,1852000.0,6627000.0,0.0,0.111975,6627000.0,1.0,661731000.0,73499000.0,608451000.0,0.0,588232000.0,0.0,28662000.0,61983560.8455,-104672439.15450001,4.320397260936676,0.0,0.025235329763907088,0.2272003700730622,0.0,4.320397260936676,0.025197621736350154,9.353185581032141,8.36711134523488,0.8433252268126098,0.0,0.0,0.0,0.010014643412504477,0.0,0.0027987203259330455,12.886395186174637,1.0,0.31299688093618827,2.369285636935197,-0.27077678332868604,-0.08672573831612586,0.02410755679184052,0.325697924123121,0.0,3.4613778716317056,-0.2086294146512886,-0.07481099103045127,Banks—Regional,Financial Services,UBFO
2013Q2,2013,Q2,2013-08-05,2013-06-30,1397000.0,6471000.0,0.0,0.085282,6471000.0,1.0,635662000.0,71708000.0,589330000.0,0.0,563954000.0,0.0,27429000.0,61506173.343899995,-61480826.656100005,4.215657438973409,0.0,0.026418127872989104,0.2341858648965248,0.0,4.215657438973409,0.01948178724828471,9.504894659851645,11.006831307068717,0.8577309832082891,0.0,0.0,0.0,0.010179938394933157,0.0,0.002197708845266824,16.768313343484188,1.0,0.4428653605386932,-0.3357367002650499,-0.3260094782053255,-0.13593818899210652,-0.11173644474948524,0.29953488372093023,0.0,1.6860568426593887,-0.3628052966482056,-0.08899221946077689,Banks—Regional,Financial Services,UBFO
2013Q1,2013,Q1,2013-04-01,2013-03-31,1075000.0,7285000.0,0.0,0.059106,7285000.0,1.0,636548000.0,70465000.0,587650000.0,0.0,566083000.0,0.0,26635000.0,62177304.2942,-59594695.7058,4.143539767838287,0.0,0.025429347040600236,0.22971688072092528,0.0,4.143539767838287,0.015255800752146456,8.534976567494853,14.459838207953489,0.8823856424352516,0.0,0.0,0.0,0.01144454149569239,0.0,0.001688796445829694,-597.8586951365385,1.0,-0.29300734432190617,-0.5756896519585363,-0.3032945618895713,-0.160386103665027,0.1449002043061449,-0.27266576454668473,0.0,1.4088701701882083,-0.1485320699814014,-0.0916743895275203,Banks—Regional,Financial Services,UBFO
2012Q4,2012,Q4,2013-04-01,2012-12-31,1478000.0,6363000.0,0.0,0.083602,6363000.0,1.0,648877000.0,69441000.0,595722000.0,0.0,579436000.0,0.0,26179000.0,36397922.5373,-90658077.46270001,4.083325693868708,0.0,0.02477819371005599,0.23153468412033237,0.0,4.083325693868708,0.021284255699082676,5.720245566132327,6.156617479245602,0.5241560826788209,0.0,0.0,0.0,0.009806172818577326,0.0,0.0022777814593520807,16.929266296418604,1.0,0.010003141082948697,1.1167539555313848,-0.4242268333092706,-0.16873295076256067,-0.05830990084356963,0.08199121522693997,0.0,4.444393038139254,-0.3769495200850549,-0.09290315358157318,Banks—Regional,Financial Services,UBFO
2012Q3,2012,Q3,2012-11-14,2012-09-30,1366000.0,6757000.0,0.0,0.082774,6757000.0,1.0,633631000.0,67674000.0,570538000.0,0.0,565957000.0,0.0,25054000.0,34853770.3338,-98657229.6662,4.01786684363947,0.0,0.01501662639612014,0.1406005260513639,0.0,4.01786684363947,0.020185004580784347,5.158172315199053,6.378801305600294,0.5150245342938204,0.0,0.0,0.0,0.010663935318821207,0.0,0.0021558288656962805,15.408386531299737,1.0,-0.3687493803717007,-0.625173415308013,-0.48780399242115585,-0.18705115971686037,-0.2984113799190115,-0.3710865561694291,0.0,0.9711588127075953,-0.1737509674436862,-0.11764782814986278,Banks—Regional,Financial Services,UBFO
2012Q2,2012,Q2,2012-08-14,2012-06-30,2172000.0,9631000.0,0.0,0.131127,9631000.0,1.0,605607000.0,65817000.0,548940000.0,0.0,539790000.0,0.0,24029000.0,33265493.8,-58951506.2,3.907609963090342,0.0,0.015316863906791038,0.14093623228041388,0.0,3.907609963090342,0.03300059255207621,3.4540020558612814,3.828901220073665,0.505424036343194,0.0,0.0,0.0,0.01590305263974822,0.0,0.0035864843041774615,13.09149696969697,1.0,1.0200110915981144,-0.33302183442287475,-0.09329244365804677,-0.17833194806149474,0.38078853046594985,1.066603235014272,0.0,1.3793255194776022,0.1931466154937281,-0.11052566141703789,Banks—Regional,Financial Services,UBFO
2012Q1,2012,Q1,2012-05-15,2012-03-31,1051000.0,6975000.0,0.0,0.064914,6975000.0,1.0,623941000.0,63585000.0,567599000.0,0.0,560356000.0,0.0,22164000.0,33619196.86,-69393803.14,3.7750949413965267,0.0,0.015333180541108854,0.15046001415428167,0.0,3.7750949413965267,0.016529055594873006,4.8199565390681,7.996954533777354,0.5287284243139105,0.0,0.0,0.0,0.011178941598644744,0.0,0.0016844541390932796,17.647872367454067,1.0,1.3254976683548114,-0.7068902951183804,-0.38053070914287734,-0.25451268046631637,-0.07210323267260875,1.3128907412920512,0.0,0.14122822690390785,-0.15846634077019153,-0.2035407391867719,Banks—Regional,Financial Services,UBFO
2011Q4,2011,Q4,2012-03-30,2011-12-31,-3359000.0,7517000.0,0.0,-0.19943,7517000.0,1.0,651332000.0,62173000.0,593725000.0,0.0,589159000.0,0.0,21447000.0,29637444.286000002,-87706555.714,3.6912633135400843,0.0,0.013859291421272102,0.14519164267447285,0.0,3.6912633135400843,-0.05402666752448812,3.942722400691766,-2.205823480649003,0.47669316722693134,0.0,0.0,0.0,0.011540965283449915,0.0,-0.0051571241701620675,-15.72278211458886,1.0,-1.2566591984067714,-2.1352900691720533,-0.2887671984266378,-0.05403874000398112,-0.21122770199370408,-1.3006849315068494,0.0,-4.989581408330465,-0.23031542770653476,-0.21897736802611803,Banks—Regional,Financial Services,UBFO
2011Q3,2011,Q3,2011-11-23,2011-09-30,-1460000.0,9530000.0,0.0,-0.088374,9530000.0,1.0,668490000.0,65394000.0,602037000.0,31692000.0,603096000.0,0.0,25108000.0,39663416.1408,-48936583.8592,3.921323595725533,18.996497538811056,0.050932699068048884,0.5206593877114108,0.0,3.921323595725533,-0.022326207297305563,4.161953425057712,-6.791680846027398,0.6065298978621892,0.0,0.0,0.0,0.014256009813161004,3.929477470655055,-0.002184026687011025,16.11024213679935,1.0,0.516955266955267,-1.4062738171991236,-0.15640968831597676,-0.025448206707364873,0.27867972628471754,0.5189456342668863,0.0,-0.1011803524709513,0.06976637999172351,-0.17108457963114118,Banks—Regional,Financial Services,UBFO
2011Q2,2011,Q2,2011-08-15,2011-06-30,-3035000.0,7453000.0,0.0,-0.182952,7453000.0,1.0,658963000.0,70143000.0,589763000.0,30349000.0,588820000.0,0.0,30300000.0,40845812.6825,-21885187.317500003,4.206092096524905,19.43269959471482,0.054497748735513225,0.5119826639864278,0.0,4.206092096524905,-0.04326875098014057,5.480452526834831,-3.3645644713756178,0.5823220090743196,0.0,0.0,0.0,0.011310194957835265,3.3175063428778544,-0.004605721413797133,21.680367665870488,1.0,-8.820801094344462,-1.9571189358019876,-0.25744245509074415,0.06774560341244597,0.013599891200870393,-9.525280898876405,0.0,-2.471971107495713,-0.2082095700139399,-0.13789874846322364,Banks—Regional,Financial Services,UBFO
2011Q1,2011,Q1,2011-04-04,2011-03-31,356000.0,7353000.0,0.0,0.023393,7353000.0,1.0,670137000.0,73596000.0,597041000.0,29809000.0,596541000.0,0.0,33736000.0,47942757.734400004,-20605242.265599996,4.36945357963192,20.028883894125936,0.05383078385464465,0.49016250883200174,0.0,4.36945357963192,0.0048372194140985925,6.520162890575276,33.667666948314604,0.6514315687591716,0.0,0.0,0.0,0.010972383258945558,3.580160354255426,0.0005312346579878442,20.042958919063548,1.0,1.0678510311221974,-0.9118983619412196,-0.36195093810208134,0.14120968850934335,0.04758512608633708,1.0613053211641124,0.0,-0.8581269121673099,-0.28999881382039133,-0.11460872818809369,Banks—Regional,Financial Services,UBFO
2010Q4,2010,Q4,2011-04-04,2010-12-31,-5807000.0,7019000.0,0.0,-0.34477,7019000.0,1.0,678210000.0,73270000.0,604761000.0,36828000.0,604940000.0,0.0,33807000.0,48899456.9472,-11280543.0528,4.35009869802205,16.4212284131639,0.06288022883767565,0.5820390337109321,0.0,4.35009869802205,-0.07925481097311314,6.966727019119532,-2.105194461305321,0.6673871563695919,0.0,0.0,0.0,0.010349301838663541,2.8504941892038667,-0.0085622447324575,41.1958356758214,1.0,-16.03444967730682,-2.8332582822687353,-0.28627037261408783,0.18725017485235138,-0.15341937040164033,-15.128953771289538,0.0,-9.396970665070207,-0.35873194732234676,-0.11442437373385643,Banks—Regional,Financial Services,UBFO
2010Q3,2010,Q3,2010-11-15,2010-09-30,411000.0,8291000.0,0.0,0.022932,8291000.0,1.0,710167000.0,78654000.0,631588000.0,34487000.0,631513000.0,0.0,40097000.0,58451359.5148,-4423640.485200003,4.669745553666511,18.31379940267347,0.059222689874353494,0.5347216924759072,0.0,4.669745553666511,0.005225417651994813,7.049977025063321,35.55435493600974,0.7431454155516566,0.0,0.0,0.0,0.011674718763333132,3.1054310319830662,0.000578737113946438,22.913116234731476,1.0,-0.24249331087107323,-0.8558329414735798,-0.0991047229061071,0.31181861337484923,-0.17551710421638822,-0.20194174757281552,0.0,-0.8872230827274658,-0.3715251601897417,-0.05515429455302703,Banks—Regional,Financial Services,UBFO
2010Q2,2010,Q2,2010-08-16,2010-06-30,515000.0,10056000.0,0.0,0.030273,10056000.0,1.0,711554000.0,77942000.0,629320000.0,39646000.0,633612000.0,0.0,40259000.0,46403412.72,53246412.72,4.627465899883064,15.873480300660848,0.0663463349232806,0.6056939775730672,0.0,4.627465899883064,0.00660747735495625,4.614500071599045,22.525928504854367,0.5953582499807548,0.0,0.0,0.0,0.01413244813464614,1.0755940069616103,0.0007237679782560424,46.824836246215945,1.0,0.1536087188476488,-0.8097661221755938,0.08789174656599928,0.3274761675411069,0.18668869483124853,0.16515837104072398,0.0,-0.8418542296319154,-0.053284095945475334,-0.026965094448226663,Banks—Regional,Financial Services,UBFO
2010Q1,2010,Q1,2010-05-10,2010-03-31,442000.0,8474000.0,0.0,0.026242,8474000.0,1.0,711629000.0,76835000.0,618319000.0,41696000.0,634794000.0,0.0,40286000.0,62473765.9216,89512765.9216,4.561733942174063,14.829216231772833,0.06691126977680786,0.6197175766252359,0.0,4.561733942174063,0.005752586711784993,7.372405702336558,35.335840453393665,0.8130899449677882,0.0,0.0,0.0,0.011907890206835303,0.5517795471987721,0.0006211101571183861,15.300946833602742,1.0,2.0401109789932623,-0.8413136818846724,-0.04379954413058334,0.36187920767394816,-0.16223430548690065,2.04,0.0,-0.8767328357646189,-0.24740438569293094,-0.09917105085597287,Banks—Regional,Financial Services,UBFO
2009Q4,2009,Q4,2010-03-31,2009-12-31,-425000.0,10115000.0,0.0,-0.02523,10115000.0,1.0,692568000.0,75821000.0,596162000.0,44371000.0,616747000.0,0.0,40499000.0,54985200.952,84744200.95199999,4.501532234392915,13.435847738387686,0.07322891037414377,0.6688912042837736,0.0,4.501532234392915,-0.0056053072367813666,5.436006025902126,-32.34423585411765,0.725197517204996,0.0,0.0,0.0,0.014605064051472202,0.5285884924838296,-0.0006136581534232018,22.967920197159565,1.0,-1.5724333522404992,-1.1804177129038345,0.21918718975446314,0.3621832208595645,0.23685497676693568,-1.6132756132756132,0.0,-1.1436426533481066,-0.042958504706843766,0.15360914208939008,Banks—Regional,Financial Services,UBFO
2009Q3,2009,Q3,2009-11-09,2009-09-30,693000.0,8178000.0,0.0,0.044075,8178000.0,1.0,721825000.0,76698000.0,615663000.0,47187000.0,645127000.0,0.0,41498000.0,55679316.633899994,82389316.63389999,4.553586393077846,13.047301163456037,0.07136078689433034,0.671595087225221,0.0,4.553586393077846,0.009035437690682938,6.808427076779163,20.086333562012985,0.7259552613353673,0.002886002886002886,0.0,3.5919981079335176e-05,0.011329615904131889,0.5785067921249497,0.0009600664981124234,12.677440035040982,1.0,1.1289372295828666,-0.7253191457488685,-0.01048493353582586,0.3892856411591955,0.01313181367690783,1.1210268948655258,0.0,-0.8090700868120586,-0.2832618017349892,0.13168568646676088,Banks—Regional,Financial Services,UBFO
2009Q2,2009,Q2,2009-08-14,2009-06-30,-5726000.0,8072000.0,0.0,-0.341833,8072000.0,1.0,738532000.0,73996000.0,630731000.0,70431000.0,664536000.0,0.0,41418000.0,61742950.3539,117606950.3539,4.3931677324335485,8.955303772486547,0.10280800290305633,1.0260960051894696,0.0,4.3931677324335485,-0.07738256121952539,7.649027546320615,-2.6957278359194903,0.8344092971768744,-0.0006985679357317499,0.0,6.478472403849648e-05,0.010929790449161309,0.32156294813363434,-0.007753218547063634,22.193727661358736,1.0,-6.933776558811276,-3.5922389206796823,0.047264278499835034,0.3783299863366,-0.026179273736276994,-7.217155266015201,0.0,-2.7878606133404933,-0.20373936225172562,0.1152360489764114,Banks—Regional,Financial Services,UBFO
2009Q1,2009,Q1,2009-05-11,2009-03-31,921000.0,8289000.0,0.0,0.057608,8289000.0,1.0,733391000.0,79840000.0,616083000.0,70339000.0,653551000.0,0.0,47720000.0,89278826.6852,146587826.6852,4.739846878724155,8.758768250899216,0.10347413589749534,0.9504884769539078,0.0,4.739846878724155,0.01153557114228457,10.770759643527567,24.234209197937027,1.1182217771192384,0.0054288816503800215,0.0,5.600432023631045e-05,0.011302293046955854,0.30331679438149534,0.0012558103385506504,26.382631999172578,1.0,0.15215999999999993,-0.49683638797553714,0.23669421410518512,0.6046063698212127,-0.15132589331422136,0.09382422802850356,0.0,-0.772089423293848,-0.2807787463218568,0.2379486545561241,Banks—Regional,Financial Services,UBFO
2008Q4,2008,Q4,2009-03-16,2008-12-31,842000.0,9767000.0,0.0,0.05,9767000.0,1.0,761077000.0,79610000.0,637923000.0,0.0,681467000.0,0.0,47722000.0,139070949.9412,266184949.9412,4.7261925102107964,0.0,0.2193877886205995,2.0973621404346185,0.0,4.7261925102107964,0.010576560733576185,14.238860442428585,41.29184974501187,1.7469030265192813,0.004750593824228029,0.0,2.87622972424595e-05,0.012833129893558733,0.0,0.001106326955091272,81.13824383967327,1.0,1.6439067107957401,-0.35001920859667035,0.3668055805948496,0.6388501744169854,0.08317622269047355,1.6274217585692996,0.0,-0.7342001167911977,-0.0069055955593735245,0.2898955342518988,Banks—Regional,Financial Services,UBFO
2008Q3,2008,Q3,2008-11-17,2008-09-30,-1342000.0,9017000.0,0.0,-0.077651,9017000.0,1.0,788002000.0,79852000.0,663402000.0,0.0,708150000.0,0.0,48307000.0,194939655.7248,202749655.7248,4.730667929884311,0.0,0.0517549447844041,0.5107323548564845,0.0,4.730667929884311,-0.016806091268847367,21.61912562102695,-36.31513705752608,2.4412620313179385,-1.1430700447093889,0.0,0.007869101821773897,0.011442864358212288,0.0,-0.0017030413628391805,55.82464367835051,1.0,-1.6111124227757447,-1.4630264373558817,0.07534510084360786,0.6296313049440463,-0.04582010582010582,-1.6483091787439614,0.0,-1.4697220998882379,-0.02232676295462608,0.3289328450123282,Banks—Regional,Financial Services,UBFO
2008Q2,2008,Q2,2008-08-08,2008-06-30,2070000.0,9450000.0,0.0,0.127065,9450000.0,1.0,772861000.0,81684000.0,645780000.0,0.0,691177000.0,0.0,51495000.0,171843511.192,182385511.192,4.8788841090616115,0.0,0.052714524345257426,0.49876352774105087,0.0,4.8788841090616115,0.025341560158660202,18.184498538835978,20.75404724541063,2.1037597472209977,0.7429951690821256,0.0,0.00895000334508761,0.012227295723293063,0.0,0.0026783600155784806,37.268165515506396,1.0,-0.14285425183146477,-0.10372399194462549,0.45189171010372714,0.7263905563275809,-0.08412483039348712,-0.172,0.0,-0.23075833116211047,0.028499417003915346,0.39960023889921686,Banks—Regional,Financial Services,UBFO
2008Q1,2008,Q1,2008-05-08,2008-03-31,2500000.0,10318000.0,0.0,0.148242,10318000.0,1.0,762089000.0,82815000.0,626874000.0,0.0,679274000.0,0.0,50958000.0,199010581.2396,230133581.2396,4.935053821673739,0.0,0.07318961433638328,0.6735132524301153,0.0,4.935053821673739,0.030187767916440258,19.287708978445437,19.90105812396,2.4030740957507697,0.5932,0.0,0.007451865075528487,0.013539101076121031,0.0,0.0032804567445534577,82.74868242810811,1.0,2.6156585365853657,0.32033735099772864,0.6618149508047118,0.8141999924549668,-0.05382851902796882,2.6284470246734397,0.0,-0.09911521156760703,0.1686058100108083,0.47333169222188476,Banks—Regional,Financial Services,UBFO
2007Q4,2007,Q4,2008-03-17,2007-12-31,689000.0,10905000.0,0.0,0.041,10905000.0,1.0,771715000.0,82431000.0,648554000.0,0.0,689284000.0,0.0,49997000.0,180056473.3656,197468473.3656,4.912170761026238,0.0,0.05911638363903773,0.5534446992029698,0.0,4.912170761026238,0.008358505901905837,16.511368488363136,65.33253750566037,2.1843296013101865,2.1611030478955007,0.0,0.00826962770161906,0.014130864373505763,0.0,0.000892816648633239,45.217597530286284,1.0,-0.8126425173534155,-0.6935519452145483,0.5635895075059228,0.8367637817395324,-0.17623508082791964,-0.8115942028985508,0.0,-0.7064233598529066,0.3192958748817326,0.48644422393418607,Banks—Regional,Financial Services,UBFO
2007Q3,2007,Q3,2007-11-09,2007-09-30,3657000.0,13238000.0,0.0,0.218833,13238000.0,1.0,802977000.0,83534000.0,681931000.0,0.0,719443000.0,0.0,50791000.0,235640427.77960002,226828427.77960002,4.942336644751346,0.0,0.029333343296258797,0.2819690186032035,0.0,4.942336644751346,0.04377858117652692,17.80030425892129,16.10886162015313,2.8208924243972513,0.4082581350834017,0.0,0.0063359246716206,0.016486150910922728,0.0,0.004554302302556611,36.31942475024661,1.0,0.1481450390090086,0.7634196538393416,1.019441300277796,0.8754143064651781,0.22687673772011122,0.10550181378476421,0.0,0.4445068963934227,0.5962363124044199,0.5078921846669742,Banks—Regional,Financial Services,UBFO
2007Q2,2007,Q2,2007-08-09,2007-06-30,3308000.0,10790000.0,0.0,0.190597,10790000.0,1.0,772312000.0,81369000.0,647721000.0,11831000.0,690943000.0,0.0,48618000.0,245425962.83400002,240323962.83400002,4.75570390484501,54.74778125264137,0.03495737473974249,0.33179712175398496,0.0,4.75570390484501,0.04065430323587607,22.745687009638555,18.547911338724308,3.016209647826568,0.4619105199516324,0.0,0.006225910178188854,0.013971037611742405,3.091623700447976,0.0042832430416722776,65.88616451919464,1.0,-0.09999811119400871,0.534649131215619,0.724525583044493,0.35969678320117743,-0.04631430086618349,-0.08187621426588954,0.0,0.4742647150166361,0.3781067783980298,0.4920735326795511,Banks—Regional,Financial Services,UBFO
2007Q1,2007,Q1,2007-05-10,2007-03-31,3603000.0,11314000.0,0.0,0.211774,11314000.0,1.0,763823000.0,85705000.0,632213000.0,0.0,678118000.0,0.0,46808000.0,227837340.0495,221916340.0495,5.0639291138552425,0.0,0.03497145281040241,0.3116737646578379,0.0,5.0639291138552425,0.04203955428504755,20.13764716718225,15.808863450562033,2.658390292859226,0.39411601443241745,0.0,0.006232516582626405,0.014812332176433546,0.0,0.004717061413442643,63.535231469464584,1.0,0.24572941176470572,1.1433256392379576,0.872159174389578,0.5026938653533296,0.06534839924670433,0.2119071644803229,0.0,0.9590771210566357,0.6800184007576661,0.714319707011805,Banks—Regional,Financial Services,UBFO
