Quarters,Year,Quarter,FillingDate,Date,NetIncome,Revenue,OperatingIncome,EPSDiluted,GrossProfit,GrossProfitRatio,TotalAssets,CommonStockEquity,CurrentAssets,CurrentLiability,TotalLiability,Inventory,RetainedEarnings,MarketCap,EnterpriseValue,bookValuePerShare,currentRatio,debtToAssets,debtToEquity,roic,shareholdersEquityPerShare,roe,priceToSalesRatio,peRatio,pbRatio,payoutRatio,inventoryTurnover,dividendYield,assetTurnover,quickRatio,returnOnAssets,priceToFreeCashFlowsRatio,grossProfitMargin,epsdilutedGrowth,fiveYNetIncomeGrowthPerShare,fiveYRevenueGrowthPerShare,fiveYShareholdersEquityGrowthPerShare,grossProfitGrowth,netIncomeGrowth,operatingIncomeGrowth,threeYNetIncomeGrowthPerShare,threeYRevenueGrowthPerShare,threeYShareholdersEquityGrowthPerShare,Industry,Sector,Symbol
2023Q1,2023,Q1,2023-04-28,2023-03-31,22800000.0,12481600000.0,64600000.0,0.36,262700000.0,0.0210469812,7485800000.0,2008300000.0,4613800000.0,4153500000.0,5471800000.0,618600000.0,1976700000.0,1589210000.0,2099110000.0,32.28778135048231,1.110822198146142,0.09706377407892276,0.36179853607528756,0.019905006489155365,32.28778135048231,0.011352885525070956,0.12732422125368542,17.425548245614035,0.7913210177762288,0.37719298245614036,19.752505657937277,0.005411493761051088,1.6673702209516685,0.7737811484290358,0.003045766651526891,12.795571658615136,0.021046981156262017,0.09090909090909081,-0.20696265149641352,0.4752970379503732,0.2416962404042593,-0.06942968473255402,0.09090909090909091,-0.1802030456852792,-0.4253693089146745,0.624838530265165,0.13489872706147202,Oil & Gas Refining & Marketing,Energy,INT
2022Q4,2022,Q4,2023-02-24,2022-12-31,20900000.0,13877700000.0,78800000.0,0.33,282300000.0,0.0203419875,8164600000.0,1984900000.0,5238100000.0,4608600000.0,6173800000.0,779900000.0,1962500000.0,1697193000.0,2244493000.0,31.962962962962962,1.1365924575793083,0.10358131445508659,0.42606680437301625,0.021234568410607536,31.962962962962962,0.010529497707693083,0.12229641799433624,20.301351674641147,0.8550521436848204,0.41148325358851673,17.4322349019105,0.005067190354897764,1.6997403424540087,0.7795208957167036,0.002559831467555055,-14.992871024734983,0.020341987505134135,-0.5147058823529412,1.117107567939199,0.6976938017768017,0.2511201020405968,-0.12410797393732548,-0.508235294117647,-0.2143569292123629,-0.6110270331894034,0.5593779694430933,0.10409515524835031,Oil & Gas Refining & Marketing,Energy,INT
2022Q3,2022,Q3,2022-10-28,2022-09-30,42500000.0,15661300000.0,100300000.0,0.68,322300000.0,0.02057939,7970300000.0,1939700000.0,5049300000.0,4568300000.0,6024700000.0,727500000.0,1950200000.0,1453280000.0,1882280000.0,31.28548387096774,1.1052908083969968,0.08899288608960766,0.36567510439758727,0.026468166090797392,31.28548387096774,0.021910604732690624,0.09279434018887321,8.548705882352943,0.7492292622570501,0.17411764705882352,21.084536082474227,0.005091929979081801,1.9649574043637001,0.7559048223628045,0.0053322961494548515,6.0553333333333335,0.02057938996124204,0.7435897435897436,2.2248514431239386,1.007684597463307,0.1069746507757737,0.27190213101815314,0.7418032786885246,0.8996212121212122,-0.071325793066524,0.7693249082970219,0.10902887833135744,Oil & Gas Refining & Marketing,Energy,INT
2022Q2,2022,Q2,2022-07-29,2022-06-30,24400000.0,17122100000.0,52800000.0,0.39,253400000.0,0.0147995865,8795700000.0,1915700000.0,5894000000.0,5094700000.0,6875500000.0,903800000.0,1916400000.0,1272612000.0,1927212000.0,30.79903536977492,1.1568885312187176,0.11828507111429448,0.5430912982199718,0.019863767298538875,30.79903536977492,0.012736858589549512,0.07432569603027667,13.03905737704918,0.6643065198099911,0.3114754098360656,18.66419561849967,0.00597196946123406,1.946644383050809,0.851963805523387,0.0027740827904544265,58.376697247706424,0.014799586499319593,-0.04878048780487796,-0.10559485530546614,1.3285108582038185,0.06471950838603276,0.09696969696969697,-0.07224334600760456,0.2784503631961259,-0.29283045102980787,0.9410149838534859,0.14165591817494003,Oil & Gas Refining & Marketing,Energy,INT
2022Q1,2022,Q1,2022-04-29,2022-03-31,26200000.0,12459400000.0,41300000.0,0.41,231000000.0,0.0185402186,7968000000.0,1941400000.0,5025300000.0,4412500000.0,6022500000.0,680500000.0,1899400000.0,1714336000.0,2332236000.0,30.621451104100945,1.1388781869688385,0.11095632530120482,0.45539301534974763,0.011747310047735729,30.621451104100945,0.013546924899557021,0.13759378461242114,16.29596958174905,0.88304110435768,0.2813688212927757,17.96972814107274,0.004316540048158587,1.563679718875502,0.8558413597733711,0.00330070281124498,-19.327350620067644,0.0185402186301106,0.6399999999999999,-0.08950222231180903,0.6476036604809274,0.07287519933279009,0.07292150487691593,0.6967741935483871,0.27469135802469136,-0.2517511278450528,0.519395062394327,0.11650240128521086,Oil & Gas Refining & Marketing,Energy,INT
2021Q4,2021,Q4,2022-02-25,2021-12-31,15500000.0,9942800000.0,32400000.0,0.25,215300000.0,0.0216538601,5942400000.0,1912700000.0,4019700000.0,3096700000.0,4025600000.0,477900000.0,1880600000.0,1646434000.0,1502934000.0,30.7508038585209,1.298059224335583,0.08560514270328487,0.26595911538662625,0.010117106209469628,30.7508038585209,0.008103727714748784,0.16559057810677072,26.55538709677419,0.8607905055680452,0.4838709677419355,20.354676710608913,0.004555299513979911,1.673196015078083,0.9711951432169729,0.002608373721055466,-26.99072131147541,0.02165386007965563,-0.26470588235294124,6.827024261911722,0.4175431099332493,0.10383405019417886,0.09012658227848101,-0.2857142857142857,-0.22302158273381295,-0.4350992873902842,0.07383169224491488,0.136597410436682,Oil & Gas Refining & Marketing,Energy,INT
2021Q3,2021,Q3,2021-10-29,2021-09-30,21700000.0,8350900000.0,41700000.0,0.34,197500000.0,0.0236501455,5544300000.0,1919700000.0,3693200000.0,2696500000.0,3620500000.0,439300000.0,1872600000.0,2118059999.9999998,1836359999.9999998,30.47142857142857,1.3696272946412016,0.09276193568169111,0.2679064437151638,0.011828177190523313,30.47142857142857,0.011303849559827056,0.25363254260019874,24.401612903225804,1.1033286451007969,0.35023041474654376,18.559981789210106,0.00358818919199645,1.5062135887307686,1.0489523456332284,0.003913929621412983,30.87551020408163,0.023650145493300124,0.21428571428571425,-0.4425969294821753,0.2378009143962279,0.07339708109997672,0.07395323545405111,0.23295454545454544,0.34951456310679613,-0.39136125654450266,-0.14210720963201906,0.1652058852092843,Oil & Gas Refining & Marketing,Energy,INT
2021Q2,2021,Q2,2021-07-30,2021-06-30,17600000.0,7085500000.0,30900000.0,0.28,183900000.0,0.0259544139,5249800000.0,1946200000.0,3358600000.0,2392600000.0,3300100000.0,426500000.0,1858400000.0,2011682000.0,1790682000.0,30.697160883280755,1.403744880046811,0.09937521429387786,0.26806083650190116,0.011243137394347503,30.697160883280755,0.009043263796115508,0.28391532001975867,28.57502840909091,1.0336460795396156,0.42613636363636365,16.181946072684642,0.0037282234468469667,1.34967046363671,1.077363537574187,0.003352508666996838,80.46728,0.02595441394397008,-0.06666666666666654,-0.35688748685594107,0.1709977262145444,0.10210387508420943,-0.04018789144050104,-0.06878306878306878,-0.17819148936170212,-0.3451675661416371,-0.2546338906451593,0.18079419988528816,Oil & Gas Refining & Marketing,Energy,INT
2021Q1,2021,Q1,2021-04-30,2021-03-31,18900000.0,5957900000.0,37600000.0,0.3,191600000.0,0.0321589822,4925400000.0,1939500000.0,3064500000.0,2092200000.0,2982400000.0,333700000.0,1848300000.0,2217600000.0,2005800000.0,30.785714285714285,1.4647261256094064,0.10628578389572421,0.2699149265274555,0.010398536014169124,30.785714285714285,0.00974477958236659,0.3722116853253663,29.333333333333336,1.14338747099768,0.32275132275132273,17.279892118669462,0.0027507215007215005,1.2096276444552727,1.149268712360195,0.003837251796808381,21.869822485207102,0.03215898219171184,6.0083472454090145,-0.6020992366412213,0.26576358052882343,0.09052351827581187,0.15980629539951574,5.973684210526316,1.2926829268292683,-0.35096153846153844,-0.30473197850911243,0.18393101315275415,Oil & Gas Refining & Marketing,Energy,INT
2020Q4,2020,Q4,2021-03-01,2020-12-31,-3800000.0,4702100000.0,16400000.0,-0.0599,165200000.0,0.0351332383,4500300000.0,1909300000.0,2639300000.0,1684000000.0,2587400000.0,344300000.0,1836700000.0,1975544000.0,1841444000.0,30.115141955835963,1.5672802850356296,0.11659222718485435,0.2748127586026292,0.036577063035567556,30.115141955835963,-0.0019902582098151153,0.4201407881584824,-129.97,1.0346954381186821,-1.6578947368421053,13.177171071739762,0.0031889950312420277,1.04484145501411,1.1266033254156769,-0.0008443881519009844,18.343026926648097,0.03513323834031603,-1.0464341085271318,-1.0804172807327381,-0.2343156831851437,0.09501013180422699,-0.22803738317757008,-1.0463414634146342,-0.8634471273938384,0.9791443075164202,-0.4365750543199667,0.17879120031554904,Oil & Gas Refining & Marketing,Energy,INT
2020Q3,2020,Q3,2020-11-02,2020-09-30,82000000.0,4482700000.0,120100000.0,1.29,214000000.0,0.0477390858,4392300000.0,1916000000.0,2534800000.0,1557000000.0,2472500000.0,291000000.0,1846600000.0,1343446000.0,1297246000.0,30.22082018927445,1.6280025690430315,0.11986886141656991,0.27479123173277664,0.03758520175540207,30.22082018927445,0.04279749478079332,0.29969571909786513,4.095871951219513,0.7011722338204593,0.07682926829268293,14.669072164948453,0.004689432995446039,1.0205814721216675,1.166859344894027,0.018669034446645267,5.768338342636325,0.04773908581881455,8.588235294117647,0.8253281774702351,-0.36633678001935305,0.13435434245761785,0.0009354536950420954,8.663551401869158,3.0850340136054424,3.311057612485472,-0.43803433068784337,0.06930364296599016,Oil & Gas Refining & Marketing,Energy,INT
2020Q2,2020,Q2,2020-08-03,2020-06-30,-10700000.0,3158300000.0,29400000.0,-0.17,213800000.0,0.0676946459,4881000000.0,1815000000.0,2931400000.0,1606600000.0,3062700000.0,308800000.0,1768600000.0,1630608000.0,2082008000.0,28.672985781990523,1.82459853105938,0.22476951444376153,0.6044628099173553,0.036008378833144464,28.672985781990523,-0.0058953168044077135,0.5162929424057247,-38.09831775700935,0.8984066115702479,-0.6074766355140186,9.53529792746114,0.003986243168192478,0.647060028682647,1.283206772065231,-0.002192173734890391,7.4084870513403,0.0676946458537821,-1.26984126984127,-1.3996946113162887,-0.5848221899091841,0.07224166655386113,-0.17387944358578053,-1.2584541062801933,-0.5847457627118644,-1.3854028436018957,-0.5779525377094977,-0.00877780881019324,Oil & Gas Refining & Marketing,Energy,INT
2020Q1,2020,Q1,2020-05-05,2020-03-31,41400000.0,8015200000.0,70800000.0,0.63,258800000.0,0.0322886516,5498900000.0,1846400000.0,3533800000.0,2109300000.0,3648800000.0,332800000.0,1785100000.0,1634182000.0,2296682000.0,28.449922958397536,1.6753425306973877,0.21813453599810873,0.6496425476603119,0.016787594252382985,28.449922958397536,0.02242201039861352,0.20388536780117777,9.868248792270531,0.8850639081455806,0.1570048309178744,23.306490384615383,0.003977525147137834,1.4576006110312971,1.195704736168397,0.0075287784829693215,-206.85848101265822,0.03228865156203214,-0.26744186046511625,-0.1888516921439735,0.18946482875106505,0.0747579765742484,-0.09731426578304848,-0.2672566371681416,0.17024793388429751,0.4001289769958207,0.03541521882050857,-0.003208023642436438,Oil & Gas Refining & Marketing,Energy,INT
2019Q4,2019,Q4,2020-03-02,2019-12-31,56500000.0,9358100000.0,60500000.0,0.86,286700000.0,0.0306365608,5992400000.0,1890400000.0,4170100000.0,3162400000.0,4098500000.0,593300000.0,1761300000.0,2835326000.0,3278026000.0,28.94946401225115,1.3186503921072603,0.10493291502569922,0.3326280152348709,0.023723197150234028,28.94946401225115,0.029887854422344477,0.3029809469871021,12.545690265486726,1.499855057130766,0.11504424778761062,15.289735378392045,0.0022925053415374457,1.5616614378212403,0.9733114090564129,0.00942860957212469,73.26423772609819,0.030636560840341522,0.17808219178082194,-0.08870015677086779,0.03615317044959016,0.10326885775050115,-0.06215243702976775,0.17219917012448133,-0.35363247863247865,26.176319086732565,0.27084462638316653,0.039172967920288036,Oil & Gas Refining & Marketing,Energy,INT
2019Q3,2019,Q3,2019-10-31,2019-09-30,48200000.0,9322700000.0,93600000.0,0.73,305700000.0,0.0327909297,5797500000.0,1842100000.0,3969500000.0,2910500000.0,3938900000.0,582100000.0,1711400000.0,2608082000.0,3076982000.0,28.20980091883614,1.3638550077306304,0.1185683484260457,0.3731610661744748,0.02578231313379415,28.20980091883614,0.02616578904511156,0.27975607924742835,13.527396265560165,1.4158199880571087,0.13692946058091288,15.490465555746436,0.0025305952803631178,1.608055196205261,0.9989005325545439,0.008313928417421302,243.74598130841122,0.03279092966629839,0.32727272727272716,-0.06114315806039616,-0.13711694943977568,0.10439107715588428,0.1381236038719285,0.3027027027027027,0.24468085106382978,0.19449415595826877,0.33317325699005884,-0.006271796751846769,Oil & Gas Refining & Marketing,Energy,INT
2019Q2,2019,Q2,2019-07-26,2019-06-30,37000000.0,9459400000.0,75200000.0,0.55,268600000.0,0.0283950356,5751200000.0,1799400000.0,3925000000.0,2902300000.0,3935700000.0,555800000.0,1669700000.0,2419876000.0,2885076000.0,26.977511244377812,1.352375702029425,0.11880998748087356,0.37973769034122484,0.019772380428118134,26.977511244377812,0.020562409692119595,0.25581707085015964,16.350513513513516,1.3448238301656108,0.10810810810810811,16.536164087801367,0.0016529772599918342,1.6447697871748506,1.0219481101195604,0.006433439977743775,22.09932420091324,0.02839503562593822,-0.14062499999999994,-0.1851353798901984,-0.11423046446267643,0.07373978397240556,0.06969334926324174,-0.005376344086021506,0.06818181818181818,0.2851074462768615,0.4859786298619122,-0.03144073174694801,Oil & Gas Refining & Marketing,Energy,INT
2019Q1,2019,Q1,2019-05-07,2019-03-31,37200000.0,8678800000.0,70400000.0,0.64,251100000.0,0.0289325713,5733200000.0,1840300000.0,3894700000.0,2873200000.0,3877400000.0,598700000.0,1639300000.0,1945900000.0,2447400000.0,27.42622950819672,1.3555269386050397,0.12131096072001675,0.3779275118187252,0.020185946985752715,27.42622950819672,0.02021409552790306,0.2242130248421441,13.077284946236558,1.0573819485953377,0.10752688172043011,14.076666109904794,0.0020556040906521402,1.5137793902183772,1.0172281776416539,0.006488522988906719,19459.0,0.02893257132322441,0.4545454545454546,-0.2272636050660945,-0.13324182890085456,0.12281070262800685,-0.04233409610983982,0.25675675675675674,0.11216429699842022,-0.2646841332863107,0.731159549359851,-0.02847963770658914,Oil & Gas Refining & Marketing,Energy,INT
2018Q4,2018,Q4,2019-03-01,2018-12-31,29600000.0,9988600000.0,63300000.0,0.44,262200000.0,0.0262499249,5676900000.0,1815400000.0,3974800000.0,2935900000.0,3845400000.0,523100000.0,1606100000.0,1436611000.0,1925911000.0,27.055141579731742,1.3538608263224223,0.12348288678680265,0.386140795416988,0.017414988445031362,27.055141579731742,0.01630494656824942,0.14382506056904873,12.13353885135135,0.791346810620249,0.13851351351351351,18.59376792200344,0.002853938888119331,1.759516637601508,1.0052454102660173,0.005214113336504078,13.565731822474032,0.02624992491440242,-0.21428571428571436,-0.3971873424721494,0.013950919975042693,0.14546877035254754,-0.01687289088863892,-0.225130890052356,-0.19053708439897699,-0.4081328507558015,0.5368421043310284,-0.016253876848720226,Oil & Gas Refining & Marketing,Energy,INT
2018Q3,2018,Q3,2018-10-30,2018-09-30,38200000.0,10429500000.0,78200000.0,0.56,266700000.0,0.0255716957,6008000000.0,1765200000.0,4327900000.0,3283400000.0,4226800000.0,679300000.0,1580400000.0,1885275000.0,2485475000.0,26.15111111111111,1.3181153682158737,0.12355193075898802,0.42051892136868346,0.019579836542153475,26.15111111111111,0.021640607296623614,0.18076369912268087,12.338187172774868,1.0680234534330388,0.10471204188481675,14.960694832916237,0.0021217063823580117,1.7359354194407457,0.9895230553694341,0.006358189081225033,-18.268168604651162,0.02557169567093341,0.33333333333333354,-0.21528793792238,0.0508832438089159,0.13825366042201465,0.08370581064607883,0.3310104529616725,0.27986906710310966,-0.20131421744324962,0.38473859932884097,-0.01840432313916145,Oil & Gas Refining & Marketing,Energy,INT
2018Q2,2018,Q2,2018-07-30,2018-06-30,28700000.0,10150800000.0,61100000.0,0.42,246100000.0,0.0242443945,5757000000.0,1760000000.0,4076800000.0,3013500000.0,3981700000.0,559200000.0,1546300000.0,1381757000.0,1959457000.0,25.997045790251107,1.3528455284552845,0.13293381969775925,0.43482954545454544,0.016983130717142518,25.997045790251107,0.016306818181818183,0.13612296567758206,12.036210801393729,0.7850892045454546,0.14285714285714285,17.712267525035767,0.0029672366414644543,1.7632100052110473,1.0418118466898956,0.004985235365641828,-103.89150375939849,0.024244394530480357,-0.0869565217391305,-0.40572147087865845,0.02322218105260109,0.15694421562692007,0.011092851273623664,-0.08012820512820513,0.06818181818181818,0.002400912939735122,0.24765946574853107,-0.02782654322926415,Oil & Gas Refining & Marketing,Energy,INT
2018Q1,2018,Q1,2018-04-30,2018-03-31,31200000.0,9181300000.0,57200000.0,0.46,243400000.0,0.026510407,5472100000.0,1755200000.0,3770700000.0,2670100000.0,3701000000.0,590200000.0,1521600000.0,1657125000.0,2338625000.0,26.002962962962965,1.4121942998389574,0.15248259351985527,0.47538742023701,0.01791102232765258,26.002962962962965,0.017775752051048314,0.18048914641717403,13.278245192307693,0.9441231768459435,0.1282051282051282,15.143849542527956,0.0024138191144301123,1.6778384897936807,1.0558406052207783,0.005701650189141281,-6.785933660933661,0.026510407022970604,1.1602787456445993,-0.32373734678752636,-0.047867896480452414,0.1842627366936995,0.058721183123097,1.1610738255033557,0.6676384839650146,-0.4122462030375699,0.31003332510927156,-0.01768128160220056,Oil & Gas Refining & Marketing,Energy,INT
2017Q4,2017,Q4,2018-02-28,2017-12-31,-193700000.0,8872100000.0,34300000.0,-2.87,229900000.0,0.0259126926,5587800000.0,1721900000.0,3940400000.0,2718600000.0,3849900000.0,505000000.0,1492800000.0,1896636000.0,2434536000.0,25.54747774480712,1.4494224968733906,0.1628905830559433,0.5286021255589756,0.018465150045133785,25.54747774480712,-0.11249201463499622,0.21377531813212206,-2.4479039752194116,1.10147859922179,-0.020650490449148167,17.11326732673267,0.002108997192924736,1.5877626257203192,1.1321636136246598,-0.03466480546905759,13.189401947148818,0.025912692598144747,-4.125,-5.778988138599415,-0.05629064361470389,0.19946554232942362,-0.041684035014589414,-4.097368421052631,-0.44045676998368677,-4.026883829223611,-0.04826510806797959,-0.026381401120526584,Oil & Gas Refining & Marketing,Energy,INT
2017Q3,2017,Q3,2017-10-31,2017-09-30,-38000000.0,8543000000.0,61300000.0,-0.56,239900000.0,0.0280814702,5723100000.0,1919000000.0,4025300000.0,2466300000.0,3787300000.0,522700000.0,1693900000.0,2302489000.0,2908189000.0,28.262150220913107,1.6321209909581154,0.20123709178592022,0.6001563314226159,-0.017008727505640246,28.262150220913107,-0.019801980198019802,0.2695176167622615,-15.14795394736842,1.1998379364252214,-0.10789473684210527,15.885020088004591,0.0017806816883815734,1.4927224755814157,1.2688642906377976,-0.00663975817301812,-19.69622754491018,0.02808147020952827,-2.272727272727273,-1.773988968101464,-0.09599414477266609,0.3672998184371244,0.03852813852813853,-2.2666666666666666,0.197265625,-1.7118350049770938,-0.23956159436969224,0.1064405103396022,Oil & Gas Refining & Marketing,Energy,INT
2017Q2,2017,Q2,2017-07-28,2017-06-30,30000000.0,8086200000.0,51200000.0,0.44,231000000.0,0.0285671885,5286000000.0,1978600000.0,3588800000.0,2128500000.0,3291700000.0,441800000.0,1732400000.0,2629980000.0,3122180000.0,28.926900584795323,1.686070002349072,0.2020052970109724,0.5396745173354898,0.014591509956418098,28.926900584795323,0.015162235924390983,0.3252430066038436,21.916500000000003,1.32921257454766,0.13666666666666666,17.77999094612947,0.0015589472163286412,1.529738933030647,1.3234672304439747,0.0056753688989784334,-974.0666666666667,0.028567188543444387,-0.02222222222222224,-0.3576907804490651,-0.1252521376597211,0.45169099202071716,-0.001728608470181504,-0.04153354632587859,0.017892644135188866,-0.3557198890312498,-0.26163456156475634,0.15132799699536276,Oil & Gas Refining & Marketing,Energy,INT
2017Q1,2017,Q1,2017-04-28,2017-03-31,31300000.0,8194300000.0,50300000.0,0.45,231400000.0,0.0282391418,5263600000.0,1960800000.0,3589200000.0,2094700000.0,3288000000.0,460000000.0,1706500000.0,2490375000.0,2953975000.0,28.541484716157207,1.713467322289588,0.2057337183676571,0.5522745818033455,0.014237027629933936,28.541484716157207,0.015962872297021626,0.3039155266465714,19.89117412140575,1.270081089351285,0.13099041533546327,17.310652173913045,0.0016463384028509761,1.5567862299566837,1.350264954408746,0.005946500493958507,19.609251968503937,0.028239141842500273,14.000000000000002,-0.30309214336014517,-0.10662006435752003,0.4677474914206315,0.04093567251461988,13.227272727272727,2.1049382716049383,-0.3649637043041914,-0.20068878393146558,0.1684684728032843,Oil & Gas Refining & Marketing,Energy,INT
2016Q4,2016,Q4,2017-02-21,2016-12-31,2200000.0,7792200000.0,16200000.0,0.03,222300000.0,0.0285285285,5412600000.0,1925000000.0,3836600000.0,2182700000.0,3472600000.0,458000000.0,1679300000.0,3172381000.0,3659981000.0,27.85817655571635,1.7577312502863427,0.21915530428999003,0.6162077922077922,0.005727693494471587,27.85817655571635,0.001142857142857143,0.4071226354559688,360.49784090909094,1.6479901298701298,1.8636363636363635,16.52816593886463,0.0012924046638786452,1.4396408380445627,1.3939616071837633,0.00040645900306691794,-142.25923766816143,0.028528528528528527,-0.9508196721311475,-0.954847421903063,-0.1413259026203997,0.48382047119364285,-0.060836501901140684,-0.9484777517564403,-0.7216494845360825,-0.9564931334805309,-0.2319015734898112,0.1794679081423228,Oil & Gas Refining & Marketing,Energy,INT
2016Q3,2016,Q3,2016-10-28,2016-09-30,42700000.0,7399800000.0,58200000.0,0.61,236700000.0,0.031987351,5152500000.0,1961600000.0,3752500000.0,1948200000.0,3175700000.0,484500000.0,1681200000.0,3196566000.0,3463166000.0,28.387843704775687,1.926136946925367,0.22103833090732655,0.580597471451876,0.016676862302934345,28.387843704775687,0.02176794453507341,0.4319800535149599,18.715257611241217,1.6295707585644372,0.09836065573770492,14.784520123839009,0.0013139099896576514,1.4361572052401748,1.5064675084693564,0.008287239204269771,233.32598540145986,0.03198735100948674,0.41860465116279066,-0.16747885541151272,-0.201251026940639,0.5683572746986286,0.08329519450800915,0.42333333333333334,0.27631578947368424,-0.14315835577726338,-0.27165576637020017,0.23560971735231453,Oil & Gas Refining & Marketing,Energy,INT
2016Q2,2016,Q2,2016-07-29,2016-06-30,30000000.0,6633000000.0,45600000.0,0.43,218500000.0,0.0329413538,4748500000.0,1935800000.0,3514800000.0,1911700000.0,2795200000.0,373500000.0,1642700000.0,3300555000.0,3359855000.0,27.85323741007194,1.838572997855312,0.16773718016215647,0.4114577952267796,0.013478028130206272,27.85323741007194,0.01549746874677136,0.4975961103573044,27.504625,1.7050082653166652,0.13666666666666666,17.174029451137883,0.0012422153243924127,1.3968621670001053,1.4478736203379192,0.006317784563546383,61.924108818011256,0.03294135383687623,-0.4266666666666667,-0.3907670111147304,-0.22348822550659458,0.5874055934309023,-0.023681858802502235,-0.42748091603053434,-0.2796208530805687,-0.3948914884087712,-0.3486963133888971,0.23955014612276868,Oil & Gas Refining & Marketing,Energy,INT
2016Q1,2016,Q1,2016-04-29,2016-03-31,52400000.0,5192600000.0,63300000.0,0.75,223800000.0,0.0430997959,4419700000.0,1962000000.0,3110600000.0,1555000000.0,2446500000.0,333700000.0,1636800000.0,3376310000.0,3491910000.0,28.230215827338128,2.000385852090032,0.18220693712242914,0.41044852191641185,0.020951399959104586,28.230215827338128,0.02670744138634047,0.6502156915610676,16.10834923664122,1.7208511722731907,0.08015267175572519,14.890020976925381,0.0012439616030518526,1.1748761228137656,1.5195498392282958,0.011856008326356993,27.140755627009646,0.04309979586334399,0.013513513513513526,0.28328005332725714,-0.26156016133833376,0.6542121001862924,-0.017990346643264588,0.011583011583011582,-0.06774668630338733,0.1030902990280941,-0.47700580582716623,0.2856993528297423,Oil & Gas Refining & Marketing,Energy,INT
2015Q4,2015,Q4,2016-02-16,2015-12-31,51800000.0,6731900000.0,67900000.0,0.74,227900000.0,0.0338537411,4549400000.0,1911400000.0,3254600000.0,1762800000.0,2628000000.0,359100000.0,1588600000.0,2672970000.0,2862670000.0,27.502158273381294,1.8462673020195144,0.1697366685716798,0.40399707021031706,0.021361383900754795,27.502158273381294,0.027100554567332846,0.39706026530400035,12.900434362934364,1.3984357015799938,0.08108108108108109,18.111946532999166,0.0015712858730176544,1.4797335912428013,1.3586907193101883,0.011386116850573702,24.81866295264624,0.03385374114291656,0.042253521126760604,0.3226046705116251,0.16275250865433535,0.7071614239683264,0.00529333921482135,0.04435483870967742,0.022590361445783132,0.23939912035261138,-0.3055762261515762,0.2912386701390193,Oil & Gas Refining & Marketing,Energy,INT
2015Q3,2015,Q3,2015-10-28,2015-09-30,49600000.0,7810700000.0,66400000.0,0.71,226700000.0,0.0290242872,4972900000.0,1864900000.0,3700700000.0,2106000000.0,3097100000.0,414000000.0,1541000000.0,2506000000.0,2780800000.0,26.64142857142857,1.7572174738841406,0.17784391401395563,0.4742345434071532,0.01943324285073889,26.64142857142857,0.026596600353906374,0.32084192197882394,12.631048387096774,1.3437717840098664,0.0846774193548387,18.318840579710145,0.0016759776536312849,1.5706529389289952,1.2576923076923077,0.009974059401958616,18.856282919488336,0.029024287195769907,0.6904761904761905,0.1662559418543637,0.3535452056370414,0.5142204097585277,0.19065126050420167,0.6588628762541806,0.5961538461538461,-0.020048493860588525,-0.1982803491254345,0.2888906245238621,Oil & Gas Refining & Marketing,Energy,INT
2015Q2,2015,Q2,2015-07-30,2015-06-30,29900000.0,8496400000.0,41600000.0,0.42,190400000.0,0.0224094911,5102500000.0,1890600000.0,3882500000.0,2316100000.0,3202400000.0,450800000.0,1495500000.0,3390065000.0,3674165000.0,26.741159830268742,1.6763093130693838,0.15165115139637433,0.4092880567015762,0.01319693167764028,26.741159830268742,0.015815085158150853,0.3990001647756697,28.345025083612043,1.7931159420289855,0.14381270903010032,18.425022182786158,0.0012684122575820815,1.6651445369916706,1.22961012046112,0.005859872611464968,54.59041867954912,0.022409491078574456,-0.46153846153846156,-0.32042384694274006,0.6238650668127476,0.9847980168273188,-0.11606313834726091,-0.46223021582733814,-0.41818181818181815,-0.3806576504211268,-0.11077830637431976,0.34200000888418924,Oil & Gas Refining & Marketing,Energy,INT
2015Q1,2015,Q1,2015-04-30,2015-03-31,55600000.0,7340700000.0,71500000.0,0.78,215400000.0,0.0293432506,4788000000.0,1871500000.0,3595600000.0,2112800000.0,2905800000.0,421900000.0,1469900000.0,4063836000.0,4373636000.0,26.47100424328147,1.701817493373722,0.14636591478696742,0.3744589901148811,0.023529752126637188,26.47100424328147,0.029708789740849586,0.553603334831828,18.272643884892087,2.1714325407427197,0.046762589928057555,16.88859919412183,0.000639789597808573,1.5331453634085213,1.2274233244982962,0.011612364243943192,43.324477611940296,0.029343250643671586,-0.17021276595744672,0.3842586423773926,0.5721056506138951,1.0503804145875126,-0.01852678774844395,-0.17180564244645039,0.008050303824951713,0.20293770562941385,-0.2223232169677703,0.3612729141405493,Oil & Gas Refining & Marketing,Energy,INT
2014Q4,2014,Q4,2015-02-12,2014-12-31,67134000.0,9779555000.0,70929000.0,0.94,219466000.0,0.0224413074,4879980000.0,1855358000.0,3674843000.0,2241354000.0,3015099000.0,437566000.0,1418450000.0,3318326440.0,3705930440.0,26.239718277988345,1.6395638529210468,0.14136697281546237,0.371824736789342,0.022450457049773255,26.239718277988345,0.03618385238859562,0.3393126210752943,12.357100872881103,1.788510055741264,0.039428605475615934,21.84833602245147,0.0007976912602968622,2.004015385308956,1.1645264424985968,0.013757023594358993,-3471.052761506276,0.022441307401001375,0.205128205128205,0.6328573592274499,1.3143828544495626,1.1236022530369263,0.022636621188399313,0.20614444843693855,-0.04283227399700417,0.3465171524696943,0.05316607002783938,0.3976159229719522,Oil & Gas Refining & Marketing,Energy,INT
2014Q3,2014,Q3,2014-10-30,2014-09-30,55660000.0,11713463000.0,74103000.0,0.78,214608000.0,0.0183214819,5523665000.0,1808364000.0,4329377000.0,2847984000.0,3711955000.0,679512000.0,1353963000.0,2826176320.0,3204907320.0,25.543307531498954,1.5201549587357233,0.13890686708915187,0.42429234379804065,0.0230755608101328,25.543307531498954,0.030779201532434842,0.2412758993646883,12.693928853754942,1.5628359777124519,0.04757455982752425,16.92222506740131,0.0009369549880030132,2.1205961983574313,1.1325885257782347,0.010076642953546242,283.4396068598937,0.018321481870903593,0.14705882352941171,0.5997730330183855,2.0560855211679216,1.1640478230960565,0.12057478226362288,0.1541492141168664,0.23893198689226242,0.05920476637119596,0.2340846992412805,0.4112037745280099,Oil & Gas Refining & Marketing,Energy,INT
2014Q2,2014,Q2,2014-07-30,2014-06-30,48226000.0,11342475000.0,59812000.0,0.68,191516000.0,0.016884851,5538530000.0,1779892000.0,4407106000.0,2971910000.0,3753750000.0,702617000.0,1300949000.0,3487551660.0,3784492660.0,25.12481296406087,1.4829204114525676,0.12521950770330756,0.38964836068705294,0.019814714215538508,25.12481296406087,0.027094902387335862,0.3074771299914701,18.079208621905195,1.9594175714032085,0.05507402645875669,15.870608026848197,0.0007615657799317014,2.047921560414045,1.1165953881510544,0.008707364589521047,-4784.021481481482,0.016884850969475357,-0.042253521126760445,0.44444972744103334,2.7202601233186208,1.204849635965352,0.018528761061946904,-0.04930313245411714,-0.06985568549390396,-0.03919027625905518,0.30268637206334786,0.43190782622035095,Oil & Gas Refining & Marketing,Energy,INT
2014Q1,2014,Q1,2014-04-30,2014-03-31,50727000.0,10550896000.0,64304000.0,0.71,188032000.0,0.0178214248,5266966000.0,1727069000.0,4140107000.0,2714128000.0,3535122000.0,584842000.0,1255377000.0,3118090500.0,3400252500.0,24.426405487589278,1.5253912122051723,0.13834549150307787,0.42190613113894115,0.021397828871838748,24.426405487589278,0.029371727475856493,0.2955285029821164,15.367016086107991,1.8054232343930672,0.05212214402586394,17.719083102786737,0.000847954862118338,2.0032208296009504,1.185693895055797,0.009631161469430409,37.69406196733598,0.017821424834440602,-0.02739726027397263,0.6327653701097812,3.3556319571540283,1.249942524879029,-0.03859290315983229,-0.02188500250665227,-0.0026985948695679145,0.22113594083973737,0.4748717934851338,0.43131939793734925,Oil & Gas Refining & Marketing,Energy,INT
2013Q4,2013,Q4,2014-02-14,2013-12-31,51862000.0,10404653000.0,64478000.0,0.73,195580000.0,0.0187973592,4739277000.0,1673898000.0,3815501000.0,2514515000.0,3060383000.0,655046000.0,1207299000.0,3058749199.9999995,3230399199.9999995,23.6192747283759,1.5173904311567041,0.09784424923886069,0.2770246454682424,0.026485542687498573,23.6192747283759,0.030982771949067386,0.29397897267693596,14.744655046083835,1.8273211390419248,0.05127067988122325,15.585276453867362,0.0008693095857613955,2.1954093419734697,1.1257451238111524,0.010943019367722124,168.7585765517241,0.018797359219956688,0.013888888888888902,0.5013289630420656,1.9622181024905854,1.2840354303231503,0.04958114424630113,0.007576935032639105,0.0042832889428842886,0.29858961343493595,0.7623801872584675,0.4661363765555795,Oil & Gas Refining & Marketing,Energy,INT
2013Q3,2013,Q3,2013-10-30,2013-09-30,51472000.0,10493661000.0,64203000.0,0.72,186341000.0,0.0177574824,4656400000.0,1639732000.0,3775789000.0,2485646000.0,2994144000.0,614293000.0,1158082000.0,2662852010.0,2788274010.0,22.974765661122866,1.5190373045880226,0.09849776651490422,0.2797072936309104,0.02631159135412685,22.974765661122866,0.03139049551999961,0.25375815075406,12.93349787262978,1.6239556281148382,0.05202828722412185,16.77915913090333,0.0010056886338193462,2.2535995618933082,1.1457407852928374,0.011054033158663346,49.74225262921936,0.01775748235053524,0.014084507042253534,0.041563919528744775,0.5608470581008453,1.278291409919107,-0.01123327213490539,0.008938372275364592,-0.0659479748603352,0.18702398573462434,0.7835533140567549,0.3058180787947951,Oil & Gas Refining & Marketing,Energy,INT
2013Q2,2013,Q2,2013-07-31,2013-06-30,51016000.0,10479604000.0,68736000.0,0.71,188458000.0,0.0179833131,4529138000.0,1606996000.0,3684123000.0,2504576000.0,2896860000.0,551333000.0,1109269000.0,2854918720.0,2973789720.0,22.47044018121819,1.4709567607451322,0.07757568879552798,0.21863837868918157,0.02872942659456077,22.47044018121819,0.03174618978516437,0.2724262023641351,13.990310490826408,1.7765562079806048,0.05243453034342167,18.66593510636947,0.000936979389731978,2.313818656000325,1.1261215471201513,0.011263953538178788,213.5796154709359,0.017983313109922856,0.0441176470588234,0.98237106895429,0.4806711010543105,1.374809272695158,0.033331688407108276,0.04701898409440739,0.026814657683631855,0.14627691033000378,0.980049552505882,0.6678141633346855,Oil & Gas Refining & Marketing,Energy,INT
2013Q1,2013,Q1,2013-04-30,2013-03-31,48725000.0,10184029000.0,66941000.0,0.68,182379000.0,0.0179083347,4409257000.0,1565277000.0,3580948000.0,2497341000.0,2817144000.0,634057000.0,1060932000.0,2778093360.0,2895167360.0,21.957089552238806,1.4339043006141332,0.06274844038349318,0.17675721294058497,0.029297161377275952,21.957089552238806,0.031128675627380968,0.2727892232042937,14.253942329399694,1.7748253887331125,0.05473576192919446,15.774055013981393,0.0009600109335418447,2.3096927668312373,1.0627195084692078,0.011050614650041946,28.770345791779288,0.017908334707216565,0.13333333333333347,1.4546469134746038,0.7994095972549426,1.4685820945945547,0.1165810563436331,0.13747782239238024,0.2314159047846802,0.20308768962840637,1.1630515190947064,0.7007434234642246,Oil & Gas Refining & Marketing,Energy,INT
2012Q4,2012,Q4,2013-02-21,2012-12-31,42836000.0,9935813000.0,54361000.0,0.6,163337000.0,0.0164392184,4107751000.0,1517174000.0,3281377000.0,2149298000.0,2566127000.0,572313000.0,1014882000.0,2932621440.0,3140199440.0,21.299050988319856,1.5267203524127413,0.0925854561291568,0.25067526862442935,0.025787991462942243,21.299050988319856,0.028234072031289754,0.2951566660926489,17.11540199831917,1.9329499714600964,0.02953123540946867,17.07540454261916,0.00043135468586085217,2.4187963194458475,1.1011065008202678,0.010428090699752736,33.40001412252429,0.016439218411216074,-0.16666666666666666,0.8765185140858995,0.9035572053399509,1.4902454768736837,-0.09634748163229176,-0.16813609352545927,-0.23486938407836955,0.034208370628606447,1.334064933197048,0.7237499346281855,Oil & Gas Refining & Marketing,Energy,INT
2012Q3,2012,Q3,2012-11-01,2012-09-30,51494000.0,9911673000.0,71048000.0,0.72,180752000.0,0.0182362756,4178465000.0,1472038000.0,3527562000.0,2363776000.0,2684175000.0,591870000.0,974712000.0,2569473280.0,2717237280.0,20.67004605706583,1.4923419139546217,0.06872499829482837,0.1950798824486868,0.031611895571451866,20.67004605706583,0.03498143390320087,0.2592370914577186,12.47462461646017,1.7455210259517755,0.07903833456325009,16.440976903711963,0.0015839822237808988,2.372084724892993,1.0660282531001246,0.012323664312133761,26.75865700241606,0.018236275551059847,0.058823529411764594,1.7460581652281417,1.1717086812806536,1.5232085654833392,0.05013275390273235,0.05954732510288066,-0.018104425219049727,0.47130578322607064,1.5707408726931154,0.7511815225153651,Oil & Gas Refining & Marketing,Energy,INT
2012Q2,2012,Q2,2012-08-01,2012-06-30,48600000.0,9618797000.0,72358000.0,0.68,172123000.0,0.0178944415,3887894000.0,1418218000.0,3296845000.0,2087744000.0,2448826000.0,557390000.0,925887000.0,2706709190.0,2902025190.0,19.92634847484299,1.579142366113853,0.08539121694161415,0.23409095075651276,0.033949655110217185,19.92634847484299,0.03426835648680245,0.2813978910252498,13.923401183127572,1.9085283010087306,0.03627572016460905,16.948050736468183,0.0006513444467966652,2.4740378724317074,1.0831409406517274,0.012500340801472469,-24.31161361309214,0.01789444147745295,0.04615384615384619,1.255858653219543,1.3171011256500391,1.5003220218553615,0.09468629758005533,0.04707529893353442,0.22110841096260295,0.44888194401931875,2.14023230613938,0.7486539001791341,Oil & Gas Refining & Marketing,Energy,INT
2012Q1,2012,Q1,2012-05-01,2012-03-31,46415000.0,9479055000.0,59256000.0,0.65,157235000.0,0.016587624,3925804000.0,1380611000.0,3356633000.0,2210734000.0,2530228000.0,450285000.0,879973000.0,2910918000.0,2953988000.0,19.445773120369587,1.5183341822218321,0.07276547682971438,0.20691056351137285,0.03129732607293027,19.445773120369587,0.03361917296037769,0.3070894725265335,15.678756867392005,2.1084273557142454,0.07728105138425079,20.70204426085701,0.001232257315389853,2.41455126134672,1.1456276512687642,0.01182305586320662,64.91209526358041,0.016587623977284655,-0.08450704225352106,1.4690786875884776,1.7671617649702422,1.5343885204107295,-0.03112406492242091,-0.07284966641364708,-0.08014716155171611,0.48780826976777547,2.8970043287529283,0.7911711117257442,Oil & Gas Refining & Marketing,Energy,INT
2011Q4,2011,Q4,2012-02-23,2011-12-31,50062000.0,9323947000.0,64419000.0,0.71,162286000.0,0.0174052898,3697246000.0,1332961000.0,3122227000.0,2026142000.0,2350528000.0,472584000.0,836222000.0,2980496040.0,3062229040.0,18.77462745429449,1.5409714620199373,0.07766537579593027,0.21542115635791295,0.03519119889876388,18.77462745429449,0.037556987788840035,0.31966033697960744,14.884024010227318,2.2359964320036365,0.08890975190763453,19.386312274643238,0.0014933755791871478,2.521862759470157,1.1677246708276123,0.013540348681153485,42.19155799665921,0.01740528984130862,-0.04054054054054058,1.2868066556846338,1.8086460770104507,1.4684702060601058,-0.05010916199874742,-0.049245085936758144,-0.09173070144518858,0.4466088438328874,1.6497539292805388,0.8155474623955558,Oil & Gas Refining & Marketing,Energy,INT
2011Q3,2011,Q3,2011-11-01,2011-09-30,52655000.0,9510792000.0,70925000.0,0.74,170847000.0,0.0179634882,3616896000.0,1284022000.0,3040166000.0,1989542000.0,2321007000.0,427497000.0,788814000.0,2316158350.0,2457064350.0,18.100367921735575,1.5280732952609193,0.08094233287327034,0.22800232394772052,0.03755344325951049,18.100367921735575,0.04100786435123386,0.24352949260166767,10.996858560440604,1.8038307365450124,0.05042256195992783,21.84797788054653,0.0011462946823130639,2.6295453338995647,1.2105509710275029,0.014558063046324805,-26.447107688091624,0.01796348821423074,0.0571428571428572,1.39754458991107,1.683481979734918,1.4751154782101694,0.034796671148744414,0.04884170268709041,0.07294676489720588,0.07199120067181695,0.4232681263945754,0.7949220183885027,Oil & Gas Refining & Marketing,Energy,INT
2011Q2,2011,Q2,2011-08-02,2011-06-30,50203000.0,8708709000.0,66103000.0,0.7,165102000.0,0.0189582635,3362058000.0,1243267000.0,2793932000.0,1880755000.0,2107761000.0,429206000.0,738811000.0,2545856080.0,2578928080.0,17.54638986112679,1.4855374570318836,0.05437354144396081,0.1470376033466665,0.03805535120448185,17.54638986112679,0.040379902305779855,0.2923344987184668,12.677808497500148,2.047714674321767,0.05370197000179272,19.905609427640808,0.0010589758082475739,2.5902911252572087,1.177736600460985,0.014932223060994189,1259.7011776348343,0.018958263503809806,0.20689655172413793,1.6493223058092554,1.3330766623145887,1.4518115887752443,0.20716834347215723,0.22121676518523925,0.1905087798289059,0.9689505145663445,0.24192134421186837,0.8544064561475443,Oil & Gas Refining & Marketing,Energy,INT
2011Q1,2011,Q1,2011-05-03,2011-03-31,41109000.0,7079406000.0,55525000.0,0.58,136768000.0,0.019319135,3037783000.0,1194084000.0,2511286000.0,1719096000.0,1843016000.0,312379000.0,691260000.0,2841481700.0,2829641700.0,17.06565671001858,1.4608177786464513,0.02683996849017853,0.06828162842815079,0.034821835543855845,17.06565671001858,0.03442722622529068,0.4013728976696632,17.280167968084847,2.3796330073931147,0.06319783988907539,22.22504713825193,0.000914311712794068,2.330451516780494,1.1871547604089592,0.013532566348550901,-19.314828636295662,0.01931913496697322,0.035714285714285546,1.1152875811396803,1.1531560883067093,1.4958576163864081,0.10611660614491253,0.04258179051483642,0.14272484050216094,1.1099815202243952,0.27441766144254665,0.9186502148484336,Oil & Gas Refining & Marketing,Energy,INT
2010Q4,2010,Q4,2011-02-24,2010-12-31,39430000.0,5828777000.0,48590000.0,0.56,123647000.0,0.0212131979,2566450000.0,1127208000.0,2067867000.0,1358484000.0,1439886000.0,211526000.0,652796000.0,2530115199.9999995,2298864199.9999995,16.10987566099757,1.5221872322382892,0.016225525531376024,0.03694260509151816,0.03448237056922994,16.10987566099757,0.034980234348940036,0.4340730825694652,16.041815876236367,2.2445859149331797,0.06938879026122242,26.97129430897384,0.0010813736860677333,2.2711437978530653,1.262229072996075,0.015363634592530538,-346.06964847490076,0.021213197897260436,-0.06666666666666654,1.5387442929652753,0.7726110883385019,1.4586062847426327,0.10293737233179016,0.07277921371242008,0.07769423558897243,0.7584660386718413,0.13685016237750092,0.883536736908918,Oil & Gas Refining & Marketing,Energy,INT
2010Q3,2010,Q3,2010-11-02,2010-09-30,36755000.0,4987074000.0,45087000.0,0.6,112107000.0,0.022479514,2269015000.0,1064376000.0,1929016000.0,1144039000.0,1204581000.0,219908000.0,615968000.0,1573500960.0,1165801960.0,17.594154985453585,1.6861453149761503,0.007567160199469814,0.016131517433688847,0.0345494963295988,17.594154985453585,0.03453196990537179,0.31551586361060613,10.702632022854035,1.4783318676858554,0.06061760304720446,22.1682112519781,0.001415950836153287,2.19790261412992,1.3970939801877384,0.016198658889429996,-26.012149906597674,0.02247951403969542,-0.016393442622950834,1.61003405023028,0.6410420660120331,1.3613444761402371,0.04218687540090547,-0.0060037320496524865,0.0005103852298952601,1.3073870309145106,0.28632683896076094,1.1477321549829045,Oil & Gas Refining & Marketing,Energy,INT
2010Q2,2010,Q2,2010-08-03,2010-06-30,36977000.0,4397275000.0,45064000.0,0.61,107569000.0,0.0244626502,1943443000.0,800538000.0,1655210000.0,1088131000.0,1142466000.0,140693000.0,581441000.0,1541302920.0,1254903920.0,13.472987983439362,1.521149567469358,0.0056533687893084595,0.013724520260125066,0.045908666430254846,13.472987983439362,0.04619018709917581,0.3505131973779215,10.42068664304838,1.925333862977148,0.06033480271520134,30.48983247212015,0.0014474766582548225,2.2626210287618416,1.3173367912503182,0.019026542069924355,390.7968864097363,0.024462650164022038,0.08928571428571416,1.9210320277452748,0.5689126376213343,1.9293870273550695,0.08855674067477586,0.09714268759457614,0.06976854599406528,1.0559120450553876,0.2688348492504952,0.6905660662170836,Oil & Gas Refining & Marketing,Energy,INT
2010Q1,2010,Q1,2010-05-04,2010-03-31,33703000.0,3918021000.0,42125000.0,0.56,98818000.0,0.0252214064,1846892000.0,765890000.0,1559521000.0,1024251000.0,1080637000.0,121923000.0,546697000.0,1580391360.0,1293851360.0,12.910289258984559,1.5225965119877842,0.008955585924894363,0.021595790518220633,0.04387902508919582,12.910289258984559,0.04400501377482406,0.4033646986578173,11.722927929264458,2.063470420034209,0.06604753286057621,31.324713138620275,0.0014085118764506533,2.121413163303539,1.3314597691386194,0.01824849530995857,100.82241531100479,0.025221406419210106,-0.034482758620689495,2.4493395297119878,0.6680579500884618,1.9591705299026185,-0.030777982659186316,-0.022959849253515,-0.04021417179311916,1.1456596047434404,0.3688376850954782,0.6826118812873684,Oil & Gas Refining & Marketing,Energy,INT
2009Q4,2009,Q4,2010-02-25,2009-12-31,34495000.0,3545241000.0,43890000.0,0.58,101956000.0,0.0287585527,1741228000.0,733021000.0,1463978000.0,947742000.0,1007979000.0,126793000.0,515218000.0,1589289960.0,1307055960.0,12.356230193513586,1.544700984023078,0.00953867040961896,0.022658286733940772,0.04718719169455073,12.356230193513586,0.04705867908286393,0.44828827151666134,11.518263226554572,2.168137011081538,0.06458907087983766,27.156743668814524,0.001401883895371742,2.036057885584197,1.327725267003045,0.0198107312770068,-39.24851110068407,0.028758552662569343,0.18367346938775503,1.9709746915106738,0.49984992031653314,1.9379173661601086,0.07625723092513617,0.18653687396807925,0.07381400924815894,0.8857889630470137,0.2780818633085271,0.6245854233944769,Oil & Gas Refining & Marketing,Energy,INT
2009Q3,2009,Q3,2009-11-03,2009-09-30,29072000.0,3202653000.0,40873000.0,0.49,94732000.0,0.029579227,1670416000.0,698247000.0,1392661000.0,915938000.0,972146000.0,101462000.0,482951000.0,1421814460.0,1093977460.0,11.803485698830212,1.520475185001605,0.012372367122920279,0.029598408586073408,0.041844369684176506,11.803485698830212,0.041635696250753675,0.4439489573175739,12.226665348101266,2.0362628983726387,0.08227848101265822,30.63137923557588,0.0016823573449942268,1.9172786898592926,1.354263061473593,0.01740404785394776,-247.14313575525813,0.02957922697213841,0.04255319148936174,2.151689781263861,0.5315814273014728,1.956247322087132,0.03455355582736327,0.047941748972676806,0.13136988955628753,0.5874068413504094,0.0836228335046644,0.6140550444239656,Oil & Gas Refining & Marketing,Energy,INT
2009Q2,2009,Q2,2009-08-06,2009-06-30,27742000.0,2533340000.0,36127000.0,0.47,91568000.0,0.036145168,1570467000.0,670770000.0,1286446000.0,846385000.0,899752000.0,73255000.0,456103000.0,1213481360.0,880920360.0,11.395250067953247,1.5199300554712099,0.012894253747452192,0.030189185562860592,0.04107516233106785,11.395250067953247,0.04135843880912981,0.47900453946173827,10.935417057169634,1.8090871088450586,0.07951841972460529,33.33249607535322,0.0018179100831017298,1.6131125327689153,1.379497509998405,0.01766480925737376,41.315629702768035,0.03614516803903148,0.06818181818181812,2.035583749082641,0.38181082096013785,1.9333663510140713,0.04846854067670464,0.07402245451025939,0.09128530433469265,0.7622590695869187,-0.18304982118693677,0.5922937079779144,Oil & Gas Refining & Marketing,Energy,INT
2009Q1,2009,Q1,2009-05-07,2009-03-31,25830000.0,2013943000.0,33105000.0,0.44,87335000.0,0.0433651797,1364512000.0,638186000.0,1127616000.0,681252000.0,726582000.0,45760000.0,430577000.0,929668960.0,563503960.0,10.856457539466522,1.655211287453101,0.014776711381065172,0.0315942374166779,0.04089279342837419,10.856457539466522,0.040474093759499584,0.46161632181248424,8.997957413859853,1.4567366880501922,0.053116531165311655,42.10244755244755,0.001475794136441858,1.4759437806336624,1.5230619506438146,0.01892984451584156,10.528169597861908,0.043365179650069544,-0.10204081632653059,2.1896365832478324,0.623957441557369,1.9812887649916642,-0.15575125426546926,-0.09852371479426238,-0.19805721760616263,0.5820115601594004,-0.2709142524316244,0.5877603011284095,Oil & Gas Refining & Marketing,Energy,INT
2008Q4,2008,Q4,2009-02-26,2008-12-31,28653000.0,2913448000.0,41281000.0,0.49,103447000.0,0.0355067261,1404626000.0,607887000.0,1172150000.0,751046000.0,796739000.0,28726000.0,406953000.0,1087504000.0,806529000.0,10.341028170930866,1.5606900243127584,0.023762197196976278,0.05490658625698526,0.051987179389767074,10.341028170930866,0.04713540509996101,0.3732704342071662,9.488570132272361,1.7889903880161937,0.0622622413010854,97.82082434031888,0.0016404537362621195,2.0741806003875767,1.3295483898456286,0.020399024366628556,5.593465827264124,0.03550672605105703,-0.28985507246376807,2.7425230088604264,2.0359329564868336,2.0121461766667252,-0.16443600823876256,-0.2851939628289884,-0.3155879037071424,1.1959124556764804,0.054620069729444706,0.5781944806256113,Oil & Gas Refining & Marketing,Energy,INT
2008Q3,2008,Q3,2008-11-06,2008-09-30,40085000.0,5453351000.0,60316000.0,0.69,123805000.0,0.0227025548,1928302000.0,583795000.0,1688219000.0,1255458000.0,1344507000.0,78001000.0,379390000.0,666626380.0,576435380.0,10.08420852622124,1.3447036858262085,0.03569720925456697,0.1179095401639274,0.06745536364352875,10.08420852622124,0.06866280115451485,0.12224160520751369,4.157580017462891,1.1418843600921558,0.027217163527504053,68.32663683798926,0.0016365988996715072,2.8280585717382443,1.177602914633544,0.020787718936141744,2.3288664605495293,0.022702554814461786,0.9166666666666666,4.320571565896503,5.1408849835743915,1.9961703106351316,0.31257818960581835,0.9507981312049835,1.0225336999530548,1.9745395007626598,0.8751907819229789,0.3534205035323505,Oil & Gas Refining & Marketing,Energy,INT
2008Q2,2008,Q2,2008-08-07,2008-06-30,20548000.0,5651118000.0,29822000.0,0.36,94322000.0,0.0166908566,2576652000.0,540299000.0,2321104000.0,1735021000.0,2036353000.0,134785000.0,340405000.0,626408940.0,822656940.0,9.46199782844734,1.3377959114039542,0.09740430605297107,0.46451501853603283,0.02863868942699897,9.46199782844734,0.038030794060325855,0.11084690498411111,7.621288446564143,1.1593746055424867,0.051829861787035234,41.227109841599585,0.0017001673060413219,2.193201875922709,1.210780157704143,0.007974689636008277,-7.395182574818488,0.01669085657032821,0.28571428571428553,1.8031462668506866,5.496381566698855,1.9110670676353607,0.27792003685187444,0.30438646606995495,0.3360512521840419,0.6890438022307749,1.0980518656918121,1.0572907602668038,Oil & Gas Refining & Marketing,Energy,INT
2008Q1,2008,Q1,2008-05-08,2008-03-31,15753000.0,4491486000.0,22321000.0,0.28,73809000.0,0.0164330914,2122206000.0,503204000.0,1986071000.0,1495638000.0,1619002000.0,118140000.0,320946000.0,794016090.0,801559090.0,8.894615901297415,1.3279088923924105,0.03937365175670976,0.16605392643937647,0.030087092888457734,8.894615901297415,0.03130539502865637,0.17678249247576414,12.601029803846886,1.5779208631091963,0.06887576969466133,37.393575418994416,0.001366471049723942,2.116423193601375,1.1483139636730277,0.007422936321921623,-85.35054176072235,0.016433091408945725,-0.12499999999999993,1.237744215188396,4.10807297540634,1.8416162363872361,-0.00043336357849974944,-0.13110865968008825,-0.0909424126415248,0.6906129768663627,1.0051550732979946,1.0387370663755948,Oil & Gas Refining & Marketing,Energy,INT
2007Q4,2007,Q4,2008-02-28,2007-12-31,18130000.0,4145522000.0,24554000.0,0.32,73841000.0,0.0178122321,1798046000.0,483877000.0,1665308000.0,1231111000.0,1314169000.0,103029000.0,303757000.0,821171610.0,830264610.0,8.552992540743098,1.3526871256937838,0.02516287125023498,0.09350310099467427,0.03371101731526585,8.552992540743098,0.03746819956311211,0.19808641951484035,11.323381274131275,1.6970668372334292,0.05868725868725869,39.51975657339196,0.001295709675106766,2.3055706027543232,1.2195797129584578,0.010083168061328798,-14.928764316620006,0.017812232090433967,0.23076923076923075,1.4605626754615781,3.4885532140834146,1.4913251714253142,0.18572460859092735,0.22285174693106705,0.1002374871174441,0.6373975912424326,0.8390553718316116,1.0336287787255676,Oil & Gas Refining & Marketing,Energy,INT
2007Q3,2007,Q3,2007-11-08,2007-09-30,14826000.0,3608465000.0,22317000.0,0.26,62275000.0,0.0172580308,1575266000.0,461257000.0,1482167000.0,1066021000.0,1114009000.0,113938000.0,286714000.0,1183552120.0,1069274120.0,8.19196888431073,1.390373172761137,0.012807360788590625,0.043739173606037414,0.03479656137949805,8.19196888431073,0.03214260162989396,0.32799323812202696,19.957374207473354,2.5659277149181476,0.07169836773236207,31.123856834418717,0.0008981438012210228,2.290702014770839,1.239352695678603,0.009411743794381394,-16.06515528287545,0.01725803076931604,-0.10344827586206887,13.759526437365988,4.255449478920353,1.8075179544747288,0.07392908877698834,-0.12726630562750177,0.011374966011057737,0.6886384494054515,0.8129959183566627,1.0517232531797611,Oil & Gas Refining & Marketing,Energy,INT
2007Q2,2007,Q2,2007-08-09,2007-06-30,16988000.0,3273359000.0,22066000.0,0.29,57988000.0,0.017715136,1498786000.0,447265000.0,1406583000.0,1004392000.0,1051521000.0,85246000.0,272950000.0,1180245660.0,979725660.0,7.969512847011867,1.4004323013325475,0.01338883603129466,0.044866019026751476,0.03421021056581317,7.969512847011867,0.03798195700535477,0.36056102004088153,17.368814162938545,2.6388062110829154,0.06257358135154227,37.718731670694225,0.0009006599524373595,2.1840069229362964,1.26439975627046,0.011334506727444744,39.07968808979835,0.017715136042212296,0.11538461538461527,1.850277335788612,4.272983633665712,1.7364447727085472,0.13328642901813634,0.14559309461190909,0.3017521090201168,0.9496799931712168,0.8726877877350663,1.0515127513649993,Oil & Gas Refining & Marketing,Energy,INT
2007Q1,2007,Q1,2007-05-10,2007-03-31,14829000.0,2702209000.0,16951000.0,0.26,51168000.0,0.018935619,1321826000.0,429721000.0,1234643000.0,843857000.0,892105000.0,65827000.0,257026000.0,1295418780.0,1150942780.0,7.672767203513909,1.4630950504647113,0.015182785026168346,0.046702395275073826,0.03164992066886411,7.672767203513909,0.0345084368695037,0.479392519231488,21.839280801132915,3.0145577712050375,0.07168386270146335,40.27285156546706,0.0008205840585389692,2.0443000818564623,1.3336513176995628,0.011218571884650476,326.3841723356009,0.018935618969517162,-0.16129032258064513,1.4485046909676462,4.681310693399393,1.7256876356388267,-0.11352887164117045,-0.1412936475765823,-0.10012210012210013,0.9219993716542509,1.2870253772560545,1.107016453302186,Oil & Gas Refining & Marketing,Energy,INT
