Quarters,Year,Quarter,FillingDate,Date,NetIncome,Revenue,OperatingIncome,EPSDiluted,GrossProfit,GrossProfitRatio,TotalAssets,CommonStockEquity,CurrentAssets,CurrentLiability,TotalLiability,Inventory,RetainedEarnings,MarketCap,EnterpriseValue,bookValuePerShare,currentRatio,debtToAssets,debtToEquity,roic,shareholdersEquityPerShare,roe,priceToSalesRatio,peRatio,pbRatio,payoutRatio,inventoryTurnover,dividendYield,assetTurnover,quickRatio,returnOnAssets,priceToFreeCashFlowsRatio,grossProfitMargin,epsdilutedGrowth,fiveYNetIncomeGrowthPerShare,fiveYRevenueGrowthPerShare,fiveYShareholdersEquityGrowthPerShare,grossProfitGrowth,netIncomeGrowth,operatingIncomeGrowth,threeYNetIncomeGrowthPerShare,threeYRevenueGrowthPerShare,threeYShareholdersEquityGrowthPerShare,Industry,Sector,Symbol
2023Q1,2023,Q1,2023-05-04,2023-03-31,397000000.0,4690900000.0,704800000.0,0.77,2667200000.0,0.5685902492,94517900000.0,23738200000.0,7798200000.0,12621700000.0,70550100000.0,1457200000.0,12313800000.0,46784933201.52,89860033201.51999,46.16740198594161,0.6178407029164059,0.4593690718900864,1.8290603331339361,0.010117140675647405,46.16740198594161,0.016724098710095964,9.973551600230232,29.46154483722922,1.9708711360389581,1.0876574307304785,1.3887592643425748,0.009229467062399722,0.049629752671187154,0.2363469263252969,0.004200262595762284,-34.05016972454148,0.5685902492059093,0.02666666666666669,-0.16354821353331997,0.1093592662840831,0.22958059614403903,0.01785986872233247,0.03304709862086911,-0.05800588078053996,-0.2288322045338473,0.20407502232028923,0.1574305302057492,Utilities—Regulated Electric,Utilities,AEP
2022Q4,2022,Q4,2023-02-23,2022-12-31,384300000.0,4881100000.0,748200000.0,0.75,2620400000.0,0.5368462027,93469400000.0,23893400000.0,9418700000.0,14567400000.0,69347000000.0,1302100000.0,12345600000.0,48599392772.700005,88490292772.70001,46.68120732723222,0.6465601274077736,0.43223022721874754,1.6908560522989613,0.015178525494824412,46.68120732723222,0.01608393949793667,9.956647635307617,31.615530036885247,2.034009089233847,1.1259432734842572,1.7361953766991782,0.008903403423654768,0.05222136870462419,0.23110507022529758,0.004111506011593099,-35.28855124361023,0.536846202700211,-0.4360902255639098,-0.07760647463280211,0.23200463155332238,0.25661052404440143,-0.15907705144250828,-0.43791136463361124,-0.1955703687775508,1.4192318612587034,0.3043819255411538,0.17604644335270203,Utilities—Regulated Electric,Utilities,AEP
2022Q3,2022,Q3,2022-10-27,2022-09-30,683700000.0,5526100000.0,930100000.0,1.33,3116100000.0,0.5638877328,91249400000.0,24278200000.0,9320000000.0,11836400000.0,66737100000.0,1134000000.0,12389800000.0,44411975444.200005,82273875444.20001,47.25865870652462,0.7874015748031497,0.4206504371535594,1.5810109480933512,0.015055019510074005,47.25865870652462,0.028161066306398332,8.03676651602396,16.23956978360392,1.8292944058538112,0.5982155916337575,2.125220458553792,0.00920922782446088,0.060560398205358065,0.27681558582001287,0.0074926520064789465,411.60310884337355,0.5638877327590887,0.303921568627451,0.20170424292855402,0.28892221274044216,0.2863802192122825,0.133621944121071,0.3035271687321258,-0.07397451214655516,-0.10398396307562445,0.23108562607035268,0.18369328902668888,Utilities—Regulated Electric,Utilities,AEP
2022Q2,2022,Q2,2022-07-27,2022-06-30,524500000.0,4639700000.0,1004400000.0,1.02,2748800000.0,0.5924520982,90861300000.0,24056000000.0,9371000000.0,12448000000.0,66564300000.0,1102300000.0,12108600000.0,49277031970.14,86934831970.14,46.83586952636512,0.7528116966580977,0.42078530683580356,1.5893373794479548,0.014794926197259002,46.83586952636512,0.02180329231792484,10.620736679125805,23.487622483384175,2.048429995433156,0.7715919923736893,1.7154132268892317,0.008212751130084961,0.05106354410513607,0.25821015424164523,0.005772534621450496,-412.015317476087,0.5924520981960041,-0.26086956521739124,0.3392133035249578,0.24213042885832062,0.2922642655138262,-0.02069899177028038,-0.2532744874715262,0.016496306041898594,0.09264375735147806,0.2476722380102956,0.20030800620719685,Utilities—Regulated Electric,Utilities,AEP
2022Q1,2022,Q1,2022-04-28,2022-03-31,702400000.0,4592600000.0,988100000.0,1.38,2806900000.0,0.6111788529,89831400000.0,23791300000.0,8268000000.0,13568600000.0,65793300000.0,966800000.0,11985100000.0,50488623166.189995,87715723166.19,47.013720163982086,0.6093480535943281,0.421931529509726,1.5931327838327456,0.014739099235924506,47.013720163982086,0.029523397208223175,10.99347279671428,17.970039566553957,2.1221464638834364,0.5677676537585421,1.847021100537857,0.007898809177015917,0.05112466242316161,0.21285910116003126,0.007819092210518816,-528.6766823684816,0.611178852937334,0.32692307692307676,0.1524799769913383,0.1345374556985144,0.30700976100368094,0.16160403906637974,0.3435348125478194,0.2790938511326861,0.1953829139798316,0.10357174945291159,0.2081648470495132,Utilities—Regulated Electric,Utilities,AEP
2021Q4,2021,Q4,2022-02-24,2021-12-31,522800000.0,4061400000.0,772500000.0,1.04,2416400000.0,0.5949672527,87668700000.0,22433200000.0,7809200000.0,12426700000.0,64988500000.0,989200000.0,11667100000.0,44594760509.6,80850260509.6,44.75597090762137,0.6284210611023039,0.41815265881665864,1.6341360126954692,0.014944474285970562,44.75597090762137,0.023304744753312054,10.980144903136848,21.32496198814078,1.9878911840308116,0.7589900535577658,1.6629599676506268,0.008897906289116186,0.046326682156801684,0.2162199135731932,0.0059633597851912945,-59.69847457777777,0.5949672526714926,-0.34177215189873417,0.3735101217200632,0.05122503380143333,0.26499108160482243,-0.16784902541497349,-0.34321608040201007,-0.30242008307747875,0.41589000605074106,0.05158729305071787,0.16029338535670784,Utilities—Regulated Electric,Utilities,AEP
2021Q3,2021,Q3,2021-10-28,2021-09-30,796000000.0,4623000000.0,1107400000.0,1.58,2903800000.0,0.628120268224097,86337100000.0,22278100000.0,5785100000.0,9954000000.0,63809900000.0,978500000.0,11523000000.0,40690150142.4,77228350142.4,44.44653439888557,0.5811834438416716,0.43910323603642004,1.7017115463167864,0.016657993937395543,44.44653439888557,0.03573015652142687,8.801676431408177,12.77956976834171,1.8264641123973768,0.47261306532663316,1.7569749616760348,0.009245480753534787,0.0535459263746408,0.388597548724131,0.009219674971709729,64.92763705505027,0.628120268224097,0.37391304347826104,2.0196608232308693,-0.025181990213412716,0.26165510605506137,0.19096054466409645,0.37668626772742997,0.36732929991356955,0.3554363079979679,0.04934527973310617,0.15221610623144752,Utilities—Regulated Electric,Utilities,AEP
2021Q2,2021,Q2,2021-07-22,2021-06-30,578200000.0,3826500000.0,809900000.0,1.15,2438200000.0,0.63718803083758,84358200000.0,21378700000.0,4605800000.0,10428600000.0,62728300000.0,1188400000.0,11098700000.0,42287948577.6,79032148577.6,42.76452970239198,0.44165084479220607,0.43928035448836034,1.7333560974240716,0.012286232366068081,42.76452970239198,0.027045610818244328,11.051338972324578,18.28430844759599,1.9780411614176727,0.6476997578692494,1.1682093571188152,0.008855950988324207,0.04536014281954807,0.2683006347927814,0.006854105469296405,-306.21251685445327,0.63718803083758,0.0,0.1320824137782325,-0.033685162970513785,0.14308754058034986,-0.0029850746268656717,0.005565217391304348,-0.0004936443292607676,0.07842506128056939,-0.06030783135060718,0.12537376473410095,Utilities—Regulated Electric,Utilities,AEP
2021Q1,2021,Q1,2021-04-22,2021-03-31,575000000.0,4281100000.0,810300000.0,1.15,2445500000.0,0.5712316927892364,82985100000.0,20972800000.0,4258400000.0,10220100000.0,61765100000.0,1271900000.0,10892700000.0,42100866384.5,78086766384.5,42.19381482025757,0.4166691128266847,0.43693506424647316,1.7288630988709186,0.01269040192436985,42.19381482025757,0.02741646322856271,9.834123562752563,18.304724515,2.0074032262978716,0.6469565217391304,1.4431952197499804,0.008835922676806404,0.05158877919048118,0.24640659093355252,0.0069289547159670836,-25.273662135010206,0.5712316927892364,0.32183908045977,0.13351302498007467,0.045724578456645903,0.14317361590613004,0.0738593948974663,0.3203214695752009,0.42108032269379164,0.25320747553473555,0.04731214252412643,0.12375168947305362,Utilities—Regulated Electric,Utilities,AEP
2020Q4,2020,Q4,2021-02-25,2020-12-31,435500000.0,3610600000.0,570200000.0,0.87,2277300000.0,0.6307261950922285,80757200000.0,20550900000.0,4351500000.0,9926700000.0,59982700000.0,1310000000.0,10687800000.0,41390072536.45,75428872536.45,41.345021598910556,0.43836320227265857,0.4263582689840658,1.6754254071597838,0.010663030504876037,41.345021598910556,0.021191286026402738,11.463488765426797,23.760087563978185,2.0140272463225455,0.8477611940298507,1.0177862595419847,0.008920013360084487,0.044709326227259,0.2640857485367746,0.005392708018603914,-64.02176726442381,0.6307261950922285,-0.42,-0.08273999204298393,-0.012955054795879781,0.13487746131704814,-0.13357936387155683,-0.4182473951375902,-0.39546225614927905,0.07637170248820847,-0.061569176334927096,0.11296584284626152,Utilities—Regulated Electric,Utilities,AEP
2020Q3,2020,Q3,2020-10-22,2020-09-30,748600000.0,4066400000.0,943200000.0,1.5,2628400000.0,0.6463702537871335,78689300000.0,20365900000.0,4338200000.0,9047200000.0,58054700000.0,1267300000.0,10621400000.0,40552625324.64,73534025324.64,41.04555484817496,0.47950747192501547,0.4243410476392597,1.6395592632783231,0.017276453735410462,41.04555484817496,0.03675752115055068,9.972610988746803,13.542821708736307,1.9912022215880467,0.4690088164573871,1.134695809989742,0.008657885825869568,0.05167665743627151,0.27294632593509593,0.009513364587053132,-135.08536084157228,0.6463702537871335,0.4285714285714285,0.4263162952392717,-0.0927150143092783,0.13785849632565678,0.14993218707616923,0.43740399385560674,0.30510585305105853,0.3623210106099498,-0.01799051517213554,0.11725959408144127,Utilities—Regulated Electric,Utilities,AEP
2020Q2,2020,Q2,2020-08-06,2020-06-30,520800000.0,3494000000.0,722700000.0,1.05,2285700000.0,0.6541785918717802,77804800000.0,20007400000.0,4273200000.0,10122000000.0,57526600000.0,1279800000.0,10221900000.0,39473968420.92,71902068420.92,40.36557254667996,0.4221695317131002,0.4212709241589208,1.6382388516248987,0.013121983468288101,40.36557254667996,0.026030368763557483,11.297644081545506,18.948717559965438,1.9729684227295903,0.6545698924731183,0.9441318956086888,0.008636071153650044,0.044907255079378136,0.2304485279589014,0.006693674426256478,-110.23169064764032,0.6541785918717802,0.050000000000000044,0.19785132488097523,-0.12338947986604781,0.13499516333579842,-0.02611844908393694,0.051696284329563816,-0.03845130388504524,0.3779724270814606,-0.030683755635017722,0.11374012026650955,Utilities—Regulated Electric,Utilities,AEP
2020Q1,2020,Q1,2020-05-06,2020-03-31,495200000.0,3747500000.0,751600000.0,1.0,2347000000.0,0.6262841894596397,77724000000.0,19728400000.0,5292000000.0,11654700000.0,57716300000.0,1195900000.0,10038800000.0,39557857582.62,71330657582.62,39.887838432717615,0.4540657417179335,0.42879162163553086,1.6893108412238194,0.012658530773076555,39.887838432717615,0.025100869812047608,10.55579922151301,19.970647002534328,2.005122441891892,0.7344507269789984,1.1710845388410402,0.009194127847808268,0.048215480417888944,0.29870352733232086,0.0063712624157274455,-33.571974524840876,0.6262841894596397,2.225806451612903,-0.22067564202830542,-0.21205945736126128,0.13270723058708556,0.08869097318860748,2.2260586319218243,1.5503902273498473,-0.16867332805173194,-0.052794849474798206,0.10890595330594938,Utilities—Regulated Electric,Utilities,AEP
2019Q4,2019,Q4,2020-02-20,2019-12-31,153500000.0,3616000000.0,294700000.0,0.31,2155800000.0,0.5961836283185841,75892300000.0,19632200000.0,4077800000.0,10299100000.0,55979100000.0,1169200000.0,9900900000.0,46744350089.19,77030050089.19,39.69333659489866,0.3959375091027371,0.40231354169000016,1.555225598761219,0.008615596105616368,39.69333659489866,0.00781878750216481,12.927087967143253,76.130863337443,2.3810041711672665,2.267100977198697,1.248888128634964,0.0074447499930152565,0.047646467428184416,0.20920274587099844,0.002022603083580284,-58.75358231421569,0.5961836283185841,-0.7905405405405405,-0.2044577076192806,-0.11091576174006074,0.15539700680633056,-0.1809892865283793,-0.7907293796864349,-0.6924441661448549,-0.5913104363100992,-0.05150021993038901,0.12189984427607901,Utilities—Regulated Electric,Utilities,AEP
2019Q3,2019,Q3,2019-10-24,2019-09-30,733500000.0,4315000000.0,958200000.0,1.48,2632200000.0,0.6100115874855156,73900700000.0,19716400000.0,4166400000.0,8611200000.0,53903000000.0,1051300000.0,10095300000.0,46267779095.46,75340079095.45999,39.92475005529838,0.483835005574136,0.3981166619531344,1.4922146030715546,0.018078767426915453,39.92475005529838,0.037202531902375685,10.722544402192351,15.769522527423314,2.3466646596467915,0.45521472392638035,1.6006848663559403,0.007216685272727166,0.05838916275488595,0.27549005945745075,0.009925481084752918,326.5192596715596,0.6100115874855156,0.5913978494623655,0.4729882200431996,-0.006983490959865341,0.15720447070862542,0.2634762156194499,0.5900715369607631,0.7390199637023593,1.9536688883256583,-0.07650344064165661,0.1333001649393453,Utilities—Regulated Electric,Utilities,AEP
2019Q2,2019,Q2,2019-07-25,2019-06-30,461300000.0,3573600000.0,551000000.0,0.93,2083300000.0,0.5829695545108574,72550000000.0,19259600000.0,4061300000.0,8357100000.0,53126800000.0,1034400000.0,9694200000.0,43499588501.11,72024288501.11,39.01987596863561,0.48597001352143687,0.39607443142660237,1.4919936031900973,0.012818805643643509,39.01987596863561,0.023951691623917422,12.172483910093463,23.574457241009103,2.2585925201515087,0.7251246477346629,1.440738592420727,0.007689727915275898,0.049257064093728466,0.2593483385384882,0.0063583735354927635,-101.11480358231056,0.5829695545108574,-0.1982758620689654,0.17013697018689367,-0.12579628857263647,0.14909093130990955,-0.12100755242394835,-0.1946578212290503,-0.3011161846778285,-0.08521375575882106,-0.08597287569379589,0.04299367642158716,Utilities—Regulated Electric,Utilities,AEP
2019Q1,2019,Q1,2019-04-26,2019-03-31,572800000.0,4056800000.0,788400000.0,1.16,2370100000.0,0.5842289489252613,70722000000.0,19196300000.0,3914800000.0,7990600000.0,51493500000.0,946600000.0,9565600000.0,40855857674.32,68001257674.32,38.91333229798513,0.489925662653618,0.38705211956675434,1.4259570854800143,0.015316207291902284,38.91333229798513,0.029839083573396957,10.070956831571682,17.831641792213684,2.128319398754968,0.5824022346368715,1.7818508345658144,0.008165291808564448,0.05736263114730918,0.28519760718844644,0.0080993184581884,-51.74902808653578,0.5842289489252613,0.5890410958904109,0.011573394908654524,-0.13682293101201667,0.15646528700704707,0.1080411407199626,0.5762245459548707,0.43059335873707133,0.1377587825168774,-0.0015322133303270035,0.05429421301548242,Utilities—Regulated Electric,Utilities,AEP
2018Q4,2018,Q4,2019-02-21,2018-12-31,363400000.0,3801100000.0,551100000.0,0.73,2139000000.0,0.5627318407829313,68802800000.0,19028400000.0,4113900000.0,8648800000.0,49743400000.0,921100000.0,9325300000.0,36869920340.24,61892520340.24,38.57297772482094,0.47566136342614,0.36708825803601014,1.3273160118559626,0.011708771851504032,38.57297772482094,0.01909776964957642,9.699802778206308,25.364557196092456,1.9376258823779193,0.9163456246560264,1.8044729128216264,0.009031752629976861,0.055246298115774355,0.26821061881417074,0.005281761788764411,-104.77385717601591,0.5627318407829313,-0.37606837606837606,0.03870265200400231,-0.003666102292864263,0.16994009056078554,-0.10554486911432634,-0.37084487534626037,-0.17574035297636853,-0.22878096595437206,0.047020929859108405,0.05878776556104939,Utilities—Regulated Electric,Utilities,AEP
2018Q3,2018,Q3,2018-10-25,2018-09-30,577600000.0,4333100000.0,668600000.0,1.17,2391400000.0,0.5518912556829983,67617400000.0,19016800000.0,4692400000.0,8426200000.0,48570600000.0,847900000.0,9293700000.0,34952618136.9,59180918136.9,38.57482477332904,0.5568821058128219,0.3699728176475286,1.315499978965967,0.017731949014679355,38.57482477332904,0.030373143746581968,8.066423146684821,15.1283838888937,1.8379863140433723,0.5337603878116344,2.2900106144592525,0.008820512351677686,0.0640826177877292,0.3643991360281028,0.008542179971427474,76.16608877075616,0.5518912556829983,0.09345794392523352,0.3175733247817721,0.024881673461674865,0.1916854074305776,0.007456713148249568,0.093111279333838,-0.11677675033025099,0.10763636275514848,-0.02694735331403719,0.06936530094336178,Utilities—Regulated Electric,Utilities,AEP
2018Q2,2018,Q2,2018-07-26,2018-06-30,528400000.0,4013200000.0,757000000.0,1.07,2373700000.0,0.5914731386424799,66870100000.0,18722300000.0,4570100000.0,9058300000.0,48118700000.0,915600000.0,9023100000.0,34118667683.5,58528667683.5,38.00029025245335,0.5045207158076018,0.3681944546217218,1.3150734685375194,0.015304436443456974,38.00029025245335,0.02822302815359224,8.501611602586465,16.14244307508516,1.8223545015035545,0.5830809992429977,1.7906290956749673,0.009030247102790566,0.060014864640549365,0.29199739465462615,0.0079018873906275,-300.87008539241623,0.5914731386424799,0.1630434782608696,0.5430210965594782,0.10583664467557334,0.18937221701382778,0.051379722726668735,0.16285211267605634,0.07223796033994334,0.22264957947797348,0.012935595907517302,0.06848839049697718,Utilities—Regulated Electric,Utilities,AEP
2018Q1,2018,Q1,2018-04-26,2018-03-31,454400000.0,4048300000.0,706000000.0,0.92,2257700000.0,0.5576908825926933,65609500000.0,18483300000.0,4135000000.0,9471400000.0,47097900000.0,922800000.0,8801500000.0,33764621103.18,57701021103.18,37.54727598233287,0.43657748590493484,0.3676266394348379,1.3049509557276027,0.013442538620541135,37.54727598233287,0.024584354525436475,8.340444409549688,18.576486082295336,1.82676367873594,0.6736355633802817,1.9403987863025574,0.009065702205412016,0.0617029546026109,0.23257385391811136,0.006925826290400019,-29.949105111921234,0.5576908825926933,0.13580246913580243,0.23540481193162321,0.04425199521610448,0.18289056099768228,0.008396980660145607,0.13401547292238583,-0.048773915386688224,-0.2815009103766833,-0.1447860442517381,0.06624155795698312,Utilities—Regulated Electric,Utilities,AEP
2017Q4,2017,Q4,2018-02-23,2017-12-31,400700000.0,3810400000.0,742200000.0,0.81,2238900000.0,0.5875761074952761,64729100000.0,18287000000.0,4253100000.0,8271300000.0,46415500000.0,953200000.0,8626700000.0,36216112765.14,58813412765.14,37.14850897236539,0.5141997025860505,0.35242109035966823,1.2474380707606496,0.012459452812479293,37.14850897236539,0.021911740580740417,9.50454355583141,22.595528303681057,1.9804294179001474,0.7908659845270776,1.6486571548468316,0.008750248875551153,0.05886687749404827,0.27411652340019105,0.006190415130134669,-45.17414589639516,0.5875761074952761,-0.26363636363636367,17.831184508633417,0.040830949993083815,0.184460516485231,-0.07145819508958196,-0.26436570589315217,-0.2476431829700963,1.0865294560042085,-0.058684211919217695,0.08132194861908583,Utilities—Regulated Electric,Utilities,AEP
2017Q3,2017,Q3,2017-10-27,2017-09-30,544700000.0,4104700000.0,986500000.0,1.1,2411200000.0,0.5874241722903014,63964900000.0,18069100000.0,4067800000.0,7322000000.0,45859400000.0,916500000.0,8532000000.0,34546892313.28,55983992313.28,36.73770631785955,0.5555585905490303,0.34051487612737613,1.2054280512034357,0.016592153489405893,36.73770631785955,0.03014538632250638,8.416423201032963,15.855926341692674,1.9119321002861236,0.5325867449972462,1.8477905073649754,0.008397282087468231,0.06417113135485243,0.3271647090958754,0.0085156077786411,328.7049696791627,0.5874241722903014,0.4473684210526317,0.10287768782783353,-0.026121408264085592,0.16405566581103728,0.150381679389313,0.45253333333333334,0.3246945078555123,0.09829109377444903,-0.05154218102062465,0.06482915824705858,Utilities—Regulated Electric,Utilities,AEP
2017Q2,2017,Q2,2017-07-27,2017-06-30,375000000.0,3576500000.0,744700000.0,0.76,2096000000.0,0.5860478121068083,62739100000.0,17824100000.0,3809000000.0,8392200000.0,44889600000.0,982200000.0,8276400000.0,34164703541.44,55395903541.44,36.24325981632123,0.4538738352279498,0.3411524870455585,1.2008236039968359,0.012414758775686107,36.24325981632123,0.021038930436880404,9.552552367241717,22.776469027626664,1.916770189879994,0.7826666666666666,1.507330482590104,0.008590737503224633,0.05700591815948906,0.2564047567979791,0.005977133876641521,-126.72367782433234,0.5860478121068083,-0.36666666666666664,0.020554370473714702,-0.007750230303783059,0.17011131019272138,-0.05827380150065148,-0.3667679837892604,-0.32121046395041475,-0.04530305041354095,-0.12189599757571473,0.06732274622091337,Utilities—Regulated Electric,Utilities,AEP
2017Q1,2017,Q1,2017-04-28,2017-03-31,592200000.0,3933300000.0,1097100000.0,1.2,2225700000.0,0.565860727633285,61728300000.0,17687100000.0,3616400000.0,7914500000.0,44016600000.0,955300000.0,8194300000.0,33008629379.46,53606029379.46,35.97044304235283,0.4569334765304188,0.33651339823063325,1.1744378671461122,0.017772419442624133,35.97044304235283,0.03348202927557372,8.392095537960492,13.934747289539008,1.8662544667842662,0.49206349206349204,1.7875013084894797,0.008827994541976561,0.06371955812811951,0.2730684187251248,0.009593654774228352,-58.661150487755464,0.565860727633285,0.5789473684210525,0.4979559634935188,0.06765098667986051,0.17148028737952545,0.08719226260257913,0.5859667916443492,0.9050182323320021,0.049230855764764846,-0.1603822127457042,0.06900556390795422,Utilities—Regulated Electric,Utilities,AEP
2016Q4,2016,Q4,2017-02-28,2016-12-31,373400000.0,3790100000.0,575900000.0,0.76,2047200000.0,0.5401440595234954,63467700000.0,17397000000.0,6033900000.0,9498000000.0,46047600000.0,967300000.0,7892400000.0,30958190164.32,52717090164.32,35.38046359255119,0.6352811118130133,0.346150876745179,1.2628269241823302,0.012462333352941394,35.38046359255119,0.02146347071334138,8.168172387092689,20.727229622603108,1.7795131438937748,0.7798607391537226,1.8018194975705573,0.009406234616893543,0.059716989901950124,0.2588860812802695,0.005883307572198142,-105.22838261155677,0.5401440595234954,1.4871794871794872,0.18139239037247715,0.08284867771207145,0.16735287182785585,-0.2450770705804263,1.4875946722381823,1.5105949108963561,0.07075199590746845,-0.0033227588999515953,0.07310934288892952,Utilities—Regulated Electric,Utilities,AEP
2016Q3,2016,Q3,2016-11-02,2016-09-30,-765800000.0,4652200000.0,-1127900000.0,-1.56,2711800000.0,0.5829070117363828,61442000000.0,17321900000.0,5949200000.0,7779400000.0,44099000000.0,1024800000.0,7809400000.0,31571916315.889996,52542716315.89,35.22875164977601,0.764737640434995,0.34476416783307834,1.222902799346492,-0.017466123904539374,35.22875164977601,-0.04420993078126533,6.786448629871888,-10.306841314928832,1.8226589644259579,-0.3613214938626273,1.8934426229508197,0.008764117997510914,0.07571693629764656,0.3324549451114482,-0.012463786986100713,57.866415534988995,0.5829070117363828,-2.5294117647058822,-1.8089050618613662,0.0535801822774931,0.160023754276758,0.1821788220933781,-2.525194184425413,-2.3021242207342416,-2.751451739805106,0.10323643545262348,0.08831574763394336,Utilities—Regulated Electric,Utilities,AEP
2016Q2,2016,Q2,2016-07-28,2016-06-30,502100000.0,3892900000.0,866200000.0,1.02,2293900000.0,0.5892522284158339,63317100000.0,18386200000.0,4438900000.0,7869900000.0,44912200000.0,1362000000.0,8851400000.0,34446399228.69,55803599228.69,37.4114214215652,0.5640351211578292,0.34120324525286216,1.1750116935527732,0.01639520568809246,37.4114214215652,0.027308524871914805,8.848518900739808,17.151164722510455,1.8734920336279384,0.5508862776339375,1.1740088105726871,0.008029866871241019,0.06148260106669446,0.33565864877571505,0.007929927302419093,-178.84942486339565,0.5892522284158339,0.0,0.3987573831024401,0.05774553253237499,0.29346653160874214,-0.027678874194642253,0.0017956903431763766,-0.029902564676895508,0.46988646794785355,0.07537005020181528,0.1709411939276671,Utilities—Regulated Electric,Utilities,AEP
2016Q1,2016,Q1,2016-04-28,2016-03-31,501200000.0,4044900000.0,892900000.0,1.02,2359200000.0,0.5832529852406735,62486500000.0,18126500000.0,4146300000.0,7221900000.0,44344800000.0,1351900000.0,8624800000.0,32609597228.800003,53422797228.8,36.90936725023424,0.5741286918954845,0.3361302041240908,1.1587234159931592,0.015288179300984943,36.90936725023424,0.027650125506854605,8.061904429973549,16.265760788507585,1.799001309066836,0.5516759776536313,1.246911753827946,0.008479098900240385,0.06473238219455402,0.3227682465833091,0.008020932521424627,-72.6109936067691,0.5832529852406735,0.07368421052631585,0.38709358439411634,0.06242166959542623,0.2888257900991263,0.21878390246422483,0.06842890641654231,0.9181525241675618,0.3658586284454115,0.04583732368514234,0.16279386428038858,Utilities—Regulated Electric,Utilities,AEP
2015Q4,2015,Q4,2016-02-24,2015-12-31,469100000.0,3614200000.0,465500000.0,0.95,1935700000.0,0.5355818715068341,61683100000.0,17891700000.0,4072400000.0,7108500000.0,43778200000.0,1339400000.0,8398300000.0,28616886001.84,48813186001.84,36.43126505563766,0.5728916086375466,0.33028009292658767,1.1386676503630175,0.008319291754442038,36.43126505563766,0.026218861259690248,7.917903270942394,15.250951823619697,1.5994503597668193,0.5883606906842891,1.2531730625653277,0.009644655256419369,0.05859303439677967,0.3100091439825561,0.007605000397191451,-80.49756962542898,0.5355818715068341,-0.10377358490566047,1.5965107758949721,0.031121526148480745,0.28679301353481806,-0.20472473294987675,-0.09614643545279383,-0.5151041666666667,21.097719243829907,-0.010432249874782386,0.16159157440507393,Utilities—Regulated Electric,Utilities,AEP
2015Q3,2015,Q3,2015-10-22,2015-09-30,519000000.0,4432000000.0,960000000.0,1.06,2434000000.0,0.549187725631769,61099000000.0,17699000000.0,4548000000.0,7058000000.0,43390000000.0,1105000000.0,8204000000.0,27898298102.94,47928298102.94,36.07263555241553,0.6443751771039955,0.33074191066956904,1.1417594214362394,0.016338798604734677,36.07263555241553,0.029323690603988924,6.29474235174639,13.438486562109828,1.5762640885326853,0.5028901734104047,1.8081447963800905,0.009355409388664289,0.07253801207875743,0.33238877869084726,0.00849441071048626,46.1128894263471,0.549187725631769,0.2045454545454546,-0.08760879728599712,0.06594445642277717,0.26681659541979164,0.08081705150976909,0.2069767441860465,0.18665018541409148,0.05339429359091174,0.054087777532646084,0.1429825104544646,Utilities—Regulated Electric,Utilities,AEP
2015Q2,2015,Q2,2015-07-23,2015-06-30,430000000.0,3942000000.0,809000000.0,0.88,2252000000.0,0.5712836123795028,60938000000.0,17434000000.0,4225000000.0,6650000000.0,43496000000.0,1160000000.0,7945000000.0,25966290321.54,46454290321.54,35.56453265231884,0.6353383458646616,0.33941054842626933,1.1863599862337961,0.013656093568276538,35.56453265231884,0.024664448778249397,6.587085317488585,15.096680419499998,1.4894052037134335,0.6093023255813953,1.456896551724138,0.01009000503174153,0.06468869999015393,0.37157894736842106,0.007056352358134497,-163.31000202226414,0.5712836123795028,-0.3178294573643411,2.089805613286873,0.14651292009305908,0.2839865019249087,-0.1420952380952381,-0.3163751987281399,-0.2802491103202847,0.1740153002627381,0.09718489356822377,0.14819864739254512,Utilities—Regulated Electric,Utilities,AEP
2015Q1,2015,Q1,2015-04-23,2015-03-31,629000000.0,4708000000.0,1124000000.0,1.29,2625000000.0,0.5575615972812235,60038000000.0,17241000000.0,4116000000.0,7128000000.0,42790000000.0,1192000000.0,7776000000.0,27539886712.5,47433886712.5,35.21460564178056,0.5774410774410774,0.33452146973583397,1.1648976277478105,0.01944586795114791,35.21460564178056,0.03648280262165768,5.849593609282073,10.945900919117648,1.597348570993562,0.4133545310015898,1.7474832214765101,0.009440852197913702,0.07841700256504214,0.3327721661054994,0.010476698091208901,215.15536494140625,0.5575615972812235,2.3076923076923075,0.781598793592461,0.2890455554523299,0.2644631794059928,0.24348649928943628,2.2931937172774868,1.25250501002004,0.5979107198666025,0.28345282267083355,0.14686428211675912,Utilities—Regulated Electric,Utilities,AEP
2014Q4,2014,Q4,2015-02-20,2014-12-31,191000000.0,4026000000.0,499000000.0,0.39,2111000000.0,0.5243417784401391,59633000000.0,16820000000.0,4478000000.0,7967000000.0,42809000000.0,1325000000.0,7406000000.0,29728389709.92,49595389709.92,34.35471648365809,0.5620685326973767,0.3358878473328526,1.190844233055886,0.007111355742727188,34.35471648365809,0.011355529131985731,7.384100772459016,38.911504855916235,1.7674429078430438,1.3717277486910995,1.4452830188679244,0.008813124510157165,0.06751295423674811,0.31065645788879126,0.0032029245551959485,-83.97850200542372,0.5243417784401391,-0.6138613861386139,-0.21906690899564826,0.19870841306006973,0.250860809157791,-0.13907014681892332,-0.6125760649087221,-0.46054054054054056,-0.3930897889501087,0.15521307032583298,0.13350908597120087,Utilities—Regulated Electric,Utilities,AEP
2014Q3,2014,Q3,2014-10-23,2014-09-30,493000000.0,4302000000.0,925000000.0,1.01,2452000000.0,0.5699674569967457,57925000000.0,16868000000.0,4111000000.0,7457000000.0,41053000000.0,1205000000.0,7470000000.0,25526142091.32,44672142091.32,34.50103336608272,0.5512940860936033,0.3338800172637031,1.1465496798672041,0.01624765226563467,34.50103336608272,0.029226938581930283,5.933552322482567,12.944291121359027,1.513288006362343,0.49898580121703856,1.5352697095435686,0.00963717897988395,0.07426845058264998,0.3174198739439453,0.008511005610703497,55.37124097900217,0.5699674569967457,0.26249999999999996,0.08318745649825224,0.18317474379562176,0.25958387902129465,0.1206581352833638,0.2641025641025641,0.20599739243807041,-0.47628393723087425,-0.020179760876385983,0.13606121072999877,Utilities—Regulated Electric,Utilities,AEP
2014Q2,2014,Q2,2014-07-25,2014-06-30,390000000.0,4044000000.0,767000000.0,0.8,2188000000.0,0.5410484668644906,57620000000.0,16581000000.0,4323000000.0,7600000000.0,41035000000.0,1219000000.0,7222000000.0,27232021193.52,46649021193.520004,33.95716988572418,0.5688157894736842,0.34028115237764667,1.1824980399252156,0.013378580809460638,33.95716988572418,0.023520897412701285,6.733932045875371,17.456423842,1.6423630175212596,0.6282051282051282,1.5225594749794913,0.008996761505837069,0.07018396390142312,0.32802631578947367,0.006768483165567512,344.7091290318987,0.5410484668644906,-0.30434782608695643,0.1935557437473136,0.22139180572852452,0.25816054575760183,-0.1419607843137255,-0.30357142857142855,-0.2632084534101825,0.09351643926653286,0.10592999630456502,0.17403886530807122,Utilities—Regulated Electric,Utilities,AEP
2014Q1,2014,Q1,2014-04-25,2014-03-31,560000000.0,4648000000.0,1041000000.0,1.15,2550000000.0,0.5486230636833046,57038000000.0,16416000000.0,4335000000.0,6519000000.0,40619000000.0,1214000000.0,7076000000.0,24715346728.739998,43842346728.74,33.64850872324368,0.664979291302347,0.3404572390336267,1.1829312865497077,0.018557703198483246,33.64850872324368,0.0341130604288499,5.317415389143718,11.033636932473215,1.5055644937097952,0.4375,1.728171334431631,0.009912869226111409,0.08148953329359375,0.3903973001994171,0.009818016059469126,139.63472728101695,0.5486230636833046,0.6197183098591549,0.29356617428669446,0.12085376750006452,0.2512896344459432,0.2236084452975048,0.6184971098265896,0.5353982300884956,0.5601219998077662,0.22894114204696467,0.1749609671408457,Utilities—Regulated Electric,Utilities,AEP
2013Q4,2013,Q4,2014-02-25,2013-12-31,346000000.0,3773000000.0,678000000.0,0.71,2084000000.0,0.5523456135701034,56414000000.0,16085000000.0,4310000000.0,6112000000.0,40328000000.0,1423000000.0,6766000000.0,22802907739.86,41818907739.86,32.97004524935274,0.7051701570680629,0.33917112773425034,1.189555486478085,0.012833981657627986,32.97004524935274,0.021510724277276967,6.043707325698383,16.476089407413294,1.4176504656425242,0.708092485549133,1.1869290231904428,0.0107442437953531,0.06688056156273266,0.38138089005235604,0.006133229340234693,-188.4537829740496,0.5523456135701034,-0.202247191011236,0.8857863744800873,-0.027731718840656942,0.2472653532137435,-0.12215669755686605,-0.20092378752886836,-0.22514285714285714,0.927865042619597,0.08357832809886655,0.16453886017962055,Utilities—Regulated Electric,Utilities,AEP
2013Q3,2013,Q3,2013-10-25,2013-09-30,433000000.0,4176000000.0,875000000.0,0.89,2374000000.0,0.5684865900383141,54963000000.0,15762000000.0,4317000000.0,5692000000.0,39200000000.0,1440000000.0,6664000000.0,21108534582.45,39747534582.45,32.36997326039359,0.7584328882642305,0.34179357021996615,1.1918538256566427,0.015754934311341763,32.36997326039359,0.027471133104935923,5.054725714188218,12.187375624971132,1.3392040719737344,0.5542725173210161,1.2513888888888889,0.011369808693377517,0.07597838545930899,0.40249472944483483,0.007878027036369922,33.55887850945946,0.5684865900383141,0.28985507246376824,-0.043504190863346476,-0.17679195405030754,0.19281966467343295,0.16945812807881774,0.28106508875739644,0.5996343692870201,-0.23298563034333025,0.012038854240669375,0.1367846760178179,Utilities—Regulated Electric,Utilities,AEP
2013Q2,2013,Q2,2013-07-26,2013-06-30,338000000.0,3582000000.0,547000000.0,0.69,2030000000.0,0.5667225013958682,54979000000.0,15537000000.0,4622000000.0,6519000000.0,39442000000.0,1574000000.0,6470000000.0,21625450866.22,40664450866.22,31.94987213326806,0.7090044485350514,0.34842394368758983,1.2329278496492244,0.01303875967968841,31.94987213326806,0.02175452146489026,6.0372559648855395,15.995155966139052,1.3918678551985584,0.7071005917159763,0.9860228716645489,0.011051792699190821,0.06515214900234635,0.3598711458812701,0.0061478018879935975,-470.11849709173913,0.5667225013958682,-0.08000000000000007,-0.00685425450395221,-0.16595505147638395,0.2066898333009465,-0.047395588925387144,-0.06887052341597796,-0.27549668874172184,1.448281194714215,0.050194668011604646,0.15348639495388466,Utilities—Regulated Electric,Utilities,AEP
2013Q1,2013,Q1,2013-04-26,2013-03-31,363000000.0,3826000000.0,755000000.0,0.75,2131000000.0,0.5569785676947203,54550000000.0,15421000000.0,4397000000.0,6175000000.0,39129000000.0,1520000000.0,6370000000.0,23562447898.0,42263447898.0,31.741969392895037,0.7120647773279353,0.3461044912923923,1.224304519810648,0.014135517486985827,31.741969392895037,0.023539329485766165,6.158507030318871,16.227581196969698,1.5279455222099734,0.6336088154269972,1.1151315789473684,0.009761294793972683,0.07013748854262145,0.3739271255060729,0.006654445462878094,-175.83916341791044,0.5569785676947203,16.441860465116278,-0.477364540021304,-0.08958795789631224,0.21290090824099145,0.7611570247933884,16.285714285714285,2.032128514056225,0.03616004965102229,0.05569321741153343,0.1397700132563047,Utilities—Regulated Electric,Utilities,AEP
2012Q4,2012,Q4,2013-02-26,2012-12-31,21000000.0,3613000000.0,249000000.0,0.043,1210000000.0,0.3349017437032937,54367000000.0,15237000000.0,4589000000.0,6823000000.0,39130000000.0,1519000000.0,6236000000.0,20734954150.24,39193954150.240005,31.363231154888897,0.6725780448483072,0.3446576047970276,1.229769639692853,-0.012214863870493007,31.363231154888897,0.001378224059854302,5.738985372333241,246.8446922647619,1.3608291757065039,10.904761904761905,1.5819618169848584,0.011044152706619292,0.0664557544098442,0.36259709805071083,0.0003862637261574117,-691.1651383413334,0.3349017437032937,-0.957,-0.9250012224974223,-0.090147614687135,0.24717929366748104,-0.5432238580596451,-0.9568788501026694,-0.7269736842105263,-0.9134711947194848,0.08409838747224156,0.14194034227785451,Utilities—Regulated Electric,Utilities,AEP
2012Q3,2012,Q3,2012-10-26,2012-09-30,487000000.0,4156000000.0,912000000.0,1.0,2649000000.0,0.6373917228103946,53843000000.0,15306000000.0,4648000000.0,6795000000.0,38537000000.0,1462000000.0,6444000000.0,21295451733.129997,39295451733.13,31.56009407184418,0.6840323767476085,0.3425329197853017,1.2049523062851168,0.017914563435912217,31.56009407184418,0.031817587874036324,5.124025922312319,10.931956741853183,1.3913139770763099,0.4702258726899384,1.0307797537619698,0.010753469936669037,0.0771873781178612,0.38631346578366443,0.009044815482049664,46.39531968002178,0.6373917228103946,0.3333333333333333,-0.015022710692136202,-0.09709387595783468,0.2715210246486329,0.11349306431273644,0.3453038674033149,0.23076923076923078,0.07868274922063875,0.15229079527418138,0.15221434939309475,Utilities—Regulated Electric,Utilities,AEP
2012Q2,2012,Q2,2012-07-27,2012-06-30,362000000.0,3551000000.0,741000000.0,0.75,2379000000.0,0.6699521261616446,53421000000.0,15007000000.0,4483000000.0,6407000000.0,38413000000.0,1494000000.0,6185000000.0,19331551157.1,37544551157.1,30.974198352421563,0.6997034493522709,0.34649295220980514,1.2334244019457588,0.014779504158605421,30.974198352421563,0.024122076364363296,5.44397385443537,13.350518754903316,1.2881689316385687,0.6325966850828729,0.784471218206158,0.011845919561188134,0.06647198667190805,0.37490245044482595,0.006776361356021041,94.76250567205882,0.6699521261616446,-0.06250000000000006,0.6548776168505771,-0.07120093292319639,0.27887012434766756,0.02897923875432526,-0.06940874035989718,-0.017241379310344827,0.11653436669722844,0.08088614973102726,0.14763728645921084,Utilities—Regulated Electric,Utilities,AEP
2012Q1,2012,Q1,2012-04-27,2012-03-31,389000000.0,3625000000.0,754000000.0,0.8,2312000000.0,0.6377931034482759,52902000000.0,14856000000.0,4214000000.0,6342000000.0,38045000000.0,1418000000.0,6050000000.0,18666088136.579998,36750088136.58,30.705120205492157,0.6644591611479028,0.3472458508184946,1.2365374259558428,0.03021761651465086,30.705120205492157,0.026184706515885836,5.149265692849655,11.996200601915167,1.2564679682673667,0.5886889460154242,0.9259520451339915,0.012268237368451501,0.0685229291898227,0.3500473036896878,0.007353219159956145,478.6176445276923,0.6377931034482759,0.25000000000000006,0.17875566186750735,-0.06064607786461824,0.2787834215945579,0.1035799522673031,0.2508038585209003,1.1982507288629738,-0.0939322803122885,-0.11854269621329504,0.14183362340241282,Utilities—Regulated Electric,Utilities,AEP
2011Q4,2011,Q4,2012-02-28,2011-12-31,311000000.0,3444000000.0,343000000.0,0.64,2095000000.0,0.6083042973286876,52223000000.0,14664000000.0,4182000000.0,6611000000.0,37558000000.0,1292000000.0,5890000000.0,19986938852.31,37931938852.31,30.30828504936302,0.6325820602026925,0.3478543936579668,1.2388161483906164,0.08175928866306763,30.30828504936302,0.021208401527550463,5.803408493702091,16.066671103143086,1.362993647866203,0.7395498392282959,1.0441176470588236,0.0115075150676922,0.06594795396664305,0.3630313114506126,0.005955230454014515,-55.21253826604973,0.6083042973286876,-0.6666666666666666,0.4109944174445795,-0.052219421010746635,0.27942259073752873,-0.21476761619190404,-0.6652314316469322,-0.6146067415730337,0.7091776964070613,-0.10510333713253468,0.14657027527551603,Utilities—Regulated Electric,Utilities,AEP
2011Q3,2011,Q3,2011-10-28,2011-09-30,929000000.0,4333000000.0,890000000.0,1.92,2668000000.0,0.6157396722824833,51187000000.0,14653000000.0,4374000000.0,5684000000.0,36534000000.0,1173000000.0,5810000000.0,18344601866.68,35527601866.68,30.368991600297132,0.7695285010555947,0.3463574735772755,1.2099228826861395,0.018155348776018796,30.368991600297132,0.0633999863509179,4.233695330413108,4.936652816652315,1.2519348847799086,0.24004305705059203,1.4194373401534526,0.012156164610203038,0.08465039951550199,0.4792399718508093,0.018149139429933382,21.35576468763679,0.6157396722824833,1.63013698630137,1.8626607519331755,-0.015511471665936007,0.25620815648473183,0.13919726729291204,1.6392045454545454,0.2412831241283124,1.071017141583665,-0.13799336251158023,0.11908434664849221,Utilities—Regulated Electric,Utilities,AEP
2011Q2,2011,Q2,2011-07-29,2011-06-30,352000000.0,3609000000.0,717000000.0,0.73,2342000000.0,0.6489332224993073,50752000000.0,13939000000.0,4754000000.0,5887000000.0,36813000000.0,1305000000.0,5103000000.0,18159065653.92,36016065653.92,28.923377998064584,0.8075420417869883,0.36006462799495587,1.3109979195064208,0.014824489081880787,28.923377998064584,0.025252887581605567,5.0316058891438065,12.89706367465909,1.3027523964358994,0.6335227272727273,0.9708812260536398,0.012280367517249488,0.07111049810844892,0.4968574825887549,0.0069356872635561164,38.88450889490364,0.6489332224993073,0.0,0.6444407562729777,0.004949984753438739,0.2089763347376878,-0.023759899958315966,-0.005649717514124294,-0.13822115384615385,0.04364881975941075,-0.15205790941314204,0.09238453379108531,Utilities—Regulated Electric,Utilities,AEP
2011Q1,2011,Q1,2011-05-03,2011-03-31,354000000.0,3730000000.0,832000000.0,0.73,2399000000.0,0.6431635388739947,50560000000.0,13779000000.0,4789000000.0,5989000000.0,36781000000.0,1328000000.0,4973000000.0,16907409647.800001,35042409647.8,28.637980038710634,0.7996326598764402,0.37104430379746833,1.3614921256985268,0.036906270688889437,28.637980038710634,0.025691269322882647,4.532817599946381,11.940261050706216,1.2270418497568765,0.632768361581921,1.0022590361445782,0.013248629131615498,0.0737737341772152,0.5077642344297879,0.007001582278481013,345.0491764857143,0.6431635388739947,0.9729729729729729,-0.23914974575613193,-0.017237162876931104,0.20240453274211317,0.08306997742663656,1.0,0.7119341563786008,-0.4853655437709727,-0.10379944158422034,0.09429353828670839,Utilities—Regulated Electric,Utilities,AEP
2010Q4,2010,Q4,2011-02-25,2010-12-31,177000000.0,3434000000.0,486000000.0,0.37,2215000000.0,0.6450203843913803,50455000000.0,13622000000.0,5016000000.0,6518000000.0,36833000000.0,1448000000.0,4842000000.0,17311570834.6,35174570834.6,28.31167458359215,0.7695612150966554,0.35986522643940144,1.3329173395977096,0.009271785884505284,28.31167458359215,0.012993686683306416,5.041226218578916,24.451371235310734,1.2708538272353544,1.2598870056497176,0.8418508287292817,0.012881557781821746,0.06806064810226935,0.4636391531144523,0.003508076503815281,77.98004880450449,0.6450203843913803,-0.6810344827586207,1.9727649223721937,-0.07952927631743663,0.22742075109323356,-0.1571537290715373,-0.6816546762589928,-0.5258536585365854,-0.361719602988674,-0.1268142939046128,0.12583216108471515,Utilities—Regulated Electric,Utilities,AEP
2010Q3,2010,Q3,2010-11-01,2010-09-30,556000000.0,4064000000.0,1025000000.0,1.16,2628000000.0,0.6466535433070866,49892000000.0,13656000000.0,5421000000.0,6148000000.0,36236000000.0,1409000000.0,4887000000.0,17375115975.969997,35032115975.97,28.475026047840768,0.8817501626545218,0.37575162350677466,1.3728031634446398,0.021582034382573285,28.475026047840768,0.040714704159343876,4.275373025583169,7.812552147468524,1.2723429976545106,0.3669064748201439,1.0191625266146203,0.011740928825000913,0.08145594484085625,0.552537410540013,0.011144071193778561,30.64394352022927,0.6466535433070866,3.1428571428571423,0.16534374602283525,-0.0010816695308249122,0.23280858459766923,0.1742627345844504,3.088235294117647,1.601522842639594,0.1371980054029342,-0.10713705214416948,0.14722707146643535,Utilities—Regulated Electric,Utilities,AEP
2010Q2,2010,Q2,2010-07-30,2010-06-30,136000000.0,3360000000.0,394000000.0,0.28,2238000000.0,0.6660714285714285,49937000000.0,13269000000.0,5793000000.0,5778000000.0,36667000000.0,1577000000.0,4533000000.0,15473340000.199999,33382340000.199997,27.69852533418514,1.002596053997923,0.3768948875583235,1.4184188710528298,0.01624845544790848,27.69852533418514,0.010249453613686035,4.605160714345238,28.44363970625,1.1661270630944307,1.4852941176470589,0.7114774889029803,0.013054712169278842,0.06728477882131485,0.6420906888196608,0.002723431523719887,188.69926829512193,0.6660714285714285,-0.611111111111111,-0.5067168134714416,-0.0287319875780999,0.2689374526756255,-0.03409581355200691,-0.6057971014492753,-0.48021108179419525,-0.3712058668382869,-0.11116195230123194,0.14362335177617314,Utilities—Regulated Electric,Utilities,AEP
2010Q1,2010,Q1,2010-04-30,2010-03-31,345000000.0,3569000000.0,758000000.0,0.72,2317000000.0,0.6492014569907537,49625000000.0,13324000000.0,5516000000.0,5515000000.0,36301000000.0,1566000000.0,4597000000.0,16352721506.3,34022721506.3,27.84945122587384,1.000181323662738,0.3747506297229219,1.395752026418493,0.014792666937485526,27.84945122587384,0.02589312518763134,4.5818776985990475,11.849798192971015,1.2273132322350644,0.5739130434782609,0.7994891443167306,0.012108076317677099,0.07191939546599496,0.5949229374433364,0.006952141057934509,-25.353056598914726,0.6492014569907537,0.43999999999999995,-0.20170150560460548,-0.017193856096145935,0.32375838555496106,0.06528735632183907,0.4435146443514644,0.5758835758835759,0.05722248745101113,-0.06472161689544034,0.1598526985015225,Utilities—Regulated Electric,Utilities,AEP
2009Q4,2009,Q4,2010-02-26,2009-12-31,239000000.0,3282000000.0,481000000.0,0.5,2175000000.0,0.6627056672760512,48348000000.0,13140000000.0,4756000000.0,5327000000.0,35208000000.0,1661000000.0,4451000000.0,16644563522.65,33689563522.65,27.464859584808032,0.8928102121269007,0.3645238686191776,1.341248097412481,0.013377373431461687,27.464859584808032,0.018188736681887367,5.0714696900213285,17.410631299843097,1.2667095527130898,0.8158995815899581,0.6664659843467791,0.011715537012108673,0.06788284934226856,0.476628496339403,0.004943327541987259,189.1427673028409,0.6627056672760512,-0.4623655913978495,0.10917277912023675,-0.250289727067903,0.26760890391421677,-0.0818910932883073,-0.4617117117117117,-0.4393939393939394,0.09656887324388735,-0.0866098037517453,0.15939129340398134,Utilities—Regulated Electric,Utilities,AEP
2009Q3,2009,Q3,2009-10-30,2009-09-30,444000000.0,3547000000.0,858000000.0,0.93,2369000000.0,0.6678883563574852,47193000000.0,13064000000.0,4479000000.0,4987000000.0,34129000000.0,1567000000.0,4407000000.0,14780622951.57,31508622951.57,27.390818460530205,0.8981351513936234,0.373042612251817,1.3475964482547458,0.019023769930548762,27.390818460530205,0.03398652786282915,4.16707723472512,8.322422833091217,1.1314010220124004,0.4527027027027027,0.751754945756222,0.013598885558382352,0.07515945161358677,0.43412873471024666,0.009408174941198907,33.822935815949656,0.6678883563574852,0.3880597014925373,-0.3044455647950493,-0.21508544494819637,0.3095212013002488,0.08669724770642202,0.4050632911392405,0.25806451612903225,0.384083068034094,-0.18471739672853982,0.13301653264555394,Utilities—Regulated Electric,Utilities,AEP
2009Q2,2009,Q2,2009-08-04,2009-06-30,316000000.0,3202000000.0,682000000.0,0.67,2180000000.0,0.6808244846970644,46338000000.0,12745000000.0,4224000000.0,5393000000.0,33575000000.0,1486000000.0,4160000000.0,13642436984.49,30407436984.489998,26.98953643096228,0.7832375301316521,0.37243730847252793,1.354099646920361,0.015557932479673141,26.98953643096228,0.024794036877206747,4.260598683475952,10.793067234564875,1.0704148281278933,0.6170886075949367,0.6877523553162853,0.014293633917583365,0.06910095386076223,0.3372890784350083,0.006819457033104579,-73.34643540048387,0.6808244846970644,-0.24719101123595502,1.6499510638092547,-0.20273992506565572,0.32226356880626766,-0.024171888988361683,-0.12465373961218837,-0.09066666666666667,0.5066099843302256,-0.09005093393292991,0.12814315232326937,Utilities—Regulated Electric,Utilities,AEP
2009Q1,2009,Q1,2009-05-01,2009-03-31,361000000.0,3458000000.0,750000000.0,0.89,2234000000.0,0.6460381723539619,45865000000.0,10940000000.0,4118000000.0,6411000000.0,34907000000.0,1290000000.0,4040000000.0,10276440067.560001,28385440067.56,26.89106326541485,0.6423334893152395,0.41031287474108796,1.7202010968921388,0.016879138178793995,26.89106326541485,0.0329981718464351,2.971787179745518,7.116648246232687,0.9393455271992688,0.4709141274238227,0.9488372093023256,0.016542693664574077,0.07539518151095606,0.2943378568086102,0.007870925542352556,-15.665304981036588,0.6460381723539619,1.3421052631578947,0.2608114786776238,0.0049310413707373615,0.3160661615461362,0.10758552305404065,1.3594771241830066,0.7241379310344828,-0.08236683688815252,0.07753367873233284,0.12905785662547437,Utilities—Regulated Electric,Utilities,AEP
2008Q4,2008,Q4,2009-02-27,2008-12-31,153000000.0,3236000000.0,435000000.0,0.38,2017000000.0,0.6233003708281829,45155000000.0,10754000000.0,3775000000.0,6297000000.0,34401000000.0,1173000000.0,3847000000.0,13539189447.68,31001189447.68,26.433866028909623,0.5994918215023027,0.39771896799911416,1.669983262042031,0.01222324066070801,26.433866028909623,0.0142272642737586,4.183927517824475,22.122858574640524,1.258991021729589,1.1045751633986929,1.0392156862745099,0.012482283422731697,0.07166426752297642,0.3001429252024774,0.003388329088694497,-22.415876569006624,0.6233003708281829,-0.5913978494623656,1.1949504345397883,0.16930712119625912,0.32605754145533417,-0.1294777729823047,-0.5909090909090909,-0.4049247606019152,1.9944708021580422,0.02585073190147977,0.14601047704559758,Utilities—Regulated Electric,Utilities,AEP
2008Q3,2008,Q3,2008-10-31,2008-09-30,374000000.0,4191000000.0,731000000.0,0.93,2317000000.0,0.5528513481269387,43038000000.0,10917000000.0,3984000000.0,5722000000.0,32121000000.0,1018000000.0,3861000000.0,14896679426.37,31867679426.370003,27.137357153862617,0.6962600489339392,0.4021794693061945,1.5855088394247503,0.01711288416889523,27.137357153862617,0.03425849592378859,3.554445102927702,9.957673413348932,1.3645396561665293,0.4385026737967914,1.8408644400785854,0.011009164882053401,0.0973790603652586,0.26651520447396015,0.008689994888238302,-135.42435842154546,0.5528513481269387,0.32857142857142874,0.4288933485525642,0.0014813251415217964,0.2673511558022858,0.08932769158439116,0.3309608540925267,0.25817555938037867,-0.06551038671477764,0.2280542781645828,0.17489503982777488,Utilities—Regulated Electric,Utilities,AEP
2008Q2,2008,Q2,2008-08-01,2008-06-30,281000000.0,3546000000.0,581000000.0,0.7,2127000000.0,0.5998307952622673,42696000000.0,10631000000.0,4006000000.0,5626000000.0,32065000000.0,1049000000.0,3651000000.0,16152906530.339998,32392906530.339996,26.47728625165255,0.7120511908993956,0.385469364811692,1.5481140062082588,0.014901711269359607,26.47728625165255,0.026432132442855798,4.555247188477157,14.37091328322064,1.5194155329075345,0.5871886120996441,1.3527168732125834,0.010214879884934676,0.08305227655986509,0.25115535015997154,0.006581412778714634,-44.869184806499995,0.5998307952622673,-0.5104895104895105,0.5796639947873068,-0.049203733536184034,0.2431389598719549,-0.043615107913669064,-0.5095986038394416,-0.44134615384615383,0.2160309347580847,0.2229802358509537,0.21298949184378185,Utilities—Regulated Electric,Utilities,AEP
2008Q1,2008,Q1,2008-05-01,2008-03-31,573000000.0,3467000000.0,1040000000.0,1.43,2224000000.0,0.6414767810787424,41317000000.0,10489000000.0,3361000000.0,5172000000.0,30828000000.0,947000000.0,3535000000.0,16685220448.59,32575220448.59,26.170290727977772,0.64984532095901,0.38833894038773387,1.5296977786252264,0.02593387089221533,26.170290727977772,0.05462865859471828,4.812581611938275,7.279764593625655,1.5907350985403756,0.2879581151832461,1.3125659978880675,0.009888991308708987,0.08391219110777647,0.23298530549110597,0.013868383474114772,-111.2348029906,0.6414767810787424,1.5087719298245614,1.5321126586624176,-0.24522390236110986,0.10425785221762321,0.08118619348565873,1.4805194805194806,1.5120772946859904,0.5826806080528592,0.1396397808537725,0.24394342720068504,Utilities—Regulated Electric,Utilities,AEP
2007Q4,2007,Q4,2008-02-28,2007-12-31,231000000.0,3276000000.0,414000000.0,0.57,2057000000.0,0.6278998778998779,40366000000.0,10079000000.0,3052000000.0,5207000000.0,30287000000.0,967000000.0,3138000000.0,18661154554.08,34137154554.08,25.147331513708455,0.5861340503168811,0.3878016152207303,1.5531302708602044,0.011923591778418475,25.147331513708455,0.02291894037106856,5.696323123956044,20.19605471220779,1.8514886947197142,0.7056277056277056,1.2605997931747672,0.008734722148494415,0.08115740970123371,0.21125408104474747,0.005722637863548531,-91.92686972453203,0.6278998778998779,-0.44117647058823534,1.2451381937367827,-0.22134468016154937,0.2673343741336652,-0.1179245283018868,-0.43243243243243246,-0.4798994974874372,0.2796927979745294,-0.10671257109736312,0.16064606986346708,Utilities—Regulated Electric,Utilities,AEP
2007Q3,2007,Q3,2007-11-02,2007-09-30,407000000.0,3789000000.0,796000000.0,1.02,2332000000.0,0.6154658221166535,39456000000.0,9909000000.0,3111000000.0,4908000000.0,29547000000.0,961000000.0,3070000000.0,18771445194.38,33938445194.38,24.820741033806634,0.6338630806845966,0.3893704379562044,1.550408719346049,0.020946739991765412,24.820741033806634,0.04107377131900292,4.954195089569808,11.530371741019657,1.89438340845494,0.3832923832923833,1.5161290322580645,0.008310494923784821,0.09603102189781022,0.2671149144254279,0.01031528791565288,59.4033075771519,0.6154658221166535,1.2666666666666668,-0.18681362690901254,-0.17733806541510252,-0.1366477313297303,0.17362858580775037,1.261111111111111,0.45787545787545786,-0.2382742439404843,0.001709693598983301,0.18664897372780714,Utilities—Regulated Electric,Utilities,AEP
2007Q2,2007,Q2,2007-08-03,2007-06-30,180000000.0,3146000000.0,546000000.0,0.45,1987000000.0,0.6315956770502225,39193000000.0,9656000000.0,3263000000.0,5804000000.0,29537000000.0,1038000000.0,2819000000.0,17956513059.68,32810513059.68,24.219971803799105,0.562198483804273,0.3833847880999158,1.5561309030654515,0.015575878600455326,24.219971803799105,0.018641259320629662,5.707728245289256,24.939601471777777,1.8596223135542669,0.8666666666666667,1.1165703275529866,0.008687655530977573,0.08026943586865001,0.21433494141971055,0.004592656851988876,-24.767604220248277,0.6315956770502225,-0.3382352941176471,1.3739676240861967,-0.8274889972977539,-0.16491688968392298,-0.024545900834560628,-0.33579335793357934,0.04597701149425287,0.7879034695265122,-0.07219181922499214,0.18657785900092108,Utilities—Regulated Electric,Utilities,AEP
2007Q1,2007,Q1,2007-05-04,2007-03-31,271000000.0,3169000000.0,522000000.0,0.68,2037000000.0,0.6427895235089933,37936000000.0,9540000000.0,3163000000.0,5308000000.0,28396000000.0,942000000.0,2795000000.0,19369088797.5,32990088797.5,24.011196647517462,0.5958929917106255,0.3710723323492197,1.4755765199161426,0.014937251443099073,24.011196647517462,0.02840670859538784,6.112050740769959,17.86816309732472,2.030302808962264,0.5719557195571956,1.2016985138004246,0.008002441499468271,0.08353542808941375,0.2910700828937453,0.007143610291016449,-34.83649064298561,0.6427895235089933,0.5111111111111112,0.2134224271492342,-0.8085368328165974,-0.16478283239703762,0.046224961479198766,0.4972375690607735,0.41081081081081083,-0.03085888076953279,-0.05700739056417991,0.17512361241102678,Utilities—Regulated Electric,Utilities,AEP
