Year,Date,FillingDate,NetIncome,Revenue,OperatingIncome,EPSDiluted,GrossProfit,GrossProfitRatio,TotalAssets,CommonStockEquity,CurrentAssets,CurrentLiability,TotalLiability,Inventory,RetainedEarnings,EnterpriseValue,bookValuePerShare,currentRatio,debtToAssets,debtToEquity,roic,shareholdersEquityPerShare,roe,priceToSalesRatio,peRatio,pbRatio,payoutRatio,inventoryTurnover,dividendYield,assetTurnover,quickRatio,returnOnAssets,priceToFreeCashFlowsRatio,grossProfitMargin,epsdilutedGrowth,fiveYNetIncomeGrowthPerShare,fiveYRevenueGrowthPerShare,fiveYShareholdersEquityGrowthPerShare,grossProfitGrowth,netIncomeGrowth,operatingIncomeGrowth,threeYNetIncomeGrowthPerShare,threeYRevenueGrowthPerShare,threeYShareholdersEquityGrowthPerShare,Industry,Sector,Price,MarketCap,AvgVolume,Symbol
2022,2022-12-31,2023-02-23,2307200000.0,19639500000.0,3482700000.0,4.49,11292200000.0,0.5749739046,93469400000.0,23893400000.0,9418700000.0,14567400000.0,69347000000.0,1302100000.0,12345600000.0,88490292772.70001,46.68120732723222,0.6465601274077736,0.43223022721874754,1.6908560522989613,0.05349403887752391,46.68120732723222,0.09656223057413345,2.474573831956007,21.064230570691745,2.034009089233847,0.7130721220527045,6.4106443437524,0.03385227481533817,0.21011689387114926,0.23110507022529758,0.024684014233535254,-32.74009214005659,0.5749739046309733,-0.09475806451612899,0.15911541034031554,0.22341459705907146,0.25545478700176943,0.10665529846431267,-0.07270608094529962,0.02093043707677425,0.15839733512506363,0.21731798773176492,0.17390043271905906,Utilities—Regulated Electric,Utilities,84.34,43417473615,2738934,AEP
2021,2021-12-31,2022-02-24,2488100000.0,16792000000.0,3411300000.0,4.96,10203900000.0,0.607664364,87668700000.0,22433200000.0,7809200000.0,12426700000.0,64988500000.0,989200000.0,11667100000.0,80786958087.69,44.81959247931586,0.6284210611023039,0.41815265881665864,1.6341360126954692,0.0545292937098488,44.81959247931586,0.1109115061605121,2.6519448599148405,17.897776651939232,1.9850693653910274,0.6107069651541337,6.6600283057015774,0.034121945816547185,0.19153928368961784,0.2162199135731932,0.028380710561466065,-23.14284278541212,0.607664363982849,0.12217194570135748,2.999391231064429,0.006658258386752223,0.2662313118925506,0.0697706114232995,0.1309031407663288,0.1417813033437092,0.2733063358048698,0.02076951449079871,0.16068385971273882,Utilities—Regulated Electric,Utilities,84.34,43417473615,2738934,AEP
2020,2020-12-31,2021-02-25,2200100000.0,14918500000.0,2987700000.0,4.42,9538400000.0,0.6393672286,80757200000.0,20550900000.0,4351500000.0,9926700000.0,59982700000.0,1310000000.0,10687800000.0,75317256429.20999,41.456817697016554,0.43836320227265857,0.4263582689840658,1.6754254071597838,0.05247417829029211,41.456817697016554,0.10705613866059394,2.766930752368536,18.762081918644608,2.0085960434438395,0.6476523794372983,4.106946564885496,0.03451921712343133,0.18473275447885762,0.2640857485367746,0.027243391301332884,-16.62375918376626,0.6393672286087744,0.13917525773195877,0.06308077315492668,-0.1031130961568405,0.13616691706288023,0.03213798775077369,0.14522929571599605,0.15252864251822706,0.14126066093925024,-0.040446090251454674,0.11494888867659102,Utilities—Regulated Electric,Utilities,84.34,43417473615,2738934,AEP
2019,2019-12-31,2020-02-20,1921100000.0,15561400000.0,2592300000.0,3.88,9241400000.0,0.5938668757,75892300000.0,19632200000.0,4077800000.0,10299100000.0,55979100000.0,1169200000.0,9900900000.0,76944752545.95001,39.765900093508264,0.3959375091027371,0.40231354169000016,1.555225598761219,0.0510532408333239,39.765900093508264,0.09785454508409654,2.9983839851138074,24.28767505384936,2.376659393544789,0.7027223986257873,5.405405405405405,0.028933292176700657,0.20504583468942172,0.20920274587099844,0.025313503477954944,-24.903422580033094,0.5938668757309754,-0.0051282051282051325,0.16355523674336722,-0.09514665586258148,0.1551331929304271,0.008688249034032614,-0.0014034722944172991,-0.03369739441607336,2.1306981961831903,-0.05421270964409701,0.12345572680583362,Utilities—Regulated Electric,Utilities,84.34,43417473615,2738934,AEP
2018,2018-12-31,2019-02-21,1923800000.0,16195700000.0,2682700000.0,3.9,9161800000.0,0.5656933630531561,68802800000.0,19028400000.0,4113900000.0,8648800000.0,49743400000.0,921100000.0,9325300000.0,61852573604.0,38.61481496814162,0.47566136342614,0.36708825803601014,1.3273160118559626,0.057038724410482904,38.61481496814162,0.10110151142502785,2.2740587689324943,19.14438798419794,1.935526560509554,0.6526146169040441,7.6364129844750845,0.03408908226487688,0.23539303632991682,0.26821061881417074,0.027961071351747312,-32.48365990827306,0.5656933630531561,0.005154639175257737,0.28362878707765304,0.041440787111729833,0.16821411726480676,0.021177467174925878,0.0058559029593223885,-0.24864864864864866,-0.06487356740687404,-0.020512681256617687,0.05827889627100702,Utilities—Regulated Electric,Utilities,84.34,43417473615,2738934,AEP
2017,2017-12-31,2018-02-23,1912600000.0,15424900000.0,3570500000.0,3.88,8971800000.0,0.5816439652769224,64729100000.0,18287000000.0,4253100000.0,8271300000.0,46415500000.0,953200000.0,8626700000.0,58780103874.07,37.182706864907935,0.5141997025860505,0.35242109035966823,1.2474380707606496,0.0569619249126252,37.182706864907935,0.10458795865915678,2.3457399318031236,18.918123953816792,1.9786079659905942,0.6231831015371745,6.769932857742342,0.0329410623938451,0.23829931205593774,0.27411652340019105,0.029547761362354798,-23.665906124710578,0.5816439652769224,2.129032258064516,0.49711192883081035,0.01714363852572746,0.1827660410439606,-0.04678020845507379,2.130790636765428,1.9579156656449341,0.16283441104333043,-0.09965578739572954,0.0800957303030822,Utilities—Regulated Electric,Utilities,84.34,43417473615,2738934,AEP
2016,2016-12-31,2017-02-28,610900000.0,16380100000.0,1207100000.0,1.24,9412100000.0,0.5746057716375358,63467700000.0,17397000000.0,6033900000.0,9498000000.0,46047600000.0,967300000.0,7892400000.0,52703454035.68,35.39605446364064,0.6352811118130133,0.346150876745179,1.2628269241823302,0.035414841463038624,35.39605446364064,0.03511524975570501,1.8891553797400504,50.6540416364053,1.7787293231982526,1.8349975446063185,7.203556290706089,0.036226083552778086,0.25808560890027527,0.2588860812802695,0.009625368494525562,-79.28402263817576,0.5746057716375358,-0.7026378896882494,-0.6920307755677567,0.0630646961274949,0.16386321374566978,0.04350477288601617,-0.7015778418250208,-0.6378881055947203,-0.5913246359315315,0.05603962196128932,0.07083694571666596,Utilities—Regulated Electric,Utilities,84.34,43417473615,2738934,AEP
2015,2015-12-31,2016-02-24,2047100000.0,16453200000.0,3333500000.0,4.17,9019700000.0,0.5482033890063939,61683100000.0,17891700000.0,4072400000.0,7108500000.0,43778200000.0,1339400000.0,8398300000.0,48768442216.94,36.48831617469298,0.5728916086375466,0.33028009292658767,1.1386676503630175,0.05657374973667221,36.48831617469298,0.11441618180497103,1.7365705283434227,13.957374928894534,1.5969495473845414,0.5173171804015436,5.549873077497387,0.037064074228642704,0.266737566691687,0.3100091439825561,0.033187372229994926,130.7649529379405,0.5482033890063939,0.2485029940119761,0.6485283990266333,0.11493720166728828,0.2840643631651629,-0.030244059778518437,0.2528151774785802,0.03140470297029703,0.6072108465726964,0.08821318601157632,0.1606777694561154,Utilities—Regulated Electric,Utilities,84.34,43417473615,2738934,AEP
2014,2014-12-31,2015-02-20,1634000000.0,17020000000.0,3232000000.0,3.34,9301000000.0,0.5464747356051703,59633000000.0,16820000000.0,4478000000.0,7967000000.0,42809000000.0,1325000000.0,7406000000.0,49534366777.84,34.42538084515362,0.5620685326973767,0.3358878473328526,1.190844233055886,0.05452622974939105,34.42538084515362,0.09714625445897741,1.7430885298378378,18.156283217772337,1.7638149095029727,0.6107711138310894,5.82566037735849,0.03363965556745854,0.2854124394211259,0.31065645788879126,0.027400935723508796,81.72828313454545,0.5464747356051703,0.09868421052631574,0.1279072151443343,0.18451354716377238,0.20168560068994656,0.07912750899176238,0.10405405405405406,0.1320490367775832,-0.17136835023964203,0.11115584081960514,0.1319463423816335,Utilities—Regulated Electric,Utilities,84.34,43417473615,2738934,AEP
2013,2013-12-31,2014-02-25,1480000000.0,15357000000.0,2855000000.0,3.04,8619000000.0,0.561242430162141,56414000000.0,16085000000.0,4310000000.0,6112000000.0,40328000000.0,1423000000.0,6766000000.0,41760598000.7,33.05456970384184,0.7051701570680629,0.33917112773425034,1.189555486478085,0.05478556719370967,33.05456970384184,0.09201119055020206,1.4810573680210979,15.367971622094595,1.4140253652906436,0.6445945945945946,4.7350667603654255,0.04194402556469185,0.2722196617860815,0.38138089005235604,0.026234622611408517,69.3432865875,0.561242430162141,0.1692307692307692,-0.11384498789372759,-0.12124813399041158,0.23588511692861988,0.008070175438596491,0.1755361397934869,0.07492469879518072,0.20095661325876366,0.048611561735560034,0.163227011990758,Utilities—Regulated Electric,Utilities,84.34,43417473615,2738934,AEP
2012,2012-12-31,2013-02-26,1259000000.0,14945000000.0,2656000000.0,2.6,8550000000.0,0.5720976915356306,54367000000.0,15237000000.0,4589000000.0,6823000000.0,39130000000.0,1519000000.0,6236000000.0,39145247776.92,31.43707679676774,0.6725780448483072,0.3446576047970276,1.229769639692853,0.052259773239992924,31.43707679676774,0.0826278138741222,1.3841584327146201,16.430697201683877,1.357632590202796,0.727561556791104,4.2100065832784725,0.0442806259442564,0.2748910184486913,0.36259709805071083,0.0231574300586753,30.783106810892853,0.5720976915356306,-0.35323383084577104,-0.04878415631636308,-0.08098832005288208,0.24383635816494106,-0.10037878787878787,-0.35303186022610483,-0.04529115744069015,-0.12393369061044576,0.04849489938906294,0.09737297270243887,Utilities—Regulated Electric,Utilities,84.34,43417473615,2738934,AEP
2011,2011-12-31,2012-02-28,1946000000.0,15116000000.0,2782000000.0,4.02,9504000000.0,0.6287377613125166,52223000000.0,14664000000.0,4182000000.0,6611000000.0,37558000000.0,1292000000.0,5890000000.0,37863413039.42,30.412555397919355,0.6325820602026925,0.3478543936579668,1.2388161483906164,0.11402430181160106,30.412555397919355,0.13270594653573378,1.317703958680868,10.235566823956836,1.3583205837029462,0.4624871531346352,4.343653250773994,0.045184322577247193,0.28945100817647396,0.3630313114506126,0.03726327480229018,19.662796682546894,0.6287377613125166,0.5889328063241106,0.5878654664157792,-0.02085435505594475,0.27382310690382944,0.011278995530964035,0.6029654036243822,0.04468644386030792,0.17592828589048173,-0.1270552095662414,0.13710221977831782,Utilities—Regulated Electric,Utilities,84.34,43417473615,2738934,AEP
2010,2010-12-31,2011-02-25,1214000000.0,14427000000.0,2663000000.0,2.53,9398000000.0,0.6514174811118043,50455000000.0,13622000000.0,5016000000.0,6518000000.0,36833000000.0,1448000000.0,4842000000.0,35110851549.88,28.416267300457484,0.7695612150966554,0.35986522643940144,1.3329173395977096,0.05465643939585398,28.416267300457484,0.08912054030245192,1.1955258577583696,14.207455971894563,1.2661761525385404,0.6812191103789127,3.4730662983425415,0.0479480008051063,0.28593796452284215,0.4636391531144523,0.02406104449509464,76.31792721185839,0.6514174811118043,-0.1452702702702703,0.21334706035173265,-0.030859399245115604,0.21944809057861128,0.049118106720250056,-0.10735294117647058,-0.03897509924215085,-0.07262475896513765,-0.1030161817889172,0.12431530005603499,Utilities—Regulated Electric,Utilities,84.34,43417473615,2738934,AEP
2009,2009-12-31,2010-02-26,1360000000.0,13489000000.0,2771000000.0,2.96,8958000000.0,0.6640966713618504,48348000000.0,13140000000.0,4756000000.0,5327000000.0,35208000000.0,1661000000.0,4451000000.0,33002391407.86,28.647577057916248,0.8928102121269007,0.3645238686191776,1.341248097412481,0.06334842274063784,28.647577057916248,0.1035007610350076,1.182992913326414,11.733376035191176,1.214413349152207,0.5595588235294118,2.72787477423239,0.047689498900500775,0.278998097129147,0.476628496339403,0.02812939521800281,-50.33877415728706,0.6640966713618504,-0.13450292397660818,0.07819855538303858,-0.17153373860894047,0.33228896241160705,0.03143350604490501,-0.014492753623188406,-0.0057409400789379264,0.16654593867921552,-0.08149349157064537,0.1998973823711736,Utilities—Regulated Electric,Utilities,84.34,43417473615,2738934,AEP
2008,2008-12-31,2009-02-27,1380000000.0,14440000000.0,2787000000.0,3.42,8685000000.0,0.6014542936288089,45155000000.0,10754000000.0,3775000000.0,6297000000.0,34401000000.0,1173000000.0,3847000000.0,30843350428.16,26.7456653139314,0.5994918215023027,0.39771896799911416,1.669983262042031,0.0660769175656551,26.7456653139314,0.12832434442997953,0.9266863177396122,9.696630745043478,1.2443137835372884,0.48043478260869565,4.906223358908781,0.04954656882796886,0.3197873989591407,0.3001429252024774,0.03056139962351899,-10.93247584,0.6014542936288089,0.25735294117647045,11.012419887138616,-0.049400523675600674,0.30773192098851787,0.03233091643884464,0.26721763085399447,0.22344161545215102,0.6443818027322077,0.15647212621432938,0.14775632399133437,Utilities—Regulated Electric,Utilities,84.34,43417473615,2738934,AEP
TTM,,,,,,,,,,,,,,,,86492573615.0,46.16740198594161,0.6178407029164059,0.4593690718900864,1.8290603331339361,0.05085553044917433,46.16740198594161,0.08292537549835462,2.199711903808935,21.797264886815785,1.826830108951816,0.8435285247549635,5.891641504254735,0.038771638605643824,0.20882605305450078,0.2363469263252969,0.02104892300823442,-15.71445713380868,0.5650325770855921,,,,,,,,,,,Utilities—Regulated Electric,Utilities,84.34,43417473615,2738934,AEP
