Quarters,Year,Quarter,FillingDate,Date,NetIncome,Revenue,OperatingIncome,EPSDiluted,GrossProfit,GrossProfitRatio,TotalAssets,CommonStockEquity,CurrentAssets,CurrentLiability,TotalLiability,Inventory,RetainedEarnings,MarketCap,EnterpriseValue,bookValuePerShare,currentRatio,debtToAssets,debtToEquity,roic,shareholdersEquityPerShare,roe,priceToSalesRatio,peRatio,pbRatio,payoutRatio,inventoryTurnover,dividendYield,assetTurnover,quickRatio,returnOnAssets,priceToFreeCashFlowsRatio,grossProfitMargin,epsdilutedGrowth,fiveYNetIncomeGrowthPerShare,fiveYRevenueGrowthPerShare,fiveYShareholdersEquityGrowthPerShare,grossProfitGrowth,netIncomeGrowth,operatingIncomeGrowth,threeYNetIncomeGrowthPerShare,threeYRevenueGrowthPerShare,threeYShareholdersEquityGrowthPerShare,Industry,Sector,Symbol
2023Q1,2023,Q1,2023-05-17,2023-03-31,440895.0,0.0,-443717.0,0.02,-443717.0,0.0,10740023.0,6652612.0,347968.0,2654144.0,4087411.0,0.0,-3307172.0,53703375.0,53647765.0,1.2808879903730446,0.1311036628005112,0.0,0.0,-0.035688575540836744,1.2808879903730446,0.06627396878098407,0.0,30.451340455210424,8.072524746670931,0.0,0.0,0.0,0.0,3.9363595193026453,0.04105158806456932,-55.55864482669792,0.0,1.1333333333333333,0.0,0.0,0.0,0.6507688771984504,-0.08631319358816276,-0.09019233037188458,0.0,0.0,0.0,Shell Companies,Financial Services,NVAC
2022Q4,2022,Q4,2023-03-06,2022-12-31,482545.0,0.0,-407008.0,-0.15,-1270554.0,0.0,194736486.0,192906008.0,511704.0,935751.0,1830478.0,0.0,-619995.0,192216750.0,192023264.0,10.166324532279315,0.5468377805634191,0.0,0.0,-0.0011160166303863762,10.166324532279315,0.002501451380404907,0.0,99.58488327513497,0.9964269749441915,0.0,0.0,0.0,0.0,207.76709616126513,0.002477938315062335,-1071.7529607244016,0.0,-3.054794520547945,-0.04793978008900866,0.0,42.580352153453546,-2.141630710267664,-0.7264194106744876,-0.006386845521419299,-0.04793978008900866,0.0,42.580352153453546,Shell Companies,Financial Services,NVAC
2022Q3,2022,Q3,2022-11-10,2022-09-30,1763813.0,0.0,-404425.0,0.073,-404425.0,0.0,193792870.0,192423463.0,705542.0,400282.0,1369407.0,0.0,-374375.0,51625875.0,51253004.0,37.04904221419976,1.7626123582874074,0.0,0.0,-0.0020517688610792173,37.04904221419976,0.009166309412069982,0.0,7.31736796928019,0.26829303555356965,0.0,0.0,0.0,0.0,483.1335758290405,0.009101537120534929,-478.66000649019514,0.0,0.4541832669322708,0.0,0.0,6258.347198244008,-0.8592115848753017,0.45485551769560767,-0.8592115848753017,0.0,0.0,6258.347198244008,Shell Companies,Financial Services,NVAC
2022Q2,2022,Q2,2022-08-11,2022-06-30,1212363.0,0.0,-217525.0,0.0502,-217525.0,0.0,192863392.0,190659650.0,832789.0,160243.0,2203742.0,0.0,-1120847.0,51418125.0,50937399.0,36.70943922984356,5.197038248160606,0.0,0.0,-0.001116482871929692,36.70943922984356,0.006358781210392446,0.0,10.602873273103848,0.26968540538074,0.0,0.0,0.0,0.0,1200.4312388060632,0.006286122977656641,-808.0291196530156,0.0,-0.9999995833504862,0.0,0.0,0.0,0.0,-0.9999995836623989,0.09963327207404096,0.0,0.0,0.0,Shell Companies,Financial Services,NVAC
2022Q1,2022,Q1,2022-05-12,2022-03-31,2911970950613.0,0.0,-241596.0,120484.96,0.0,0.0,192870968.0,189447287.0,914465.0,85588.0,3423681.0,0.0,-2200732.0,51002625.0,50491749.0,36.476011937424786,10.684500163574333,0.0,0.0,-1001.2201089904132,36.476011937424786,15370.877021917975,0.0,4.3787031073630235e-06,0.26921802791506855,0.0,0.0,0.0,0.0,6.261111370752909,15098.026316811973,-221.4116873306939,0.0,4512544.318352059,0.0,0.0,0.0,0.0,4510661.511114897,-4.403744212574649,0.0,0.0,0.0,Shell Companies,Financial Services,NVAC
2021Q4,2021,Q4,2022-03-18,2021-12-31,645575.0,0.0,-44709.0,0.0267,0.0,0.0,193060803.0,-5909230.0,1098624.0,106511.0,7322533.0,0.0,-5909749.0,234679048.00000003,233937820.00000003,-0.24449827877263247,10.314652946644008,0.0,0.0,0.016257850722680253,-0.24449827877263247,-0.10924858230260119,0.0,90.87985439337027,-39.713981009370094,0.0,0.0,0.0,0.0,7.193886077494343,0.0033438947210843208,-354.28974641942176,0.0,0.0,0.0,0.0,0.0,0.0,0.0,0.0,0.0,0.0,0.0,Shell Companies,Financial Services,NVAC
2021Q3,2021,Q3,2021-09-30,2021-09-30,0.0,0.0,0.0,0.0,0.0,0.0,194002.0,24662.0,0.0,169340.0,169340.0,0.0,-338.0,40457550.06,40595343.06,0.005918994591735296,0.0,0.7102658735476954,5.587259751844944,,0.005918994591735296,0.0,0.0,0.0,1640.4813097072422,0.0,0.0,,0.0,0.0,0.0,0.0,0.0,0.0,0.0,0.0,0.0,0.0,0.0,0.0,0.0,0.0,0.0,Shell Companies,Financial Services,NVAC
2021Q1,2021,Q1,2021-04-30,2021-04-30,,,,,,,26885.0,24662.0,0.0,2223.0,,0.0,-338.0,0.0,0.0,0.0,0.0,0.0,0.0,,0.0,,0.0,0.0,0.0,0.0,0.0,,,0.0,,0.0,0.0,0.0,0.0,0.0,0.0,0.0,0.0,0.0,0.0,0.0,0.0,Shell Companies,Financial Services,NVAC
