Quarters,Year,Quarter,FillingDate,Date,NetIncome,Revenue,OperatingIncome,EPSDiluted,GrossProfit,GrossProfitRatio,TotalAssets,CommonStockEquity,CurrentAssets,CurrentLiability,TotalLiability,Inventory,RetainedEarnings,MarketCap,EnterpriseValue,bookValuePerShare,currentRatio,debtToAssets,debtToEquity,roic,shareholdersEquityPerShare,roe,priceToSalesRatio,peRatio,pbRatio,payoutRatio,inventoryTurnover,dividendYield,assetTurnover,quickRatio,returnOnAssets,priceToFreeCashFlowsRatio,grossProfitMargin,epsdilutedGrowth,fiveYNetIncomeGrowthPerShare,fiveYRevenueGrowthPerShare,fiveYShareholdersEquityGrowthPerShare,grossProfitGrowth,netIncomeGrowth,operatingIncomeGrowth,threeYNetIncomeGrowthPerShare,threeYRevenueGrowthPerShare,threeYShareholdersEquityGrowthPerShare,Industry,Sector,Symbol
2023Q1,2023,Q1,2023-05-08,2023-03-31,60421000.0,267267000.0,162616000.0,0.87,267267000.0,1.0,26088384000.0,3253195000.0,1763236000.0,0.0,2530147000.0,0.0,1362512000.0,2530311760.0,4794058760.0,47.030518128722605,0.0,0.09698366138738222,0.7777421888328243,0.021627935250617725,47.030518128722605,0.018572818413897723,9.467355715445603,10.469504642425646,0.7777928344289229,0.17517088429519537,0.0,0.004182883772393327,0.010244674411416207,0.0,0.002316011601178517,19.69988056959118,1.0,-0.2627118644067796,0.24394508395556502,0.5488003367234509,1.054905013567895,-0.017808777970916494,-0.2651390763916761,0.05568070423723862,2.1304776457868364,0.33695441481585847,0.3362958275166229,Banks—Regional,Financial Services,ABCB
2022Q4,2022,Q4,2023-02-28,2022-12-31,82221000.0,272113000.0,154039000.0,1.18,272113000.0,1.0,25053286000.0,3197400000.0,1784627000.0,0.0,21855886000.0,0.0,1311258000.0,3259185637.34,4978676637.34,46.246348864931576,0.0,0.07999182223042518,0.6267773816225684,0.02329328712297108,46.246348864931576,0.025714955901670108,11.977324263596374,9.909833367813574,1.0193237121849001,0.12628160688875104,0.0,0.0031857651436124194,0.010861369642289637,0.0,0.0032818449444116833,-1264.7208526736515,1.0,-0.11940298507462696,3.8398852628638083,0.5849386105059406,1.1406992873314057,-0.021806103264444834,-0.11165253092755659,0.08176493721733756,0.3480730930981561,0.30516594152882115,0.30015795421600305,Banks—Regional,Financial Services,ABCB
2022Q3,2022,Q3,2022-11-07,2022-09-30,92555000.0,278179000.0,142396000.0,1.34,278179000.0,1.0,23813657000.0,3119070000.0,1524342000.0,0.0,20694587000.0,0.0,1239477000.0,3090578750.0,3674872750.0,45.12216998191682,0.0,0.03584023235070531,0.27363508994668284,0.02740141939652862,45.12216998191682,0.02967390921011712,11.110036163765058,8.347951893468748,0.9908654663088677,0.11219275025660418,0.0,0.003359888499848127,0.011681490163396575,0.0,0.0038866353034311364,8.937319624298016,1.0,0.030769230769230795,1.472617183555517,0.6194001804892686,1.094584926250723,27.042237903225807,0.027635289676459486,0.04111191536341237,3.343709703947925,0.24260465442744028,0.2930933511421097,Banks—Regional,Financial Services,ABCB
2022Q2,2022,Q2,2022-08-05,2022-06-30,90066000.0,9920000.0,136773000.0,1.3,9920000.0,1.0,23687470000.0,3073376000.0,3359104000.0,0.0,20614094000.0,0.0,1157359000.0,2777884480.0,2985174480.0,44.45406155982411,0.0,0.023342172042856414,0.17990541996813927,0.028767599420249392,44.45406155982411,0.029305233072686194,280.02867741935484,7.710691270845824,0.9038544193746552,0.11544867097461861,0.0,0.003743136215657175,0.00041878681007300486,0.0,0.0038022633907293605,7.964049850488672,1.0,0.11111111111111122,1.096996320351862,-0.9412397423328313,1.1107395385048424,0.11223231303957842,0.10242600798061152,0.07112482477230188,0.5842381513188573,-0.9500517243797326,0.36823749797433897,Banks—Regional,Financial Services,ABCB
2022Q1,2022,Q1,2022-05-06,2022-03-31,81698000.0,8919000.0,127691000.0,1.17,8919000.0,1.0,23560292000.0,3007159000.0,836520000.0,0.0,20553133000.0,0.0,1077725000.0,3042902480.0,3337933480.0,43.364563204799126,0.0,0.02344397938701269,0.1836773512807271,0.026788523844621905,43.364563204799126,0.027167835156039304,341.17081287139814,9.31143504124948,1.0118861290673355,0.12784890694998655,0.0,0.003432577964181093,0.00037856067318690277,0.0,0.0034676140686202023,8.526569620004876,1.0,-0.00847457627118645,0.9863382510266522,-0.9462646298596339,1.039751199199835,-0.9638341699984592,-0.003002050180611149,0.07297951363796783,0.39840226651411054,-0.9528678966521416,0.37338908190327263,Banks—Regional,Financial Services,ABCB
2021Q4,2021,Q4,2022-02-28,2021-12-31,81944000.0,246614000.0,119006000.0,1.18,246614000.0,1.0,23858321000.0,2966451000.0,857428000.0,0.0,20891870000.0,0.0,1006436000.0,3447722149.92,4049122149.92,42.74511670942498,0.0,0.03630628492256433,0.29200111513724647,0.023673712762317663,42.74511670942498,0.02762358117494609,13.98023692864152,10.518531405349995,1.1622380244676214,0.12745289465976764,0.0,0.0030292464258589807,0.010336603317559522,0.0,0.003434608831023776,0.0,1.0,0.008547008547008555,1.2680991525955745,0.5419191561296928,1.3087561044899083,0.036864189433498985,0.0032321253672869736,0.0,0.2883150714078084,0.310046637144808,0.3942022063298803,Banks—Regional,Financial Services,ABCB
2021Q3,2021,Q3,2021-11-08,2021-09-30,81680000.0,237846000.0,0.0,1.17,237846000.0,1.0,22533141000.0,2900770000.0,20541736000.0,0.0,19632371000.0,0.0,934979000.0,3602539158.6000004,3914716158.6000004,41.77385476594886,0.0,0.02446196915023964,0.19002023600630177,0.0,41.77385476594886,0.028158040796064494,15.14651984309175,11.026380872306563,1.2419251297414136,0.1281341821743389,0.0,0.002905173140176842,0.0105553859535162,0.0,0.003624883011205584,-21.1764587267811,1.0,-0.07874015748031503,0.9026874820539798,0.41503679005442906,1.2668569615184047,-0.050401245658162654,-0.07525445220600722,0.0,0.3485681027795315,0.2718533722626074,0.4127421400325104,Banks—Regional,Financial Services,ABCB
2021Q2,2021,Q2,2021-08-09,2021-06-30,88327000.0,250470000.0,0.0,1.27,250470000.0,1.0,21886931000.0,2837004000.0,19830306000.0,0.0,19049927000.0,0.0,863828000.0,3518616199.5800004,3809521199.5800004,40.822159727777446,0.0,0.025158118330980254,0.1940899625097462,0.0,40.822159727777446,0.03113390041043298,14.048054455942829,9.959061780599365,1.2402577506341197,0.11837829882142493,0.0,0.0029716227650086083,0.011443815489709361,0.0,0.0040356046263407145,9.535674465995475,1.0,-0.2905027932960894,1.2081214071096948,0.5459679181127263,1.2717826193638673,-0.11307599423518871,-0.2931691234135177,0.0,4.338899283543695,0.3374171350752172,0.1733398593268546,Banks—Regional,Financial Services,ABCB
2021Q1,2021,Q1,2021-05-07,2021-03-31,124962000.0,282403000.0,0.0,1.79,282403000.0,1.0,21427127000.0,2757596000.0,19312452000.0,0.0,18669531000.0,0.0,785984000.0,3643759952.3399997,3969415952.3399997,39.73954592343809,0.0,0.025671383755741028,0.1994722939836002,0.0,39.73954592343809,0.04531555746381993,12.902695624125805,7.289735984419264,1.3213537995921083,0.08348137833901506,0.0,0.0028629767428286915,0.013179695065978747,0.0,0.005831953112519471,-7.616268519035654,1.0,0.3161764705882352,3.788549119818348,0.8278295734373806,1.1662640750361792,0.02900420123668667,0.3253645860953492,0.0,1.5645658774411548,0.6313306438031698,0.7363404743166608,Banks—Regional,Financial Services,ABCB
2020Q4,2020,Q4,2021-02-26,2020-12-31,94285000.0,274443000.0,0.0,1.36,274443000.0,1.0,20438638000.0,2647088000.0,18204688000.0,0.0,17791550000.0,0.0,671510000.0,2636435327.4900002,1088380327.4900002,38.223824081412914,0.0,0.026885353123823612,0.20758660082324426,0.0,38.223824081412914,0.035618385184021085,9.606495073621845,6.990601175929363,0.9959757014084911,0.11054780718035742,0.0,0.0039534442173945325,0.013427655991558733,0.0,0.004613076468206932,6.351601195643271,1.0,-0.18562874251496997,2.098590727692759,0.8546747433095133,1.3910083535289985,-0.1443816756766868,-0.18821300960006887,0.0,4.54089845319683,0.5958813042767743,0.769344282921538,Banks—Regional,Financial Services,ABCB
2020Q3,2020,Q3,2020-11-06,2020-09-30,116145000.0,320754000.0,0.0,1.67,320754000.0,1.0,19873851000.0,2564683000.0,17473639000.0,0.0,17309168000.0,0.0,587657000.0,1577074594.26,2318914594.26,37.0454758149304,0.0,0.05027284344639597,0.38956666379431687,0.0,37.0454758149304,0.045286298540599366,4.916772960773677,3.3946243795686426,0.6149198923453698,0.08972405183176202,0.0,0.006607804119049787,0.016139499083494185,0.0,0.0058441114407066855,3.9356318655310356,1.0,2.5531914893617023,2.456373666511768,1.0922562829750289,1.3744678651078313,0.13011584644004737,2.602959424246184,0.0,2.0980908189043923,0.8643976688808763,0.7196623136439559,Banks—Regional,Financial Services,ABCB
2020Q2,2020,Q2,2020-08-10,2020-06-30,32236000.0,283824000.0,0.0,0.47,283824000.0,1.0,19872629000.0,2460130000.0,17318803000.0,0.0,17412499000.0,0.0,481948000.0,1632234043.02,2880797043.02,35.555236057093374,0.0,0.07757961968695737,0.6266786714523216,0.0,35.555236057093374,0.013103372586001553,5.750866885887029,12.658472228409233,0.6634747119135981,0.3230859908177193,0.0,0.006380825130157136,0.014282156628597052,0.0,0.0016221306199597446,-4.902545963848908,1.0,0.6785714285714283,10.463671231845463,1.6364962056238403,1.3508481199956723,0.4182265172941047,0.6683573129075665,0.0,-0.25005796236514777,0.67985150981748,0.6882111535654458,Banks—Regional,Financial Services,ABCB
2020Q1,2020,Q1,2020-05-11,2020-03-31,19322000.0,200126000.0,0.0,0.28,200126000.0,1.0,18224548000.0,2437150000.0,15540505000.0,1225000000.0,15787398000.0,0.0,460153000.0,1645324425.3600001,4281024425.36,35.194690547020784,12.686126530612245,0.15864651348280354,1.1863287036087233,0.0,35.194690547020784,0.00792811275465195,8.221442617950691,21.288226184659973,0.6751018301540735,0.5395921747231136,0.0,0.0063367441942149315,0.01098112282400639,1.3131436734693878,0.0010602183384740187,5.532045664370228,1.0,-0.6818181818181818,-0.13002531093448855,0.6523377980503724,1.1875644804608831,-0.04413324035421224,-0.6845284743991641,0.0,-0.5295535829093149,0.20743539423029353,0.6554625930328284,Banks—Regional,Financial Services,ABCB
2019Q4,2019,Q4,2020-03-09,2019-12-31,61248000.0,209366000.0,0.0,0.88,209366000.0,1.0,18242579000.0,2469582000.0,15515932000.0,0.0,15772997000.0,0.0,507950000.0,2953517870.22,3882101870.22,35.56979266632121,0.0,0.08366519887347068,0.6180272612936116,0.0,35.56979266632121,0.024800958218840274,14.106960395766265,12.055568631710424,1.1959586157576463,0.17042189132706373,0.0,0.0035340906873275496,0.011476776392197616,0.0,0.0033574200226842927,-8.237050103105434,1.0,1.838709677419355,1.2322305021771414,0.550189006612305,1.601608461260398,-0.06810938807484822,1.8641975308641976,0.0,0.6945147084566388,0.3084543847451248,0.9212013506025167,Banks—Regional,Financial Services,ABCB
2019Q3,2019,Q3,2019-11-08,2019-09-30,21384000.0,224668000.0,0.0,0.31,224668000.0,1.0,17764277000.0,2420723000.0,14957905000.0,70000000.0,15343554000.0,0.0,457127000.0,2791534310.0,4075306310.0,34.89475059326783,213.68435714285715,0.0832145884687567,0.6106634257616422,0.0,34.89475059326783,0.008833724469920763,12.425153159328431,32.63578271137299,1.1531820493298903,0.22100635989524878,0.0,0.001692975788644346,0.012647179505250903,24.08117142857143,0.0012037641610744979,-4.520754583452768,1.0,-0.6219512195121951,-0.292394425759496,0.6102461975153474,1.6403592379400536,0.6530888542249168,-0.45033929673041334,0.0,-0.5013860528100218,0.3379406329988339,0.8935625822895238,Banks—Regional,Financial Services,ABCB
2019Q2,2019,Q2,2019-08-09,2019-06-30,38904000.0,135908000.0,0.0,0.82,135908000.0,1.0,11889336000.0,1537121000.0,9888656000.0,70000000.0,10352215000.0,0.0,446182000.0,1882960327.8,2385533327.8,32.490018454864654,141.2665142857143,0.05504992036561167,0.4258005713278265,0.0,32.490018454864654,0.02530965356663529,13.854668803896754,12.100043233343614,1.2249916095089455,0.12235245733086572,0.0,0.0025279343009639806,0.011431084124462459,20.359685714285714,0.003272176007137825,-55.60852685390272,1.0,-0.023809523809523832,1.546905365757482,0.41604718291290455,1.382418907905278,0.05147189663842791,-0.025084575867685754,0.0,0.428662341752272,0.23224100193744535,0.8080929505145366,Banks—Regional,Financial Services,ABCB
2019Q1,2019,Q1,2019-05-10,2019-03-31,39905000.0,129255000.0,0.0,0.84,129255000.0,1.0,11656275000.0,1495584000.0,9708120000.0,5998000.0,10160691000.0,0.0,412005000.0,1681029845.0400002,1775838845.0400002,31.574856518229755,1618.5595198399467,0.021188673053784336,0.16514017266833558,0.0,31.574856518229755,0.026681884802190983,13.00553050203087,10.531448722215261,1.1239956064253163,0.11905776218518982,0.0,0.0028262436946126616,0.01108887702117529,231.17822607535845,0.0034234779121117167,28.91994847557934,1.0,-0.07692307692307698,1.5369487276871954,0.45253531696964105,1.6461653531156824,0.0031431897555296855,-0.08340224182285924,0.0,1.2402248468849697,0.22560933782004358,0.7211942351238985,Banks—Regional,Financial Services,ABCB
2018Q4,2018,Q4,2019-03-01,2018-12-31,43536000.0,128850000.0,0.0,0.91,128850000.0,1.0,11443515000.0,1456347000.0,9529104000.0,70000000.0,9987168000.0,0.0,377135000.0,1504361420.5,1090031420.5,30.659194566868383,136.13005714285714,0.02105655473864455,0.16545576020000727,0.0,30.659194566868383,0.029893974444277358,11.675292359332557,8.638606098975561,1.0329690798278157,0.10910510841602353,0.0,0.00315748591746075,0.01125965230088832,26.395914285714287,0.0038044254759136507,-83.85047770469873,1.0,0.045977011494252915,14.976967349963191,0.606186111027683,1.3254832422922613,0.0069474292948632785,0.050477753112633916,0.0,1.085932533090041,0.26949251415042946,0.9178193726958854,Banks—Regional,Financial Services,ABCB
2018Q3,2018,Q3,2018-11-09,2018-09-30,41444000.0,127961000.0,0.0,0.87,127961000.0,1.0,11428994000.0,1404977000.0,9524277000.0,0.0,10024017000.0,0.0,338350000.0,2133883066.2299998,2709689066.2299995,29.56934148293159,0.0,0.06525657463815275,0.5308392948781367,0.0,29.56934148293159,0.029497991782071877,16.676042436601776,12.872086829396292,1.5188028460465899,0.0988562880030885,0.0,0.001919973997093619,0.011196173521484044,0.0,0.0036262159206663334,-50.39874979286726,1.0,2.625,2.1222143219134755,0.5469746867540165,1.434001450130706,0.20421415194662199,3.41504207947161,0.0,0.797019493586073,0.21616185876178742,0.8952773476140308,Banks—Regional,Financial Services,ABCB
2018Q2,2018,Q2,2018-08-09,2018-06-30,9387000.0,106261000.0,0.0,0.24,106261000.0,1.0,11190697000.0,1371896000.0,9289416000.0,716621000.0,9818801000.0,0.0,301656000.0,2103698320.3500001,3608004320.3500004,34.79141989704256,12.962801815743608,0.14899903017658328,1.2154004385172055,0.0,34.79141989704256,0.006842355397202121,19.797463983493476,56.02690743448386,1.533424049891537,0.40822413976776395,0.0,0.0018215539571103789,0.009495476465853735,1.8375124368389986,0.0008388217463130312,-19.865889044336374,1.0,-0.6571428571428571,-0.1487724970123924,0.5748557496487292,1.8868907765271365,0.12189070484395456,-0.6478994748687171,0.0,4.857534394561901,0.7320378850680754,1.3003459722671513,Banks—Regional,Financial Services,ABCB
2018Q1,2018,Q1,2018-05-10,2018-03-31,26660000.0,94716000.0,0.0,0.7,94716000.0,1.0,8022828000.0,868944000.0,6804560000.0,480000000.0,7153884000.0,0.0,296366000.0,2008442714.8999999,3005913714.8999996,22.88695478291931,14.176166666666667,0.1397781430687533,1.2905503691837448,0.0,22.88695478291931,0.03068091844813935,21.204893733899233,18.83385891691673,2.311360357974737,0.13975993998499625,0.0,0.001855168669914251,0.011805812115129478,2.026104166666667,0.0033230177687967387,42.404415059961146,1.0,1.9166666666666665,2.1711864921524557,0.4998967045472319,0.9253310095434621,0.024266805086945238,1.9136612021857924,0.0,1.1893541376117702,0.42632995454017003,0.4225637040944726,Banks—Regional,Financial Services,ABCB
2017Q4,2017,Q4,2018-03-01,2017-12-31,9150000.0,92472000.0,0.0,0.24,92472000.0,1.0,7856203000.0,804479000.0,6746294000.0,0.0,7051724000.0,0.0,273119000.0,1794898784.8000002,1800354784.8000002,21.60338406174846,0.0,0.042781990231158744,0.4177908932364922,0.0,21.60338406174846,0.011373820820680216,19.41018670300199,49.04095040437159,2.23113193110075,0.4068852459016393,0.0,0.0020742116667123614,0.011770571610738674,0.0,0.001164684772020275,55.43746439756618,1.0,-0.5555555555555556,0.25252542992768795,0.4263227888895563,0.843963580009274,-0.0003783497465056698,-0.5460859212223435,0.0,-0.3782476827152283,0.27655032248657146,0.5800920543492063,Banks—Regional,Financial Services,ABCB
2017Q3,2017,Q3,2017-11-09,2017-09-30,20158000.0,92507000.0,0.0,0.54,92507000.0,1.0,7649820000.0,801921000.0,6522823000.0,733000000.0,6847899000.0,0.0,267694000.0,1786820064.0,3282541064.0,21.542296717796425,8.898803547066848,0.21265755272673081,2.02861877915655,0.0,21.542296717796425,0.02513713944391031,19.315511950446993,22.16018533584681,2.228174675560311,0.1846413334656216,0.0,0.0020830301130981706,0.012092702834837944,1.2969495225102319,0.0026350946819663733,-63.81956082577327,1.0,-0.12903225806451607,5.777900974193425,0.5548542856409415,0.714935755338865,0.019394580537097646,-0.12686793433534024,0.0,0.2430687693338639,0.23558058342449184,0.6300274734232694,Banks—Regional,Financial Services,ABCB
2017Q2,2017,Q2,2017-08-09,2017-06-30,23087000.0,90747000.0,0.0,0.62,90747000.0,1.0,7397858000.0,782682000.0,6274652000.0,604000000.0,6615176000.0,0.0,251259000.0,1791247442.0,3020227442.0,21.060893942088878,10.388496688741721,0.18498327488848798,1.7484495618910363,0.0,21.060893942088878,0.029497292642478044,19.738916349851785,19.396710724650237,2.2886018101860017,0.16082643912158356,0.0,0.0020728571122782934,0.012266658808536201,1.5864122516556292,0.0031207682007413497,-21.650419314679397,1.0,0.05084745762711869,4.9307352997636835,0.540486466448787,0.6669342141774305,0.0630718226866441,0.09142911170992295,0.0,0.9241353020374786,0.20368966698652868,0.5443472897599279,Banks—Regional,Financial Services,ABCB
2017Q1,2017,Q1,2017-05-10,2017-03-31,21153000.0,85363000.0,0.0,0.59,85363000.0,1.0,7094856000.0,758216000.0,5964608000.0,450002000.0,6336640000.0,0.0,231894000.0,1644129762.0,2577195762.0,21.259731687771733,13.254625534997622,0.14943643676488993,1.3983218502379269,0.0,21.259731687771733,0.02789838251896557,19.260449632744866,19.431401716068642,2.1684187118182683,0.16508296695504185,0.0,0.0021239199488440378,0.012031674779586788,2.1287216501259993,0.002981455860414926,136.6237129798903,1.0,0.13461538461538453,1.6269611572796046,0.6271372812682003,0.6969533158622448,0.060831634935626586,0.16372338669747483,0.0,0.7860376242536857,0.2740406271882987,0.7816950451140541,Banks—Regional,Financial Services,ABCB
2016Q4,2016,Q4,2017-02-27,2016-12-31,18177000.0,80468000.0,0.0,0.52,80468000.0,1.0,6892031000.0,646437000.0,5775655000.0,38850000.0,6245594000.0,0.0,214454000.0,1522314012.4,1900478012.4,18.514349188421093,148.66550836550837,0.08365444090428496,0.8918873764960855,0.0,18.514349188421093,0.02811874939089192,18.9182533727693,20.937366072509214,2.354930197992999,0.19189085107553502,0.0,0.0022912486987497426,0.011675513357383331,26.283655083655084,0.002637393824839151,-148.60542877782117,1.0,-0.14754098360655732,9.841899592215814,0.3799225042413773,0.49757154994622643,-0.04664415615188674,-0.15679361692257734,0.0,8.07516226034157,0.36464918087023773,0.4043033219844404,Banks—Regional,Financial Services,ABCB
2016Q3,2016,Q3,2016-11-09,2016-09-30,21557000.0,84405000.0,0.0,0.61,84405000.0,1.0,6493495000.0,642583000.0,5367585000.0,36860000.0,5850912000.0,0.0,199769000.0,1218697657.65,1552786657.65,18.428094703411528,145.62086272381987,0.07043341066713688,0.7117508555315033,0.0,18.428094703411528,0.03354741722081039,14.43869033410343,14.133432964350327,1.8965606896696614,0.07477849422461381,0.0,0.0013227234744246576,0.012998393007155622,26.082311448724905,0.0033197838760174606,-25.61311569008638,1.0,0.0701754385964913,-0.11968834503289642,0.6370244608124881,0.46702303859862726,0.03941924043150584,0.0752157214823682,0.0,1.2129323308673998,0.39044086060639194,0.5169093047655751,Banks—Regional,Financial Services,ABCB
2016Q2,2016,Q2,2016-08-09,2016-06-30,20049000.0,81204000.0,0.0,0.57,81204000.0,1.0,6221294000.0,625915000.0,5092549000.0,36869000.0,5595379000.0,0.0,181701000.0,1034528843.6999999,1262034843.6999998,17.969219140873722,138.1254983861781,0.05525554651492117,0.5492135513608077,0.0,17.969219140873722,0.032031505875398415,12.739875421161518,12.900005532694898,1.6528264120527547,0.08688712653997706,0.0,0.001683858319280615,0.013052590023876062,26.035449835905503,0.0032226414633354412,-31.63309820511252,1.0,0.5405405405405405,5.384518991181668,0.574438307518175,0.5202968337493497,0.11355813666470112,0.6277502638629536,0.0,1.0581376962337736,0.3624080035394096,0.49103351207556983,Banks—Regional,Financial Services,ABCB
2016Q1,2016,Q1,2016-05-09,2016-03-31,12317000.0,72923000.0,0.0,0.37,72923000.0,1.0,6097771000.0,600828000.0,4979715000.0,36879000.0,5496943000.0,0.0,163395000.0,968806023.54,1015711023.54,18.34473755134142,135.0284714878386,0.03177685747792103,0.3225016144387412,0.0,18.34473755134142,0.020500043273615744,13.28532868285726,19.66400145205813,1.612451522798538,0.1414305431517415,0.0,0.0017980895635173314,0.011958960085578813,26.713387022424687,0.002019918425929737,99.00930235462442,1.0,-0.13953488372093023,5.3970301055907415,0.7167759236416167,0.5701783613188297,0.059896514636202436,-0.12941758552445576,0.0,0.6983675984689517,0.33865185913686285,0.54322374490351,Banks—Regional,Financial Services,ABCB
2015Q4,2015,Q4,2016-02-29,2015-12-31,14148000.0,68802000.0,0.0,0.43,68802000.0,1.0,5588940000.0,514759000.0,4567653000.0,24000000.0,5074181000.0,0.0,152820000.0,1094465491.68,818276491.6800001,15.986487050535237,190.318875,0.01948025922625757,0.2115048012759369,0.0,15.986487050535237,0.02748470643543872,15.907466231795588,19.339579652247668,2.1261706773072446,0.11379700310998021,0.0,0.001471037700356049,0.012310384437836155,48.93954166666666,0.002531428142009039,-125.03889999771508,1.0,-0.10416666666666664,4.528312943974378,0.7368463831335641,0.3705811107559174,-0.034953853059163466,-0.09464388558264542,0.0,1.2397653730938838,0.22729976286353396,0.3645315849229514,Banks—Regional,Financial Services,ABCB
2015Q3,2015,Q3,2015-11-09,2015-09-30,15627000.0,71294000.0,0.0,0.48,71294000.0,1.0,5216300000.0,502300000.0,4164918000.0,24000000.0,4714000000.0,0.0,140282000.0,925618756.25,919822756.25,15.601590722411423,173.53825,0.020819354715027893,0.21620545490742585,0.0,15.601590722411423,0.03111088990643042,12.983122790837939,14.808004675401548,1.842760812761298,0.10296282075894285,0.0,0.0017382966681861684,0.013667542127561681,38.76195833333333,0.002995801621839235,-178.44973129940234,1.0,11.0,13.754562652939892,0.9324612759679837,0.34229300319023226,0.42377281623197666,10.947247706422019,0.0,5.07531326344813,0.3855218068584047,0.24200897056269505,Banks—Regional,Financial Services,ABCB
2015Q2,2015,Q2,2015-08-07,2015-06-30,1308000.0,50074000.0,0.0,0.04,50074000.0,1.0,5205734000.0,486770000.0,4102786000.0,24000000.0,4718964000.0,0.0,126265000.0,813942337.9499999,806854337.9499999,15.124429245203142,170.94941666666668,0.020808785081988437,0.22253836514164801,0.0,15.124429245203142,0.002687100684101321,16.254789670287973,155.57001872133026,1.6721292149269675,1.230886850152905,0.0,0.0019780270971712266,0.009619008577848965,41.35516666666667,0.0002512613975281872,-24.554794797574512,1.0,-0.8750000000000001,1.252372361047302,0.15096875945975521,0.16823337567010183,-0.05957255005070804,-0.8660385088078656,0.0,-0.612017160521646,-0.018474401367448885,0.1970730515076279,Banks—Regional,Financial Services,ABCB
2015Q1,2015,Q1,2015-05-08,2015-03-31,9764000.0,53246000.0,0.0,0.32,53246000.0,1.0,4152904000.0,489783000.0,3364508000.0,24000000.0,3663121000.0,0.0,126566000.0,803390717.22,832666717.22,16.088527154914242,140.18783333333334,0.02634734633885108,0.22340097553406305,0.0,16.088527154914242,0.019935359128430346,15.088283011306014,20.570225246312987,1.640299310551816,0.16489143793527242,0.0,0.0020040062269715254,0.012821389562580787,29.741,0.002351125862769763,86.48839672946497,1.0,-0.1794871794871795,3.9075062194422525,-0.03856696417099149,0.15710037265635646,0.02242789661661354,-0.07712665406427222,0.0,0.4205522066464711,0.18902027599503218,0.2841873972743917,Banks—Regional,Financial Services,ABCB
2014Q4,2014,Q4,2015-03-16,2014-12-31,10580000.0,52078000.0,0.0,0.39,52078000.0,1.0,4037077000.0,366028000.0,3315978000.0,24000000.0,3671049000.0,0.0,118412000.0,686424747.04,665771747.04,13.672231312273931,138.16575,0.03572039869440192,0.39397532429213067,0.0,13.672231312273931,0.028904892521883573,13.180704847344368,16.219866423440454,1.8753339827554176,0.12646502835538753,0.0,0.0019492304229556437,0.012899927348425606,30.750625,0.0026207080023492244,-260.7006255374098,1.0,-0.09302325581395345,1.143368894724984,0.08735056056528737,-0.024806874223314825,-0.032852340891785986,-0.09285775529452113,0.0,7.230224570760666,0.16473903735705359,0.10590679851445128,Banks—Regional,Financial Services,ABCB
2014Q3,2014,Q3,2014-11-07,2014-09-30,11663000.0,53847000.0,0.0,0.43,53847000.0,1.0,3999408000.0,353830000.0,3290467000.0,22500000.0,3645578000.0,0.0,109170000.0,587668074.35,730740074.35,13.215910203375165,146.24297777777778,0.05313111340478391,0.6005511121159879,0.0,13.215910203375165,0.0329621569680355,10.913664166063105,12.596846316342278,1.6608769023259757,0.11489325216496613,0.0,0.0022801987354547537,0.01346374263390982,28.318355555555556,0.0029161815948760416,-26.286816709160853,1.0,0.34374999999999994,48.256929449492,0.1875444551590865,-0.21860998982644264,0.054108020280719614,0.43456334563345633,0.0,-0.3796887912992863,0.3601904769057278,0.05209165985091211,Banks—Regional,Financial Services,ABCB
2014Q2,2014,Q2,2014-08-08,2014-06-30,8130000.0,51083000.0,0.0,0.32,51083000.0,1.0,3973135000.0,343399000.0,3258324000.0,22500000.0,3629736000.0,0.0,98847000.0,542895137.4,627044137.4,13.63740790801196,144.8144,0.04156289680567109,0.48088375330155303,0.0,13.63740790801196,0.02367508350344643,10.627706622555449,16.69419241697417,1.5809455979778624,0.16457564575645756,0.0,0.002464564347376304,0.012857101508003127,29.590933333333332,0.002046243080086632,-29.999178725755648,1.0,0.0,2.671678421105115,0.2231132556494683,-0.1841394427332561,0.08139633346034972,-0.026347305389221556,0.0,2.581335206065129,0.3700725943001426,0.15380128098826354,Banks—Regional,Financial Services,ABCB
2014Q1,2014,Q1,2014-05-09,2014-03-31,8350000.0,47238000.0,0.0,0.32,47238000.0,1.0,3487984000.0,300030000.0,2893993000.0,10000000.0,3187954000.0,0.0,92055000.0,585863168.6,629781168.6,11.9323066795703,289.3993,0.033057777787971504,0.3843115688431157,0.0,11.9323066795703,0.027830550278305503,12.402370307803041,17.540813431137725,1.9526819604706196,0.03425149700598802,0.0,0.00048816859520873455,0.01354306671131519,58.1281,0.002393932999692659,18.434384336553286,1.0,7.000000000000001,8.283096464310342,0.16651711137966863,-0.3006354340175274,0.16441530270163676,5.0595065312046446,0.0,4.648827519616526,0.44856829185363795,0.021320130443152497,Banks—Regional,Financial Services,ABCB
2013Q4,2013,Q4,2014-03-14,2013-12-31,1378000.0,40568000.0,0.0,0.04,40568000.0,1.0,3667649000.0,316699000.0,3020340000.0,10000000.0,3350950000.0,0.0,83991000.0,507092746.16999996,504111746.16999996,13.184010105636018,302.034,0.06817391740594587,0.7895130707706687,0.0,13.184010105636018,0.004351134673617536,12.499821193305067,91.99795830370101,1.6011820251090152,0.2539912917271408,0.0,0.0006902090448808441,0.011061036647727195,80.4695,0.00037571752367797465,-372.0416332868672,1.0,-0.8461538461538461,1.0769680988475256,0.15887907982949714,-0.2317107740661843,-0.024995193232070757,-0.7936198891717837,0.0,-0.27823049453965965,0.37276338431699085,0.13031431844151573,Banks—Regional,Financial Services,ABCB
2013Q3,2013,Q3,2013-11-08,2013-09-30,6677000.0,41608000.0,0.0,0.26,41608000.0,1.0,2818502000.0,290356000.0,2429901000.0,0.0,2528146000.0,0.0,83025000.0,439294222.7,433047222.7,12.148448589191974,0.0,0.016770965569653667,0.16279670473487717,0.0,12.148448589191974,0.02299590847098045,10.557926905883484,16.448038890968995,1.5129503874553996,0.05241875093604913,0.0,0.0007967325357679921,0.01476245182724724,0.0,0.0023689889168075806,56.39930962896392,1.0,0.0,9.606733155019482,0.015755941322583008,-0.12686487882017264,0.01830641213901126,-0.0001497454327643007,0.0,8.341007168736272,0.5192140618006764,0.04519967425271721,Banks—Regional,Financial Services,ABCB
2013Q2,2013,Q2,2013-08-09,2013-06-30,6678000.0,40860000.0,0.0,0.26,40860000.0,1.0,2808675000.0,287777000.0,2411302000.0,0.0,2520898000.0,0.0,76790000.0,414298880.3,406224880.3,12.05151929540467,0.0,0.01504944502300907,0.1468810919566192,0.0,12.05151929540467,0.02320546812288682,10.139473330885952,15.509841281072179,1.439652509755818,0.05241090146750524,0.0,0.0008448007384102988,0.014547784987583114,0.0,0.0023776335816710725,-52.61606303022606,1.0,0.3,0.25010788399868017,-0.011596227362357804,-0.11900180086938264,0.02927099601995063,0.2635761589403974,0.0,2.736644762866511,0.26584386942026594,-0.06912275232539762,Banks—Regional,Financial Services,ABCB
2013Q1,2013,Q1,2013-05-10,2013-03-31,5285000.0,39698000.0,0.0,0.2,39698000.0,1.0,2861651000.0,283722000.0,2456122000.0,0.0,2577929000.0,0.0,70554000.0,340591950.57,332373950.57,11.887283105852175,0.0,0.014770843824072188,0.14898033991019377,0.0,11.887283105852175,0.018627388781976725,8.579574552118494,16.111255939924312,1.200442512635608,0.06622516556291391,0.0,0.0010276226417396392,0.01387241141564782,0.0,0.0018468359698649486,11.56469901089946,1.0,0.3333333333333335,0.03479682590167143,-0.010634704233461209,-0.16066321488228624,-0.042568072739550926,0.1312071917808219,0.0,3.007312022620026,-0.08572321405202184,-0.1450566245616981,Banks—Regional,Financial Services,ABCB
2012Q4,2012,Q4,2013-03-01,2012-12-31,4672000.0,41463000.0,0.0,0.15,41463000.0,1.0,3019052000.0,279017000.0,2585332000.0,0.0,2740035000.0,0.0,65710000.0,297456631.67,65792631.67000002,11.715732510096435,0.0,0.014000752554113012,0.15149256138514858,0.0,11.715732510096435,0.01674449943910228,7.174025798181511,15.916985855629282,1.0660878429271334,0.14190924657534246,0.0,0.002228896347940683,0.013733781332683239,0.0,0.0015475056408435495,340.7292458991982,1.0,2.7499999999999996,1.2927071074206797,0.045484785805069476,-0.1508939719458755,0.08915390475189787,1.4550709406200735,0.0,1.0711681698366489,-0.026827784315060454,-0.16435718893756207,Banks—Regional,Financial Services,ABCB
2012Q3,2012,Q3,2012-11-09,2012-09-30,1903000.0,38069000.0,0.0,0.04,38069000.0,1.0,2949383000.0,299206000.0,2501360000.0,0.0,2650177000.0,0.0,62156000.0,302741320.24,287721320.24,12.561576520130194,0.0,0.014331472040084316,0.14127056275609445,0.0,12.561576520130194,0.006360166574199715,7.952436897212956,39.771586999474515,1.0118156729477352,0.34944823962165,0.0,0.002196594767680927,0.012907445387730247,0.0,0.0006452196951023315,149.79778339435924,1.0,-0.4285714285714286,-0.6840761098983008,-0.046878177999899705,-0.05973619805927972,0.008290073100964085,-0.2372745490981964,0.0,9.666932927604153,-0.05630586460831496,-0.2572974351510267,Banks—Regional,Financial Services,ABCB
2012Q2,2012,Q2,2012-08-09,2012-06-30,2495000.0,37756000.0,0.0,0.07,37756000.0,1.0,2920311000.0,300939000.0,2465532000.0,0.0,2619372000.0,0.0,61081000.0,300117056.4,286070056.4,12.63450816652752,0.0,0.01577879890189778,0.15311740917594596,0.0,12.63450816652752,0.008290716723322667,7.948857304799237,30.071849338677353,0.997268736853648,0.2633266533066132,0.0,0.0021891458215701734,0.012928759984809838,0.0,0.0008543610594898968,22.014014259517346,1.0,-0.631578947368421,-0.7305362113134412,-0.046293006842380545,-0.05142047471094422,0.08016249928477427,-0.5349487418452936,0.0,1.5423501979309029,-0.04429618861019581,-0.24413811311763778,Banks—Regional,Financial Services,ABCB
2012Q1,2012,Q1,2012-05-10,2012-03-31,5365000.0,34954000.0,0.0,0.19,34954000.0,1.0,3043234000.0,297697000.0,2582586000.0,0.0,2745537000.0,0.0,59402000.0,312235255.44,99179255.44,12.52817710955671,0.0,0.01514145806730603,0.1547848987393222,0.0,12.52817710955671,0.018021679761636832,8.932747480688905,14.549639116495806,1.0488357472194882,0.12246039142590867,0.0,0.0021041826268918917,0.01148580753238167,0.0,0.0017629272017859947,46.97386120655935,1.0,2.9583333333333335,-0.3788444683542448,-0.11384843362205337,-0.052533059719388334,-0.11923600262057149,3.7020157756354077,0.0,5.95168505643144,-0.08662273963160001,-0.26571086529497406,Banks—Regional,Financial Services,ABCB
2011Q4,2011,Q4,2012-02-27,2011-12-31,1141000.0,39686000.0,0.0,0.048,39686000.0,1.0,2994307000.0,293770000.0,2567132000.0,0.0,2700537000.0,0.0,54852000.0,244275374.88,11974374.879999995,12.36291460604062,0.0,0.02079579682377258,0.21196514279878817,0.0,12.36291460604062,0.0038839908772168702,6.1552027132994,53.52221184925504,0.831519130203901,0.581945661700263,0.0,0.0027182437047786304,0.01325381799528238,0.0,0.0003810564514593861,30.23958589749938,1.0,-0.9272727272727272,-0.8847558663438865,-0.06081017246167763,-0.04393946876491465,0.14510777043598697,-0.9306804374240584,0.0,1.0644257936508474,0.14605231971805507,-0.27955955609436334,Banks—Regional,Financial Services,ABCB
2011Q3,2011,Q3,2011-11-09,2011-09-30,16460000.0,34657000.0,0.0,0.66,34657000.0,1.0,3010379000.0,294422000.0,2582176000.0,0.0,2715957000.0,0.0,54530000.0,204147897.85000002,211655897.85000002,12.561557806900533,0.0,0.02101695500799069,0.2148922295208918,0.0,12.561557806900533,0.055906148317720825,5.890524218772543,3.100666735267315,0.6933853375427109,0.040461725394896716,0.0,0.003262340719713661,0.011512503907315324,0.0,0.005467750073994006,10.936299236620776,1.0,10.000000000000002,0.5791683706447757,-0.14480300194196044,0.048250411410709626,-0.0018432648829238788,6.7861873226111635,0.0,25.66326475536998,-0.13724651095460655,-0.09717383109368614,Banks—Regional,Financial Services,ABCB
2011Q2,2011,Q2,2011-08-09,2011-06-30,2114000.0,34721000.0,0.0,0.06,34721000.0,1.0,2857237000.0,277158000.0,2441881000.0,0.0,2580079000.0,0.0,38888000.0,207993721.01,-36619278.99000001,11.819546513530591,0.0,0.014793662548819017,0.1525086773609277,0.0,11.819546513530591,0.007627418295701369,5.990430028224993,24.597176089167455,0.7504518037004163,0.3098391674550615,0.0,0.003149133525855373,0.012151949593260903,0.0,0.0007398756210982849,-253.9605873137973,1.0,1.9999999999999996,-0.7735489195423417,-0.06793818559980531,0.0313426882289244,0.14213815789473686,0.5341074020319303,0.0,-0.5970104930425586,-0.14470500105351025,-0.135959629842557,Banks—Regional,Financial Services,ABCB
2011Q1,2011,Q1,2011-05-10,2011-03-31,1378000.0,30400000.0,0.0,0.02,30400000.0,1.0,2918423000.0,273857000.0,2529079000.0,0.0,2644566000.0,0.0,37580000.0,238152442.16,192035442.16,11.683218928028817,0.0,0.014483507017317229,0.15434697670682143,0.0,11.683218928028817,0.005031823177789868,7.833961913157895,43.20617600870827,0.8696233514571474,0.4716981132075472,0.0,0.002729344255740636,0.010416584573243837,0.0,0.00047217281387927656,28.982894263113057,1.0,-0.7468354430379747,-0.8465065551105062,-0.14868957021747514,0.02736014925355868,0.054201199847418245,-0.2603327965646806,0.0,-0.7252685431988255,-0.22854481222335338,-0.17507176975952526,Banks—Regional,Financial Services,ABCB
2010Q4,2010,Q4,2011-03-16,2010-12-31,1863000.0,28837000.0,0.0,0.079,28837000.0,1.0,2972168000.0,273407000.0,2565341000.0,0.0,2698761000.0,0.0,37000000.0,247059718.54,25780718.53999999,11.664021140433054,0.0,0.028855703984431567,0.31368618945381793,0.0,11.664021140433054,0.006814017197804006,8.567455648645836,33.153478064949006,0.9036334788063216,0.355877616747182,0.0,0.002683561706934664,0.009702345224092312,0.0,0.0006268151733011054,-21.245138751397366,1.0,3.075923512820513,-0.6113344882014716,-0.054224831304991034,0.04448135303879802,0.06764161421695668,3.076923076923077,0.0,-0.07112241258987659,-0.26123389946494663,-0.1546417901605943,Banks—Regional,Financial Services,ABCB
2010Q3,2010,Q3,2010-11-08,2010-09-30,-897000.0,27010000.0,0.0,-0.0380553519973693,27010000.0,1.0,2434703000.0,273967000.0,2122397000.0,0.0,2160736000.0,0.0,35947000.0,220388186.15,-88023813.85,11.623088763281244,0.0,0.017361049787181435,0.15428500512835489,0.0,11.623088763281244,-0.0032741169556917437,8.159503374676046,-61.42368621794872,0.8044333301091007,-0.7647714604236343,0.0,0.0031126895319747157,0.011093755583329876,0.0,-0.0003684227603941836,6.888637706685838,1.0,0.8097232400131534,-1.1188802029200975,-0.1760833972486575,0.11987197952637527,-0.058885017421602785,0.7376425855513308,0.0,-1.1504823530215347,-0.31663775859504856,-0.12998423300262504,Banks—Regional,Financial Services,ABCB
2010Q2,2010,Q2,2010-08-09,2010-06-30,-3419000.0,28700000.0,0.0,-0.2,28700000.0,1.0,2421910000.0,274870000.0,2106372000.0,0.0,2147040000.0,0.0,37665000.0,205095005.22,-47154994.78,12.946410845801875,0.0,0.017452754231164658,0.15377814967075346,0.0,12.946410845801875,-0.012438607341652417,7.146167429268293,-14.996709945890611,0.7461527457343471,-0.1924539338988008,0.0,0.0032082692569435356,0.01185015132684534,0.0,-0.0014116957277520634,18.5287745252507,1.0,-0.8130521512385919,-1.5605380026906148,0.021560104863453243,0.26095499635533015,0.1344770337576093,-1.228813559322034,0.0,-1.414258223195887,-0.1866957120378609,-0.028003299183187315,Banks—Regional,Financial Services,ABCB
2010Q1,2010,Q1,2010-05-10,2010-03-31,-1534000.0,25298000.0,0.0,-0.11031122290849131,25298000.0,1.0,2351650000.0,193353000.0,2026490000.0,0.0,2158297000.0,0.0,43014000.0,124947788.961,-100576211.039,13.904175934175697,0.0,0.01882465502944741,0.22895429602850745,0.0,13.904175934175697,-0.007933675712298232,4.939038222823939,-20.363068605117338,0.6462159312811282,-0.423728813559322,0.0,0.005202172886811825,0.010757553207322518,0.0,-0.0006523079539897519,14.672121766204791,1.0,0.9599812722308111,-1.3712164776250633,0.4013437732853583,0.38205847754670724,0.016882386043894203,0.9599812167379735,0.0,-1.303484771674644,0.09591842672600748,0.0515294375450361,Banks—Regional,Financial Services,ABCB
2009Q4,2009,Q4,2009-12-31,2009-12-31,-38332000.0,24878000.0,0.0,-2.75649,24878000.0,1.0,2423970000.0,194964000.0,2099931000.0,0.0,2229006000.0,0.0,46031000.0,98092309.329,-133736690.671,14.020024291480507,0.0,0.018263014806288856,0.22706243203873536,0.0,14.020024291480507,-0.19661065632629612,3.9429338905458637,-0.6397547044831994,0.5031303693451099,-0.017791923197328603,0.0,0.00695263476479673,0.010263328341522378,0.0,-0.01581372706757922,-155.70207829999998,1.0,-298.02618395992124,-9.8156815926583,0.4400691614341916,0.4044052358811103,0.06621523164616637,-300.8267716535433,0.0,-7.615696537746174,0.006033468225578286,0.08420969481519797,Banks—Regional,Financial Services,ABCB
2009Q3,2009,Q3,2009-09-30,2009-09-30,-127000.0,23333000.0,0.0,-0.009218222844222414,23333000.0,1.0,2207475000.0,233016000.0,1826198000.0,0.0,1974459000.0,0.0,86425000.0,96085342.5837,-12741657.416299999,16.913333970624645,0.0,0.0223191655624639,0.21144041610876507,0.0,16.913333970624645,-0.0005450269509389913,4.118002082188317,-189.14437516476377,0.4123551283332475,-5.228346456692913,0.0,0.006910523313392874,0.010569995130182674,0.0,-5.7531795377071086e-05,21.71420171383051,1.0,0.9620903556699728,-1.036072549432737,0.40182058224789025,0.7205004361503783,0.008558461205964988,0.9528582034149963,0.0,-1.0207287238537908,-0.0204738798758635,0.4114021179200074,Banks—Regional,Financial Services,ABCB
2009Q2,2009,Q2,2009-06-30,2009-06-30,-2694000.0,23135000.0,0.0,-0.243163,23135000.0,1.0,2285245000.0,233154000.0,1897547000.0,0.0,2052091000.0,0.0,87451000.0,85137355.6871,-75709644.3129,16.715366108271414,0.0,0.0215596139582408,0.21131526802027845,0.0,16.715366108271414,-0.011554594817159473,3.6800240193256966,-7.900645479500742,0.3651550292386148,-0.49888641425389757,0.0,0.01578625491892794,0.010123641010044876,0.0,-0.0011788670361383572,15.895697477053771,1.0,-4.332948068756289,-1.765571862861246,0.4201097405784903,0.7504325001191067,0.029870014245014245,-3.2358490566037736,0.0,-1.4851394961229225,0.04405077960282171,0.4585390900657989,Banks—Regional,Financial Services,ABCB
2009Q1,2009,Q1,2009-03-31,2009-03-31,-636000.0,22464000.0,0.0,-0.04559635624891969,22464000.0,1.0,2346278000.0,237984000.0,1873094000.0,0.0,2108294000.0,0.0,91619000.0,63448859.4704,-79810140.5296,17.061640323180665,0.0,0.020998790424664085,0.20702652279144818,0.0,17.061640323180665,-0.002672448567970956,2.8244684593304843,-24.940589414465407,0.26660976986015866,-1.9937106918238994,0.0,0.01998459878686305,0.009574313018320933,0.0,-0.00027106762284776143,8.01830651717427,1.0,0.9388222937449925,-1.1726339730037154,0.3589949787390703,0.7760919183849067,0.10513110641019334,0.938822624086187,0.0,-1.119050736156166,0.05714805473255714,0.5003099280183402,Banks—Regional,Financial Services,ABCB
2008Q4,2008,Q4,2008-12-31,2008-12-31,-10396000.0,20327000.0,0.0,-0.74531,20327000.0,1.0,2407090000.0,239359000.0,1906018000.0,0.0,2167731000.0,0.0,93696000.0,159630623.9969,107729623.99689999,17.16021735123454,0.0,0.04747184359537865,0.4773958781579134,0.0,17.16021735123454,-0.04343266808434193,7.8531324837359175,-3.8387510580247213,0.6669088022464165,-0.0653135821469796,0.0,0.004253569791302614,0.008444636469762245,0.0,-0.0043189078929329605,-50.29320226745431,1.0,-26.54180945853324,-3.5063967312703057,0.19161868583850744,0.8219508431858171,-0.14649815250251932,-29.404371584699454,0.0,-4.6447166870529015,0.12032872452210693,0.5366507674892519,Banks—Regional,Financial Services,ABCB
2008Q3,2008,Q3,2008-09-30,2008-09-30,366000.0,23816000.0,0.0,0.02918,23816000.0,1.0,2257643000.0,193344000.0,1835412000.0,0.0,2064299000.0,0.0,105117000.0,199291576.3384,261153576.3384,13.913595152118418,0.0,0.0801140835818595,0.9354776977821914,0.0,13.913595152118418,0.0018929990069513406,8.367970118340612,136.12812591420766,1.0307616286949686,1.8524590163934427,0.0,0.0034020504652376585,0.010549054921437978,0.0,0.00016211597670668038,16.211793405873262,1.0,-0.8695632738813642,-0.8883097089407237,0.4485690872512831,0.5071858770822635,-0.022692765398662235,-0.8837726262305494,0.0,-0.9177220347582454,0.2322898028251509,0.34055978257303854,Banks—Regional,Financial Services,ABCB
2008Q2,2008,Q2,2008-06-30,2008-06-30,3149000.0,24369000.0,0.0,0.22371,24369000.0,1.0,2193021000.0,192555000.0,1767448000.0,0.0,2000466000.0,0.0,105430000.0,118270345.79640001,245819345.7964,13.679391521228188,0.0,0.07992125930394647,0.9102282464750331,0.0,13.679391521228188,0.016353769052997846,4.853311411892158,9.389516179453794,0.6142159164726961,0.6033661479834869,0.0,0.0160648891926875,0.011112068694280629,0.0,0.001435918762291834,19.06971070564334,1.0,0.04545688208876399,-0.0414614837217568,0.4839807646478739,0.4885461706276611,0.0457900609389752,0.06169925826028321,0.0,-0.22130289775747228,0.30830702166876645,0.33234587494855994,Banks—Regional,Financial Services,ABCB
2008Q1,2008,Q1,2008-03-31,2008-03-31,2966000.0,23302000.0,0.0,0.213983,23302000.0,1.0,2118243000.0,196308000.0,1694421000.0,0.0,1921935000.0,0.0,104182000.0,214984053.6607,268352053.6607,14.162709554288186,0.0,0.05512540345937647,0.5948254783299712,0.0,14.162709554288186,0.015108910487601117,9.225991488314307,18.120705804172285,1.0951364878695722,0.6399190829399866,0.0,0.008828561782519605,0.011000626462591874,0.0,0.001400217066691593,416.63576290833333,1.0,1.4881744186046515,-0.06848955615704162,0.44662711923898335,0.5723299897527058,0.009531236461311845,1.5008431703204048,0.0,-0.2799095630370124,0.2949878942892282,0.40775641053452716,Banks—Regional,Financial Services,ABCB
2007Q4,2007,Q4,2007-12-31,2007-12-31,1186000.0,23082000.0,0.0,0.086,23082000.0,1.0,2112063000.0,191249000.0,1694587000.0,0.0,1920814000.0,0.0,103095000.0,225559925.7017,286502925.7017,13.79772622383225,0.0,0.06286223469659759,0.6942206233758085,0.0,13.79772622383225,0.006201339614847659,9.772113582085607,47.5463587060919,1.1794044711433784,1.5387858347386172,0.0,0.008090976242001153,0.010928651276027278,0.0,0.0005615362799310437,71.28948347082806,1.0,-0.6599298506459356,-0.6222003254299192,0.35830503945205355,0.1713840425827835,-0.024923960797566747,-0.6677871148459383,0.0,-0.7263514721171898,0.34046455347822024,0.38213733080186046,Banks—Regional,Financial Services,ABCB
2007Q3,2007,Q3,2007-09-30,2007-09-30,3570000.0,23672000.0,0.0,0.252889,23672000.0,1.0,2103139000.0,188596000.0,1686722000.0,0.0,1914543000.0,0.0,103805000.0,252903511.07,353391511.07,13.359630025321499,0.0,0.0754914439796894,0.8418471229506458,0.0,13.359630025321499,0.01892935162993913,10.68365626351808,17.710329906862746,1.340980249156928,0.515686274509804,0.0,0.00727945607481281,0.011255556575195457,0.0,0.0016974626974251346,30.488669206751055,1.0,-0.33333421206641123,0.19604604915301155,0.19479718574608726,0.5197735718060226,0.030427023027031732,-0.33556672250139585,0.0,-0.010399731528452439,0.38795464735309787,0.35900168028931995,Banks—Regional,Financial Services,ABCB
2007Q2,2007,Q2,2007-06-30,2007-06-30,5373000.0,22973000.0,0.0,0.379334,22973000.0,1.0,2049073000.0,184099000.0,1635967000.0,0.0,1864974000.0,0.0,102124000.0,299409369.602,396850369.602,13.319397931003698,0.0,0.07211504909781155,0.8026605250435906,0.0,13.319397931003698,0.02918538395102635,13.033098402559526,13.931200893448723,1.6263497878967292,0.3588311930020473,0.0,0.006439344241507402,0.011211411208873477,0.0,0.002622161338322256,-48.36203676336618,1.0,0.054053978954154286,0.6426726104413348,0.3124624897006024,0.1552213735798259,0.0012639470013947002,0.06946656050955415,0.0,0.5408677113053516,0.4230830867341073,0.394806842364705,Banks—Regional,Financial Services,ABCB
2007Q1,2007,Q1,2007-03-31,2007-03-31,5024000.0,22944000.0,0.0,0.359881,22944000.0,1.0,2036413000.0,182764000.0,1628646000.0,0.0,1853649000.0,0.0,98631000.0,326773909.8078,394902909.8078,13.222811875468958,0.0,0.05783158917174463,0.6443774485128362,0.0,13.222811875468958,0.027489002210500973,14.242238049503138,16.26064439728304,1.7879555591243352,0.38136942675159236,0.0,0.005863381201782425,0.011266869736148807,0.0,0.0024670830524063637,155.31079363488593,1.0,-0.14314047619047615,1.0263985664538828,0.37166484014895906,0.16674688726619374,-0.06652020017087758,-0.12762632401458587,0.0,0.37619166344701443,0.4007480860285429,0.37647546575206897,Banks—Regional,Financial Services,ABCB
