Quarters,Year,Quarter,FillingDate,Date,NetIncome,Revenue,OperatingIncome,EPSDiluted,GrossProfit,GrossProfitRatio,TotalAssets,CommonStockEquity,CurrentAssets,CurrentLiability,TotalLiability,Inventory,RetainedEarnings,MarketCap,EnterpriseValue,bookValuePerShare,currentRatio,debtToAssets,debtToEquity,roic,shareholdersEquityPerShare,roe,priceToSalesRatio,peRatio,pbRatio,payoutRatio,inventoryTurnover,dividendYield,assetTurnover,quickRatio,returnOnAssets,priceToFreeCashFlowsRatio,grossProfitMargin,epsdilutedGrowth,fiveYNetIncomeGrowthPerShare,fiveYRevenueGrowthPerShare,fiveYShareholdersEquityGrowthPerShare,grossProfitGrowth,netIncomeGrowth,operatingIncomeGrowth,threeYNetIncomeGrowthPerShare,threeYRevenueGrowthPerShare,threeYShareholdersEquityGrowthPerShare,Industry,Sector,Symbol
2023Q1,2023,Q1,2023-05-10,2023-03-31,2006000000.0,652000000.0,2486000000.0,2.87,396000000.0,0.6073619632,123754000000.0,10782000000.0,22264000000.0,0.0,21360000000.0,0.0,2923000000.0,4194987926.4799995,3304987926.4799995,23.234698575589498,0.0,0.17260048160059474,1.9810795770728993,0.07730574747453045,23.234698575589498,0.1860508254498238,6.434030562085889,0.5228050755832502,0.38907326344648485,0.06181455633100698,0.0,0.029559083881332642,0.0052685165732016745,0.0,0.016209577064175702,1.387231457169312,0.6073619631901841,9.249999999999998,18.803936520688154,1.339550869975976,0.6726532212784448,0.17159763313609466,10.662790697674419,4.063136456211812,19.035205905845586,1.4996749649419028,0.6277486890419502,Banks—Regional,Financial Services,NYCB
2022Q4,2022,Q4,2023-03-01,2022-12-31,172000000.0,418000000.0,491000000.0,0.28,338000000.0,0.8086124402,90144000000.0,8824000000.0,71033000000.0,10325000000.0,81320000000.0,0.0,1041000000.0,4624686593.0,34371686593.0,16.408982203218457,6.879709443099274,0.35253594249201275,3.601427923844062,0.011270184428964157,16.408982203218457,0.019492293744333637,11.063843523923445,6.7219281875,0.5241031950362647,0.5116279069767442,0.0,0.019028316455691984,0.004637025204117856,1.2369007263922518,0.0019080582179623713,11.678501497474748,0.8086124401913876,-0.06666666666666654,0.1414789455877264,0.27808174833707056,0.1764972779645557,0.39669421487603307,0.13157894736842105,0.31283422459893045,0.47104855794289335,0.4322894245802106,0.1376294699263541,Banks—Regional,Financial Services,NYCB
2022Q3,2022,Q3,2022-11-04,2022-09-30,152000000.0,343000000.0,374000000.0,0.3,242000000.0,0.7055393586,62956000000.0,6746000000.0,45837000000.0,0.0,56210000000.0,0.0,957000000.0,3967432485.3999996,16292432485.4,14.503934272796686,0.0,0.2227746362538916,2.079009783575452,0.013206368086159192,14.503934272796686,0.022531870738215238,11.566858558017492,6.5253823773026305,0.5881162889712422,0.5789473684210527,0.0,0.022180591685891732,0.005448249571129042,0.0,0.0024143846495965435,17.101002092241377,0.7055393586005831,-0.11764705882352951,0.4415180731826823,-0.04914031872286725,0.04552606738966476,-0.11775428363106089,-0.1111111111111111,0.11641791044776119,0.5354394271327714,0.3596561463293065,0.008141152006027821,Banks—Regional,Financial Services,NYCB
2022Q2,2022,Q2,2022-08-08,2022-06-30,171000000.0,375300000.0,335000000.0,0.34,274300000.0,0.7308819611,63093000000.0,6824000000.0,47113000000.0,0.0,56269000000.0,0.0,893000000.0,4252855306.4800005,15514855306.48,14.649715428848436,0.0,0.23043760797552817,2.1305685814771396,0.011533466885450535,14.649715428848436,0.025058616647127784,11.331881978363977,6.217624717076024,0.6232202969636578,0.5087719298245614,0.0,0.020456844573912412,0.005948361941895297,0.0,0.0027102848176501354,19.873155637757012,0.7308819610977885,0.030303030303030328,0.5520554560202251,0.11365879447654112,0.05995306038078119,-0.20722543352601155,0.1032258064516129,0.13559322033898305,0.756692441256625,0.46865988765169386,0.021362874623058994,Banks—Regional,Financial Services,NYCB
2022Q1,2022,Q1,2022-05-09,2022-03-31,155000000.0,346000000.0,295000000.0,0.33,346000000.0,1.0,61005000000.0,6909000000.0,45763000000.0,0.0,54096000000.0,0.0,809000000.0,4986281911.360001,17666281911.36,14.853648733992065,0.0,0.2553889025489714,2.255029671443045,0.009717302472583287,14.853648733992065,0.02243450571718049,14.411219396994221,8.042390179612903,0.7217081938572877,0.5612903225806452,0.0,0.017447870286233153,0.005671666256864191,0.0,0.0025407753462830915,27.099358213913046,1.0,0.03125000000000003,0.5595139203076801,0.09096091467612309,0.0871209792564973,0.023668639053254437,0.03333333333333333,-0.006734006734006734,0.5897030323297767,0.3012078358047992,0.04302412516289312,Banks—Regional,Financial Services,NYCB
2021Q4,2021,Q4,2022-02-25,2021-12-31,150000000.0,338000000.0,297000000.0,0.32,338000000.0,1.0,59527000000.0,7044000000.0,2211000000.0,5780000000.0,52483000000.0,0.0,741000000.0,5666017984.77,26046017984.77,15.1794858807691,0.3825259515570934,0.3795084583466326,3.2071266325951164,0.007491277832072959,15.1794858807691,0.02129471890971039,16.763366818846155,9.443363307950001,0.8043750688202725,0.36,0.0,0.009530502752576775,0.005678095654072942,1.3825259515570933,0.002519864935239471,26.35357202218605,1.0,0.06666666666666674,0.37938829846751054,0.012274092721927258,0.2030026302549219,0.015015015015015015,0.006711409395973154,0.0,0.5378701532940455,0.3042837043477951,0.10400699702717606,Banks—Regional,Financial Services,NYCB
2021Q3,2021,Q3,2021-10-29,2021-09-30,149000000.0,333000000.0,0.0,0.3,333000000.0,1.0,57890000000.0,6967000000.0,50258000000.0,0.0,50923000000.0,0.0,678000000.0,5972289227.19,18336289227.19,15.013554533122987,0.0,0.2571428571428571,2.1366441797043203,0.0,15.013554533122987,0.021386536529352664,17.934802484054053,10.020619508708053,0.8572253806789149,0.5906040268456376,0.0,0.01473471840569325,0.005752288823631024,0.0,0.002573846951114182,99.53815378649999,1.0,0.0,0.24375286826026057,-0.032662428196202915,0.19643039916639715,-0.040345821325648415,-0.019736842105263157,0.0,0.4689605707983536,0.2866894486828228,0.07944509523901926,Banks—Regional,Financial Services,NYCB
2021Q2,2021,Q2,2021-08-06,2021-06-30,152000000.0,347000000.0,0.0,0.3,347000000.0,1.0,57469000000.0,6916000000.0,49770000000.0,0.0,50553000000.0,0.0,617000000.0,5114304275.94,17943304275.94,14.902187255174985,0.0,0.2595312255302859,2.1565934065934065,0.0,14.902187255174985,0.02197802197802198,14.738629037291066,8.411684664375,0.7394887617032967,0.5706644736842105,0.0,0.016960469170375508,0.006038037898693209,0.0,0.0026449042092258437,-45.95186101997358,1.0,0.03448275862068969,0.25689350919421255,-0.004278860385331454,0.19753984846743278,0.04497298729770588,0.043984724855078434,0.0,0.4904317569915694,0.27422934281776146,0.07229281869953408,Banks—Regional,Financial Services,NYCB
2021Q1,2021,Q1,2021-05-07,2021-03-31,145596000.0,332066000.0,0.0,0.29,332066000.0,1.0,57656892000.0,6796440000.0,49734514000.0,0.0,50860452000.0,0.0,552566000.0,5846756473.719999,18344797473.72,14.669855531955847,0.0,0.26399196127325075,2.2395483517841694,0.0,14.669855531955847,0.021422391722725427,17.607212041341178,10.039349421893457,0.8602675038284748,0.5993227835929559,0.0,0.014924343162266419,0.00575934616801752,0.0,0.002525214158265763,47.42010327680316,1.0,-0.23684210526315808,0.17231089229915358,-0.04947508444026257,0.1878577670091079,0.028227279764669454,-0.23234773072380632,0.0,0.4397154824848445,0.1934821891305129,0.05607486283444533,Banks—Regional,Financial Services,NYCB
2020Q4,2020,Q4,2021-02-26,2020-12-31,189664000.0,322950000.0,0.0,0.38000000000000006,322950000.0,1.0,56306120000.0,6841644000.0,48758698000.0,0.0,49464476000.0,0.0,494229000.0,4871268010.75,18473727010.75,14.817362551334345,0.0,0.2761758402106201,2.272902536290985,0.0,14.817362551334345,0.027721991965673747,15.08366004257625,6.420918058711722,0.7120025553434234,0.45851084022270966,0.0,0.01785223063237098,0.005735610977989604,0.0,0.0033684437855067977,51.7812361624891,1.0,0.6521739130434785,1.4751840579495168,-0.5170767212851036,0.16919504180770856,0.09232413564504455,0.6382828021076272,0.0,0.4659483013454151,0.15003731115639765,0.062380743202925394,Banks—Regional,Financial Services,NYCB
2020Q3,2020,Q3,2020-11-06,2020-09-30,115770000.0,295654000.0,0.0,0.23,295654000.0,1.0,54931755000.0,6734730000.0,47971479000.0,0.0,48197025000.0,0.0,391528000.0,3818928530.93,17515089530.93,14.584252270999333,0.0,0.2758841766479152,2.250246409284411,0.0,14.584252270999333,0.01718999870818875,12.916884367977433,8.24680083555757,0.5670499828396981,0.7511963375658633,0.0,0.022772355988244095,0.005382205611308068,0.0,0.00210752414518706,40.98750207603061,1.0,0.09523809523809533,-0.032259075041794635,-0.1246698785519315,0.10807300161814021,0.05120674697424374,0.09893969453330423,0.0,0.10585205580161018,-0.17447436442627126,0.05131584547483746,Banks—Regional,Financial Services,NYCB
2020Q2,2020,Q2,2020-08-07,2020-06-30,105347000.0,281252000.0,0.0,0.21,281252000.0,1.0,54210416000.0,6693013000.0,47263312000.0,0.0,47517403000.0,0.0,362724000.0,4711722036.599999,17793531036.6,14.489125646567858,0.0,0.2672242175747185,2.1643968120187425,0.0,14.489125646567858,0.015739846911996137,16.752670333366517,11.18143382488348,0.7039762266411256,0.8255289661784388,0.0,0.018457582880410276,0.005188154246962429,0.0,0.0019432981292746398,282.29117707746684,1.0,0.049999999999999906,-0.1838138287806248,-0.21921248231508847,0.10319150562175837,0.07608487714545886,0.050025914998803926,0.0,-0.035807749511380334,-0.15841197822802094,0.0483338837475623,Banks—Regional,Financial Services,NYCB
2020Q1,2020,Q1,2020-05-11,2020-03-31,100328000.0,261366000.0,0.0,0.2,261366000.0,1.0,54261093000.0,6637385000.0,47205889000.0,0.0,47623708000.0,0.0,344344000.0,4366293378.3,17446767378.3,14.274131339810708,0.0,0.26565406634916106,2.1717408286546585,0.0,14.274131339810708,0.015115591456575142,16.70566706572393,10.880046891944424,0.6578333753880482,0.872528107806395,0.0,0.020048813127184543,0.004816821511501805,0.0,0.0018489859760104721,33.520347144129346,1.0,-2.7755575615628904e-16,-0.2003564361192828,-0.2784315706741769,0.08874014664177672,0.03498990218983883,-0.008361832091248739,0.0,0.009751331829708935,-0.1756400076340513,0.04470678673443609,Banks—Regional,Financial Services,NYCB
2019Q4,2019,Q4,2020-02-28,2019-12-31,101174000.0,252530000.0,0.0,0.20000000000000007,252530000.0,1.0,53640821000.0,6711694000.0,46101973000.0,0.0,46929127000.0,0.0,342023000.0,5593141483.82,18894855483.82,14.423837142932587,0.0,0.26180777508979586,2.0924052854614645,0.0,14.423837142932587,0.015074286759795665,22.14842388555815,13.820599867110126,0.8333427423568476,0.8654199695573962,0.0,0.015654529793907464,0.004707795206937641,0.0,0.001886138170778557,32.62524489500455,1.0,0.05263157894736876,-0.2689909291126563,-0.32439347449623107,0.10038764692157955,0.0005110914774505647,0.0214849665811845,0.0,-0.07215561041413496,-0.24576731720045944,0.1431160552874647,Banks—Regional,Financial Services,NYCB
2019Q3,2019,Q3,2019-11-12,2019-09-30,99046000.0,252401000.0,0.0,0.19,252401000.0,1.0,52537629000.0,6695007000.0,45321271000.0,0.0,45842622000.0,0.0,328407000.0,5840234441.3,18112526441.3,14.38680907324966,0.0,0.24985843955767398,1.9607104219607239,0.0,14.38680907324966,0.014794009924112103,23.138713560168146,14.741217316448925,0.8723268610921543,0.8840336813197908,0.0,0.014992548823178695,0.0048041947229860715,0.0,0.001885239244428027,73.6111425818324,1.0,0.0,-0.21927049768185825,-0.282518634613557,0.09837660705323766,-0.011304923478281307,0.01850975875614421,0.0,-0.17555726096237917,-0.26885986689224295,0.14648504351609914,Banks—Regional,Financial Services,NYCB
2019Q2,2019,Q2,2019-08-09,2019-06-30,97246000.0,255287000.0,0.0,0.19,255287000.0,1.0,52776253000.0,6674678000.0,45574981000.0,0.0,46101575000.0,0.0,316921000.0,4704704534.46,16066620534.46,14.343301281882813,0.0,0.23855825838943132,1.8862649254390997,0.0,14.343301281882813,0.01456939196167965,18.429079954952662,12.094853604415604,0.7048586515274594,0.9003660818953994,0.0,0.018610520460675368,0.0048371565901050234,0.0,0.001842609023418165,46.79528670214248,1.0,0.0,-0.22326119167518074,-0.27958372534005727,0.09835101723983376,-0.04067115102777047,-0.00339219283232729,0.0,-0.1980442380816026,-0.26943187070991365,0.15262776862932295,Banks—Regional,Financial Services,NYCB
2019Q1,2019,Q1,2019-05-10,2019-03-31,97577000.0,266110000.0,0.0,0.19,266110000.0,1.0,52131046000.0,6629070000.0,45002646000.0,0.0,45501976000.0,0.0,307232000.0,5488170746.58,17268689746.58,14.2409445531016,0.0,0.24496991677473726,1.926444885934226,0.0,14.2409445531016,0.014719560964056798,20.623692257262036,14.061127997837604,0.8278945231503061,0.8972093833587833,0.0,0.015951945382631484,0.005104635728966574,0.0,0.001871763708712079,34.63945130607118,1.0,-2.9216395384872533e-16,-0.19870366593903077,-0.24385931668860655,0.09255122160367983,-0.015534073967200501,-0.04090859945546939,0.0,-0.2180433831720533,-0.24187270961383742,0.15312768827877096,Banks—Regional,Financial Services,NYCB
2018Q4,2018,Q4,2019-03-01,2018-12-31,101739000.0,270309000.0,0.0,0.19000000000000006,270309000.0,1.0,51899376000.0,6655235000.0,44700917000.0,0.0,45244141000.0,0.0,297202000.0,4554783954.32,16787694954.32,13.749447169849272,0.0,0.26412390777106837,2.059711790793263,0.0,13.749447169849272,0.015287063492123118,16.850285985002348,11.19232534799831,0.6843911528773965,0.8973943128986918,0.0,0.02004485853020673,0.005208328516319733,0.0,0.001960312586417224,14.282438679242915,1.0,-0.04999999999999977,-0.23134357808694986,-0.2799707959376889,0.05333493370519765,-0.007778201946936438,-0.04713782639643352,0.0,1.2431508697174047,-0.6144197648864848,0.0849289408213293,Banks—Regional,Financial Services,NYCB
2018Q3,2018,Q3,2018-11-08,2018-09-30,106772000.0,272428000.0,0.0,0.2,272428000.0,1.0,51246654000.0,6794015000.0,44495874000.0,0.0,44452639000.0,0.0,286763000.0,5011767248.4,16920435248.4,13.90858562361485,0.0,0.2661719533923132,2.007711493130351,0.0,13.90858562361485,0.015715596742132597,18.396667186926454,11.734741431274117,0.7376738568283997,0.8576031169220395,0.0,0.018270601059782447,0.005316015363656718,0.0,0.0020834921241882445,-39.31661265532823,1.0,0.0,-0.1589090545744417,-0.2735904962445663,0.07282413542183157,-0.04965098147288958,-0.005421316392495855,0.0,-0.1562516427631433,-0.23751317336537178,0.056737632745692206,Banks—Regional,Financial Services,NYCB
2018Q2,2018,Q2,2018-08-08,2018-06-30,107354000.0,286661000.0,0.0,0.2,286661000.0,1.0,50469170000.0,6789352000.0,44356727000.0,0.0,43679818000.0,0.0,271559000.0,5393377018.08,16782819018.08,13.897497955127786,0.0,0.26934936714830066,2.0022292259997716,0.0,13.897497955127786,0.015812112849650454,18.814477791119128,12.559795205767832,0.7943875966483989,0.8529910389924922,0.0,0.016978601661450123,0.005679923010423988,0.0,0.002127120378639078,27.68077220558196,1.0,0.0,-0.2117905038506061,-0.26311279561124995,0.0736267574756542,-0.022152103835854753,0.00752684135445604,0.0,-0.2135464564191028,-0.24752229470181297,0.058145402798990525,Banks—Regional,Financial Services,NYCB
2018Q1,2018,Q1,2018-05-10,2018-03-31,106552000.0,293155000.0,0.0,0.2,293155000.0,1.0,49654874000.0,6780717000.0,44657300000.0,0.0,42874157000.0,0.0,255777000.0,6360465529.059999,16573452529.06,13.890923880701774,0.0,0.259667540390899,1.9015332744310078,0.0,13.890923880701774,0.01571397243093909,21.69659575671573,14.923383721234703,0.9380225614872292,0.8582570012763721,0.0,0.014377721187573996,0.005903851452729494,0.0,0.002145851784862046,44.099462865284615,1.0,-0.2307692307692311,-0.19308285077807213,-0.24100661105667956,0.07561095411510316,-0.010671004363570095,-0.21951934134675252,0.0,-0.19101823837407175,-0.2290458132689664,0.05951151371888414,Banks—Regional,Financial Services,NYCB
2017Q4,2017,Q4,2018-03-02,2017-12-31,136521000.0,296317000.0,0.0,0.2600000000000001,296317000.0,1.0,49124195000.0,6795376000.0,44045109000.0,0.0,42328819000.0,0.0,237868000.0,6343570326.66,16279080326.66,13.947318460105107,0.0,0.2537177250436368,1.83414118659512,0.0,13.947318460105107,0.02009027903680385,21.408053964706717,11.616473521765883,0.9335127779036804,0.6684685872503131,0.0,0.0143862202672308,0.006031997063768679,0.0,0.00277909897556591,587.3132419831497,1.0,0.23809523809523872,-0.001491660020690213,-0.20151111828742932,0.07941008246514372,-0.21591005313406295,0.23584205380743745,0.0,-0.05793283027369069,-0.24287778703086138,0.06403426419029808,Banks—Regional,Financial Services,NYCB
2017Q3,2017,Q3,2017-11-09,2017-09-30,110468000.0,377912000.0,0.0,0.21,377912000.0,1.0,48457891000.0,6759654000.0,43777266000.0,0.0,41698237000.0,0.0,192607000.0,6280965765.67,14917140765.67,13.872379393665666,0.0,0.24585473602225075,1.7624573683800975,0.0,13.872379393665666,0.016342256571120355,16.620180797831242,14.214446187289532,0.9291845064362763,0.8262121157258211,0.0,0.01453120481866917,0.007798771102110078,0.0,0.002279669992241305,8.111599696856205,1.0,-0.0454545454545455,-0.22942057884378833,-0.07385291521363914,0.07633045163979467,0.0719965052718768,-0.04153398984859659,0.0,-0.16840247646822035,0.02594312024478166,0.05910191291139607,Banks—Regional,Financial Services,NYCB
2017Q2,2017,Q2,2017-08-09,2017-06-30,115255000.0,352531000.0,0.0,0.22,352531000.0,1.0,48347658000.0,6734778000.0,43259484000.0,0.0,41612880000.0,0.0,173409000.0,6398017964.52,17181697964.52,13.821098288621972,0.0,0.24641371460019842,1.7689560071616317,0.0,13.821098288621972,0.017113407450104517,18.148809507589405,13.877961833586395,0.9499968617406542,0.7919049065116481,0.0,0.014265511679732747,0.00729158380329405,0.0,0.002383879690718421,40.65356854802738,1.0,0.047619047619047665,-0.21077338736496373,-0.1978260152915684,0.07834653761419641,0.06272062702539755,0.10867955019863983,0.0,-0.12084894381692278,-0.04993657819418337,0.05836285987063707,Banks—Regional,Financial Services,NYCB
2017Q1,2017,Q1,2017-05-10,2017-03-31,103957000.0,331725000.0,0.0,0.21,331725000.0,1.0,48824564000.0,6647351000.0,42082441000.0,0.0,42177213000.0,0.0,149425000.0,6796569231.320001,17525725231.32,13.66328956704594,0.0,0.23990899335015056,1.762123287908221,0.0,13.66328956704594,0.01563886125465618,20.48856502018238,16.344664696268648,1.02244777375529,0.7980895947362852,0.0,0.012207188241042386,0.006794223497827856,0.0,0.002129194640632121,19.06856148035508,1.0,-0.04545454545454537,-0.20951363633166337,-0.14875510011693793,0.07120308866932903,-0.05010007989210271,-0.08595570326993925,0.0,-0.18319215015397805,-0.09813800947426918,0.04823410076051813,Banks—Regional,Financial Services,NYCB
2016Q4,2016,Q4,2017-03-01,2016-12-31,113733000.0,349221000.0,0.0,0.21999999999999997,349221000.0,1.0,48926555000.0,6123991000.0,43996056000.0,0.0,42802564000.0,0.0,128435000.0,7721723347.940001,19187252347.940002,12.61799891289722,0.0,0.2457434209295954,1.9633240806526333,0.0,12.61799891289722,0.018571712466592456,22.11128010039488,16.973357222485998,1.2608972397150813,0.7273966219127255,0.0,0.01071380005113372,0.007137657658504671,0.0,0.0023245658722548523,22.36223175058355,1.0,-0.15384615384615397,-0.1312968849406927,-0.03218463922783428,-0.011222361032056023,-0.030073684415176823,-0.0923072011747899,0.0,-0.14303045001094197,-0.07226475095519069,-0.033344476747093094,Banks—Regional,Financial Services,NYCB
2016Q3,2016,Q3,2016-11-09,2016-09-30,125299000.0,360049000.0,0.0,0.26,360049000.0,1.0,49462620000.0,6090512000.0,42648250000.0,0.0,43372108000.0,0.0,97431000.0,6906573161.54,18076600161.54,12.548623424800603,0.0,0.24143098363976676,1.9607233349183122,0.0,12.548623424800603,0.020572818836905666,19.18231452257887,13.780184122658602,1.1339889259786369,0.6602925801482853,0.0,0.01197902318051349,0.007279214081259747,0.0,0.002533205883554086,69.4763367656852,1.0,0.0,-0.05953257077563431,-0.08332731206196245,-0.017818065163145682,-0.0119889796881603,-0.009180768622489325,0.0,-0.006611790159011552,-0.03377737911888156,-0.0320751195873973,Banks—Regional,Financial Services,NYCB
2016Q2,2016,Q2,2016-08-05,2016-06-30,126460000.0,364418000.0,0.0,0.26,364418000.0,1.0,49035747000.0,6039112000.0,42060724000.0,0.0,42996635000.0,0.0,54866000.0,7274693064.27,18573543064.27,12.444001153069147,0.0,0.24417164482066522,1.982599262937995,0.0,12.444001153069147,0.020940164712957798,19.962496540428848,14.38141124519611,1.2045964811167602,0.6541910485529021,0.0,0.011372163645821349,0.0074316804024623095,0.0,0.002578934914563451,-98.11176533467302,1.0,-0.03703703703703707,-0.04854892800332679,-0.11270281187660669,-0.023791905679253784,-0.0027447793093445644,-0.02654935377841412,0.0,-0.06533651766845319,-0.05700174393961209,-0.03866058112544013,Banks—Regional,Financial Services,NYCB
2016Q1,2016,Q1,2016-05-10,2016-03-31,129909000.0,365421000.0,0.0,0.27,365421000.0,1.0,48515572000.0,5984800000.0,41318404000.0,0.0,42530772000.0,0.0,11135000.0,7705225812.3,18346117812.3,12.349841823986125,0.0,0.2327453131955241,1.886741745755915,0.0,12.349841823986125,0.02170648977409437,21.085886723258927,14.828121631873081,1.2874658822851224,0.6359682547013679,0.0,0.010722333389388187,0.007532035281373164,0.0,0.002677676355129854,25.60641325412914,1.0,1.2934782608695652,-0.059539359269944275,-0.09951184562670007,-0.036789023472812724,1.917055652592905,1.320915893252834,0.0,-0.009024721642789857,-0.04700542138000226,-0.04371910309559416,Banks—Regional,Financial Services,NYCB
2015Q4,2015,Q4,2016-02-29,2015-12-31,-404807000.0,678238000.0,0.0,-0.92,-398472000.0,1.0,50317796000.0,5934696000.0,41135380000.0,0.0,44383100000.0,0.0,-36568000.0,7642486663.68,20927217663.68,12.673131531951261,0.0,0.2747021153311246,2.329083916008503,0.0,12.673131531951261,-0.06821023351490961,11.268148737876675,-4.719833564933412,1.2877637984624655,-0.2992635996907168,0.0,0.015851385201065812,0.013479087995030625,0.0,-0.008045006581766817,-10.965963002892694,-0.5875105788823393,-4.538461538461539,-3.5897059603332226,0.6051310113870243,-0.0038064004742217844,-2.2305658839079467,-4.529636928013393,0.0,-4.080409749410003,0.9015277311888213,-0.0192017203074579,Banks—Regional,Financial Services,NYCB
2015Q3,2015,Q3,2015-11-09,2015-09-30,114688000.0,323812000.0,0.0,0.26,323812000.0,1.0,49045482000.0,5826837000.0,39282265000.0,0.0,43218645000.0,0.0,489383000.0,7995301043.94,18297292043.94,13.16181537651551,0.0,0.22199363847622092,1.8685583619380464,0.0,13.16181537651551,0.019682719801497793,24.69118205606957,17.428373160095212,1.372151142024395,0.9677385602678571,0.0,0.013881653660073602,0.006602279900113939,0.0,0.002338400915297356,91.43129524437938,1.0,-0.07142857142857148,-0.1643215352332596,-0.18814678380173802,0.047734791898184026,-0.06205066708377506,-0.07288365776369397,0.0,-0.11944734890609919,-0.12654878191761595,0.021199196373849837,Banks—Regional,Financial Services,NYCB
2015Q2,2015,Q2,2015-08-10,2015-06-30,123704000.0,345234000.0,0.0,0.28,345234000.0,1.0,48648532000.0,5814623000.0,38804489000.0,0.0,42833909000.0,0.0,485683000.0,8137215159.74,17816920159.739998,13.133826332719805,0.0,0.21107364555214123,1.7659653944890321,0.0,13.133826332719805,0.021274638097775214,23.57014419130213,16.444931367902413,1.3994398535795012,0.8972870723662937,0.0,0.01364078469366006,0.007096493682481519,0.0,0.002542810541539054,91.84734081765336,1.0,0.03703703703703707,-0.1096392494986943,-0.07049630600580371,0.04701665639374153,0.0027127505082776646,0.03727182015613077,0.0,-0.06765611742084693,-0.13536013112833498,0.024724363849861538,Banks—Regional,Financial Services,NYCB
2015Q1,2015,Q1,2015-05-11,2015-03-31,119259000.0,344300000.0,0.0,0.27,344300000.0,1.0,48251715000.0,5794797000.0,38306222000.0,0.0,42456918000.0,0.0,472977000.0,7394498354.74,16156342354.74,13.110687048548106,0.0,0.19365947925374258,1.6125503619885218,0.0,13.110687048548106,0.020580358552680967,21.476904893232646,15.500923105887187,1.2760582216667815,0.9294979833807092,0.0,0.014991010164867048,0.007135497670911801,0.0,0.002471601268473048,112.61972242556237,1.0,-0.06896551724137936,-0.06805573807295895,-0.0446273203140663,0.03849692579616402,-0.028282263822917635,-0.09099293428965602,0.0,-0.0018119390173779708,-0.027490379776180962,0.02787900322734048,Banks—Regional,Financial Services,NYCB
2014Q4,2014,Q4,2015-03-02,2014-12-31,131197000.0,354321000.0,0.0,0.29000000000000004,354321000.0,1.0,48559217000.0,5781815000.0,38472394000.0,0.0,42777402000.0,0.0,464569000.0,7057470480.0,17034807480.0,13.1079598933016,0.0,0.217085193115861,1.8232141637184862,0.0,13.1079598933016,0.02269131751880681,19.918295782637777,13.44823143821886,1.2206323585240968,0.8428317720679589,0.0,0.01566807828858251,0.007296678609953699,0.0,0.00270179397662034,34.76243956260467,1.0,0.07407407407407414,-0.28167359982006035,0.20894307985151192,-0.08611659828896723,0.06252417751468643,0.09096276339204044,0.0,0.10261465093058879,0.0804483800174953,0.027172194613013855,Banks—Regional,Financial Services,NYCB
2014Q3,2014,Q3,2014-11-07,2014-09-30,120258000.0,333471000.0,0.0,0.27,333471000.0,1.0,48679772000.0,5777998000.0,38184755000.0,0.0,42901774000.0,0.0,443949000.0,7000694218.5,17008769218.5,13.098247887714109,0.0,0.21920012279433027,1.846766302099793,0.0,13.098247887714109,0.020813091316404055,20.993412376188633,14.553489619193732,1.2116124336664706,0.9195147100400805,0.0,0.015795433502549576,0.006850299134515256,0.0,0.0024703895490718404,18.57987950417873,1.0,0.0,-0.04260979607521074,0.11020666033968983,0.0446401202001588,-0.007334752258621459,0.013227959018603398,0.0,-0.006875568268904103,-0.0658765183200588,0.025201093205345432,Banks—Regional,Financial Services,NYCB
2014Q2,2014,Q2,2014-08-08,2014-06-30,118688000.0,335935000.0,0.0,0.27,335935000.0,1.0,48604772000.0,5761018000.0,37846539000.0,0.0,42843754000.0,0.0,434336000.0,7049657906.74,17828073906.739998,13.058941136985206,0.0,0.23551938480443854,1.9870387490544206,0.0,13.058941136985206,0.020601914453313632,20.98518435631893,14.849137879861486,1.223682673225461,0.9317454165543273,0.0,0.015686860477906392,0.006911564156704613,0.0,0.002441900149228146,-65.69554839098669,1.0,0.03846153846153849,0.6374061957360058,0.3088718484221095,0.06548322234936951,0.008544262944738493,0.029795061342773353,0.0,-0.017659911937752598,-0.10019932967554762,0.02444896013521686,Banks—Regional,Financial Services,NYCB
2014Q1,2014,Q1,2014-05-09,2014-03-31,115254000.0,333089000.0,0.0,0.26,333089000.0,1.0,47567470000.0,5742652000.0,36648788000.0,0.0,41824818000.0,0.0,426251000.0,7079969509.86,17280177509.86,13.034578399169524,0.0,0.22858226430793985,1.8933900225888667,0.0,13.034578399169524,0.020069821399590293,21.255488802872506,15.357318422484251,1.2328745516635868,0.9584135908515106,0.0,0.015601903348053298,0.007002453567532601,0.0,0.002422958378908948,40.13110406278164,1.0,-0.03703703703703707,0.012683751806614185,0.133025947608002,0.05646673950615739,-0.022620437913368038,-0.04078898089967126,0.0,-0.08223788176077919,-0.09714599469749266,0.016616177552944495,Banks—Regional,Financial Services,NYCB
2013Q4,2013,Q4,2014-02-28,2013-12-31,120155000.0,340798000.0,0.0,0.27,340798000.0,1.0,46688287000.0,5735662000.0,35770579000.0,0.0,40952625000.0,0.0,422761000.0,7403970964.250001,17990122964.25,13.053252797269707,0.0,0.24054645654487172,1.958048085818167,0.0,13.053252797269707,0.020948758835510183,21.72539441032518,15.405041330468977,1.2908659827322462,0.9166160376180766,0.0,0.014875260928465354,0.007299432510770849,0.0,0.0025735576891051924,235.54770350427899,1.0,0.03846153846153849,-0.08388311227735358,0.24615173140163416,0.05960647051242068,0.01012502148899467,0.052145359019264446,0.0,-0.18079230379655853,-0.14044209697771745,0.026073694323119245,Banks—Regional,Financial Services,NYCB
2013Q3,2013,Q3,2013-11-08,2013-09-30,114200000.0,337382000.0,0.0,0.26,337382000.0,1.0,45764133000.0,5697045000.0,35732704000.0,0.0,40067088000.0,0.0,412742000.0,6639871598.69,16422451598.689999,12.964460030670388,0.0,0.2411526511383926,1.9371695326261247,0.0,12.964460030670388,0.02004547971799415,19.680574537734675,14.535620837762696,1.1654939707673013,0.964430823117338,0.0,0.016587368951792598,0.0073721925421377475,0.0,0.002495403988096967,10.006000097485039,1.0,-0.07142857142857148,0.5305742078919174,0.6152441897850071,0.0399345862887495,-0.035872376298455425,-0.067884456850886,0.0,-0.1616812240578786,-0.14782587602193242,0.032024492346499026,Banks—Regional,Financial Services,NYCB
2013Q2,2013,Q2,2013-08-09,2013-06-30,122517000.0,349935000.0,0.0,0.28,349935000.0,1.0,44185838000.0,5688461000.0,35304214000.0,0.0,38497377000.0,0.0,408680000.0,6209457438.240001,14352464438.240002,12.94444075500133,0.0,0.2141572374388373,1.6634933420480513,0.0,12.94444075500133,0.021537811369366864,17.74460239255862,12.670603749357232,1.0915882939585944,0.8984793946962463,0.0,0.017727635803104984,0.007919618951212378,0.0,0.0027727662424326996,326.0927128578931,1.0,0.03703703703703707,1.5966852530498168,1.4449747261735884,-0.00026586344508076253,0.008095066618653222,0.03237413103012429,0.0,-0.11162277196875992,-0.05083057141272957,0.031919010869222664,Banks—Regional,Financial Services,NYCB
2013Q1,2013,Q1,2013-05-10,2013-03-31,118675000.0,347125000.0,0.0,0.27,347125000.0,1.0,44511718000.0,5665614000.0,36146159000.0,0.0,38846104000.0,0.0,396242000.0,6242750349.64,13111960349.64,12.914449994728558,0.0,0.2004925534440167,1.5751634333013156,0.0,12.914449994728558,0.020946538186328967,17.984156570803027,13.15093817071835,1.1018665143160122,0.926522013903518,0.0,0.017613230361893415,0.007798508248996365,0.0,0.0026661518658974252,9.99441319840416,1.0,-0.03571428571428574,0.22960463656715885,0.37026227823773666,0.021680851429428626,0.041107435389105,-0.03392948723166969,0.0,-0.06567122600146948,-0.029571827604784676,0.022952997673688927,Banks—Regional,Financial Services,NYCB
2012Q4,2012,Q4,2013-03-01,2012-12-31,122843000.0,333419000.0,0.0,0.28,333419000.0,1.0,44145100000.0,5656264000.0,36354555000.0,0.0,38488836000.0,0.0,387534000.0,5734515358.4,12512448358.4,12.921241599163489,0.0,0.20852124018294216,1.627433054751334,0.0,12.921241599163489,0.021718045692350994,17.19912589984374,11.670415405029184,1.0138344600605629,0.8926841578274708,0.0,0.019122801692277005,0.0075527974792219295,0.0,0.002782709745815504,275.817197749026,1.0,-0.034482758620689495,0.3700482922520971,1.1595100816034416,0.01631797788740531,-0.09052745855916554,-0.04623518998742217,0.0,-0.3222773494598691,0.1463123418923027,-0.09913454701612334,Banks—Regional,Financial Services,NYCB
2012Q3,2012,Q3,2012-11-09,2012-09-30,128798000.0,366607000.0,0.0,0.29,366607000.0,1.0,44093795000.0,5642465000.0,36100688000.0,4300000.0,38451330000.0,0.0,374351000.0,6168428523.92,13006523523.92,12.888587675403059,8395.508837209301,0.2126463598789807,1.6617533294402358,0.0,12.888587675403059,0.022826548325953284,16.825724887740822,11.973067368903244,1.093215203624657,0.8514262643829873,0.0,0.017777947750347026,0.008314253740237147,728.6706976744186,0.002921000562550808,46.479109392528294,1.0,-0.03333333333333337,-0.18277230597139804,0.07812642190180559,-0.015069114400112167,-0.07155429378946009,-0.0183977075267506,0.0,0.03320086259615053,0.22983584782127878,0.027918840280327543,Banks—Regional,Financial Services,NYCB
2012Q2,2012,Q2,2012-08-09,2012-06-30,131212000.0,394861000.0,0.0,0.3,394861000.0,1.0,43487347000.0,5611519000.0,36357300000.0,4300000.0,37875828000.0,0.0,355215000.0,5485892606.67,10603831606.67,12.816935749801416,8455.186046511628,0.190368292643835,1.4752889547375676,0.0,12.816935749801416,0.02338261707747938,13.893224721281666,10.452345453674205,0.9776127652191856,0.8357695942444289,0.0,0.019990001238206285,0.009079905472274498,881.8206976744186,0.0030172454530279806,-15.570590157553843,1.0,0.111111111111111,1.497445836758576,0.945080454063851,-0.030081573758252263,0.12685425644245313,0.10958707178676227,0.0,0.8239721815459201,0.5501765087398041,0.04573792469792309,Banks—Regional,Financial Services,NYCB
2012Q1,2012,Q1,2012-05-10,2012-03-31,118253000.0,350410000.0,0.0,0.27,350410000.0,1.0,43038151000.0,5579941000.0,35286772000.0,94293000.0,37458210000.0,0.0,333666000.0,6085177918.690001,13880517918.69,12.75508791149843,374.22472505912424,0.2358633854879128,1.8192170849118297,0.0,12.75508791149843,0.021192517985405224,17.3658797371365,12.864743217275672,1.0905452080389382,0.926437384252408,0.0,0.018003417724815594,0.00814184605653714,31.96624351754637,0.002747631978892402,8.267073580495984,1.0,0.0,0.2286928627411119,0.3860356506289264,0.012514458731504793,0.08064849395082326,0.005108285452011015,0.0,0.04640393042152074,0.20039842419899043,0.0338137318529387,Banks—Regional,Financial Services,NYCB
2011Q4,2011,Q4,2012-02-29,2011-12-31,117652000.0,324259000.0,0.0,0.27,324259000.0,1.0,42024302000.0,5565704000.0,34628116000.0,94284000.0,36458598000.0,0.0,324967000.0,5395080832.389999,13323040832.39,12.761209816665659,367.2745746892368,0.2362846383504478,1.7840864336299596,0.0,12.761209816665659,0.021138745430946383,16.638183774050987,11.46406527808707,0.9693438300689364,0.9286454968891307,0.0,0.02025122577294168,0.007715987763461247,36.29012345679013,0.002799618182831448,30.40732713955598,1.0,0.0,0.49618212368224424,0.3534476361753286,0.018976840484728648,-0.0815129335251929,-0.01751983298538622,0.0,-0.09625709474351989,0.19454488297967162,0.035899687481258574,Banks—Regional,Financial Services,NYCB
2011Q3,2011,Q3,2011-11-09,2011-09-30,119750000.0,353036000.0,0.0,0.27,353036000.0,1.0,41969028000.0,5573571000.0,33986913000.0,608557000.0,36395457000.0,0.0,316572000.0,5191302719.400001,12884699719.400002,12.776271869513662,55.84836424525558,0.22135554342597594,1.6668087658702113,0.0,12.776271869513662,0.02148532780868854,14.704740364722014,10.83779273361169,0.9314141184170796,0.9124008350730689,0.0,0.021046740270355115,0.008411822165621754,3.8205706285524608,0.0028532945771343574,-15.902144319090345,1.0,0.0,0.3071542355484441,0.47423615459039525,0.02399038860175486,-0.04360758859272945,0.002435982219841117,0.0,0.6167007225976016,0.7025547885883588,0.02483921193038988,Banks—Regional,Financial Services,NYCB
2011Q2,2011,Q2,2011-08-09,2011-06-30,119459000.0,369133000.0,0.0,0.27,369133000.0,1.0,40602625000.0,5560103000.0,32060918000.0,608526000.0,35042522000.0,0.0,306082000.0,6538329925.52,14720500925.52,12.747283315375281,52.6861925373772,0.21900761342400893,1.5993020273185587,0.0,12.747283315375281,0.021485033640563853,17.712667048245486,13.68320914606685,1.1759368352564692,0.914481119045028,0.0,0.016708089258942037,0.009091358009488303,2.415513881083142,0.0029421496762832454,63.54370888303611,1.0,-0.06896551724137918,0.5215322837393751,0.41915670469864547,-0.030541522798871946,0.020093295234094765,-0.030176333051893225,0.0,1.5861572212021973,1.5984607341872763,-0.015492865244580732,Banks—Regional,Financial Services,NYCB
2011Q1,2011,Q1,2011-05-10,2011-03-31,123176000.0,361862000.0,0.0,0.29,361862000.0,1.0,41046944000.0,5540586000.0,33498464000.0,608496000.0,35506358000.0,0.0,295866000.0,7458586307.040001,14001419307.04,12.821533521672386,55.05124766637743,0.21669242903929706,1.605346799056995,0.0,12.821533521672386,0.02223158344622753,20.61168707142502,15.138067292004937,1.3461728248672613,0.886162888874456,0.0,0.014634676801550431,0.00881580855325064,5.1420420183534485,0.003000856775110956,8.926110239255523,1.0,-0.14705882352941188,0.14017196958265266,0.4244959389602657,0.02390980218647709,-0.07679551386227781,-0.1505162033365287,0.0,0.2956499657928904,0.4501606890729904,0.014330094614961176,Banks—Regional,Financial Services,NYCB
2010Q4,2010,Q4,2011-03-01,2010-12-31,145001000.0,391963000.0,0.0,0.34,391963000.0,1.0,41190689000.0,5526220000.0,33654211000.0,608465000.0,35664469000.0,0.0,281844000.0,8188405278.3,16280444278.3,12.721554864420028,55.310019475236864,0.24324868661458904,1.8130984651353004,0.0,12.721554864420028,0.026238730995146772,20.890760807270073,14.117842770567101,1.4817371147547511,0.7500224136385266,0.0,0.01328146278839028,0.009515815576670738,5.578933874586048,0.003520237304115015,27.6533481869852,1.0,0.09677419354838718,1.4006724604170555,0.5477212729900904,0.01584895215778437,-0.005465382107343758,0.06925794010722003,0.0,0.6296483775605354,1.5582761013397826,0.0006116530030729083,Banks—Regional,Financial Services,NYCB
2010Q3,2010,Q3,2010-11-09,2010-09-30,135609000.0,394117000.0,0.0,0.31,394117000.0,1.0,41706438000.0,5495298000.0,34258930000.0,613435000.0,36211140000.0,0.0,245597000.0,7108536288.75,5913959288.75,12.562163133544713,55.847693724681506,0.024948522336047975,0.18934623745609427,0.0,12.562163133544713,0.024677278648036923,18.036614225597983,13.104838706778311,1.2935670256189928,0.8018789313393654,0.0,0.015297382693550507,0.009449788063895554,25.432813582531157,0.0032515123924033024,-56.222851969391385,1.0,0.0,0.040776933554989,0.39326881059356295,0.006505433771717796,0.08197805938680489,-0.004763023088552598,0.0,-0.1388888874561305,0.15992745691970614,-0.040014098380602804,Banks—Regional,Financial Services,NYCB
2010Q2,2010,Q2,2010-08-09,2010-06-30,136258000.0,364256000.0,0.0,0.31,364256000.0,1.0,42010747000.0,5446434000.0,34583714000.0,653605000.0,36564313000.0,0.0,218730000.0,6630001147.7699995,5096486147.7699995,12.544047176820358,52.91225434321953,0.025726988382282278,0.19844360548571782,0.0,12.544047176820358,0.025017837359270306,18.20148782112031,12.164425479182873,1.2173104728286435,0.7978467319350057,0.0,0.016397131399677904,0.008670543277890299,24.518794990858392,0.0032434081688668855,-83.63188288725465,1.0,0.06896551724137938,-0.04901535596299823,0.22800302699409755,0.011301393381728878,0.04183875433317698,0.09753602525996988,0.0,1.6152077645646596,0.8093463421535446,-0.05073234867137806,Banks—Regional,Financial Services,NYCB
2010Q1,2010,Q1,2010-05-10,2010-03-31,124149000.0,349628000.0,0.0,0.29,349628000.0,1.0,42430737000.0,5413461000.0,34141238000.0,653575000.0,37017276000.0,0.0,191185000.0,7092352428.8,14295313428.8,12.62467583955224,52.23767432964847,0.2298062840624239,1.8012229145088512,0.0,12.62467583955224,0.022933387716287234,20.285424590707837,14.28193627979283,1.3101327281751913,0.8711870413776994,0.0,0.015249806194176926,0.008239970000992441,5.117591707149141,0.002925921366861952,-34.524424031543596,1.0,-0.3555555555555556,-0.17278118246065663,0.11229381789480362,0.027129551827669303,0.40625766723110895,-0.19870785356534312,0.0,0.3160299347373991,0.41089758255692066,0.002162189162306704,Banks—Regional,Financial Services,NYCB
2009Q4,2009,Q4,2010-03-01,2009-12-31,154936000.0,248623000.0,0.0,0.45,248623000.0,1.0,42153869000.0,5366902000.0,33664296000.0,656546000.0,36786967000.0,0.0,175193000.0,5429336549.99,13454711549.99,14.343142537395924,51.27484745927932,0.2537425924059308,1.9929993131978188,0.0,14.343142537395924,0.028868796188191995,21.837627854180827,8.760611720307095,1.0116332569497264,0.5767026385088037,0.0,0.016457259404957052,0.005897987679375291,7.514239672467733,0.003675487059088218,54.31291815043416,1.0,0.607142857142857,0.29085027875069425,-0.031562770882710596,0.17140379662387145,0.054761046178647944,0.5717894352408874,0.0,1.2966054562650549,0.20959400844889442,0.14529345378294323,Banks—Regional,Financial Services,NYCB
2009Q3,2009,Q3,2009-11-05,2009-09-30,98573000.0,235715000.0,0.0,0.28,235715000.0,1.0,32884468000.0,4340539000.0,24714210000.0,669517000.0,28543929000.0,0.0,109609000.0,3953331770.04,12978413770.04,12.538526555158931,36.91349136765758,0.2791263036397609,2.1146958937588165,0.0,12.538526555158931,0.02270985239390776,16.771659716352374,10.026406242175849,0.9107928232046757,0.8733527436519128,0.0,0.021776315525152332,0.007167973646403524,0.2297745987032443,0.002997554955123495,31.231142965801094,1.0,0.7500000000000001,-0.2506629267806422,-0.10784736421312896,0.03647667652194625,0.17931797032130242,0.7462620464852607,0.0,0.3559432737478951,0.24041645464734576,0.004935619000674474,Banks—Regional,Financial Services,NYCB
2009Q2,2009,Q2,2009-08-10,2009-06-30,56448000.0,199874000.0,0.0,0.16,199874000.0,1.0,32860123000.0,4210666000.0,24497082000.0,669488000.0,28649457000.0,0.0,97125000.0,3672545202.62,13093784202.619999,12.256355485533126,36.590770857730085,0.2916605942101921,2.276125202046422,0.0,12.256355485533126,0.013405955257434335,18.374301823248647,16.26516972532242,0.8722005503689915,1.5241284013605443,0.0,0.02342626033264974,0.006082570050026897,0.24311712831297946,0.0017178268018047285,64.9387347070057,1.0,-0.38461538461538464,0.026925957864168404,0.4265237733636113,0.07724267977237843,-0.12753447320060587,-0.36352873524337853,0.0,-0.08717692562153329,-0.024382596567647522,-0.06787764647005268,Banks—Regional,Financial Services,NYCB
2009Q1,2009,Q1,2009-05-11,2009-03-31,88689000.0,229091000.0,0.0,0.26,229091000.0,1.0,32402552000.0,4235886000.0,23916163000.0,669459000.0,28166666000.0,0.0,126121000.0,3834919719.54,12879145719.54,12.337897552044566,35.72461196279384,0.28428337990168184,2.1746352475019393,0.0,12.337897552044566,0.020937532313192564,16.739722291753058,10.810020745357372,0.9053406346488078,0.9705713222609342,0.0,0.0224461022121019,0.0070701529928877205,0.2498748989855988,0.0027370992260115808,-48.64180263242009,1.0,-0.13333333333333328,-0.4833497426544149,-0.3086984369696936,-0.05538439550795831,0.07469695263829468,-0.13247319821582285,0.0,0.033300514691170235,0.13511245416984374,-0.014712692474933262,Banks—Regional,Financial Services,NYCB
2008Q4,2008,Q4,2009-03-02,2008-12-31,102232000.0,213168000.0,0.0,0.3,213168000.0,1.0,32466906000.0,4219246000.0,23823470000.0,0.0,28247660000.0,0.0,123511000.0,4096301172.0800004,12754795172.08,12.318962898515725,0.0,0.27294593454639626,2.1003065476627816,0.0,12.318962898515725,0.024229921649507994,19.216304380019515,10.017169702441507,0.970860948159932,0.839296893340637,0.0,0.020946457888600844,0.006565701086515605,0.0,0.003148806356848417,15.151956633968073,1.0,0.764705882352941,-0.3073619600930829,-0.3430310886750664,0.11672361872033499,0.3114237728164777,0.7606778726922017,0.0,1.146723176914849,0.06757148295095267,-0.01629905420383218,Banks—Regional,Financial Services,NYCB
2008Q3,2008,Q3,2008-11-10,2008-09-30,58064000.0,162547000.0,0.0,0.17,162547000.0,1.0,32139500000.0,4263231000.0,23313014000.0,0.0,27876269000.0,0.0,106955000.0,5741708979.511926,14074764979.511925,12.466611074968768,0.0,0.26787865399275035,2.0194744314816626,0.0,12.466611074968768,0.013619717064357995,35.3233771125393,24.721466741491827,1.3467975297402197,1.475613116561036,0.0,0.01492238640198083,0.005057546010361082,0.0,0.0018066242474213973,41.904778784626295,1.0,1.3617021276595747,-0.5883940091136741,-0.42961815665454506,0.6840240454159576,0.5065853500291961,1.3751316359031676,0.0,-0.42995064174750197,-0.2649361405277259,-0.0011503867380438003,Banks—Regional,Financial Services,NYCB
2008Q2,2008,Q2,2008-08-11,2008-06-30,-154783000.0,107891000.0,0.0,-0.47,107891000.0,1.0,31083499000.0,4289261000.0,22705867000.0,0.0,26794238000.0,0.0,134571000.0,5909878511.28,14425683511.279999,12.94788312381513,0.0,0.28297747303159143,2.0506865868036477,0.0,12.94788312381513,-0.0360861696222263,54.776380896274944,-9.545425710963091,1.3778314052886966,-0.5239528888831461,0.0,0.013722617113906637,0.0034710056290638324,0.0,-0.004979587401019428,-23.60712506952461,1.0,-3.1363636363636362,-2.1536489525055944,-0.593765009841473,0.7299460025866772,-0.4320210996230706,-3.1387434193254204,0.0,-2.415877294858053,-0.5232740367588274,0.04385865740797617,Banks—Regional,Financial Services,NYCB
2008Q1,2008,Q1,2008-05-12,2008-03-31,72371000.0,189956000.0,0.0,0.22,189956000.0,1.0,30910081000.0,4158173000.0,22441139000.0,0.0,26751908000.0,0.0,370453000.0,5993634309.060909,13911170309.06091,12.640395458777578,0.0,0.2740137432832997,2.036901062077023,0.0,12.640395458777578,0.017404518763408833,31.552750684689663,20.7045443239036,1.4414105206928403,1.1182241505575439,0.0,0.013502158427927137,0.0061454384412645184,0.0,0.0023413397072624947,92.01157981364614,1.0,0.07407242534876818,-0.4162812609973181,-0.2339753540025578,0.6754399284521401,0.6371988795518208,0.0740724250519442,0.0,-0.3714285709121635,-0.21226667769447446,0.028408482523001603,Banks—Regional,Financial Services,NYCB
2007Q4,2007,Q4,2008-02-29,2007-12-31,67380000.0,116025000.0,0.0,0.20482790062184358,116025000.0,1.0,30579822000.0,4182313000.0,22072488000.0,0.0,26397509000.0,0.0,390757000.0,5783100819.78,13951809819.779999,12.713778443654563,0.0,0.2781066547738571,2.0334326962137936,0.0,12.713778443654563,0.016110702379281513,49.84357526205559,21.457037770035615,1.3827517978161843,1.1956515286435143,0.0,0.013930761802465823,0.0037941685860695983,0.0,0.0022034137412572253,-796.0221362395044,1.0,-0.41477742679473256,-0.4316844757758139,-0.500988796868193,0.7170437650890676,-0.515136192299013,-0.39247491186468186,0.0,-0.3614542806171304,-0.4859336117287968,0.03833370542768038,Banks—Regional,Financial Services,NYCB
2007Q3,2007,Q3,2007-11-09,2007-09-30,110909000.0,239294000.0,0.0,0.35,239294000.0,1.0,30039905000.0,4031474000.0,21483135000.0,0.0,26008431000.0,0.0,403940000.0,5893580728.199445,16692432728.199444,13.0857787727441,0.0,0.40208096530265325,2.996044126788366,0.0,13.0857787727441,0.02751078141642486,24.629036784037396,13.284721546942638,1.461892282624034,0.7045595939013065,0.0,0.013258832550830818,0.007965870730949383,0.0,0.0036920556173529843,53.39017029359838,1.0,1.9166666666666665,0.10339310354755374,0.1733436612986462,0.9664390497197531,0.7215271832576744,2.0830321899149387,0.0,-0.05263157858864892,0.01769261093099043,0.0817143810645555,Banks—Regional,Financial Services,NYCB
2007Q2,2007,Q2,2007-08-09,2007-06-30,35974000.0,139001000.0,0.0,0.12,139001000.0,1.0,29623750000.0,3961471000.0,21257338000.0,0.0,25662279000.0,0.0,371173000.0,5102312327.66,15623112327.66,13.214447115377158,0.0,0.3916058567872062,2.9284157324387836,0.0,13.214447115377158,0.009080970174967834,36.70701885353343,35.45833329390671,1.2879842683841431,2.1679824317562684,0.0,0.015285422567569063,0.004692214861386557,0.0,0.0012143634752521204,32.16506646111367,1.0,-0.4545454545454546,-0.6257497059266551,-0.31889709925886967,0.9749928706611659,-0.18363883032143255,-0.44500840802851016,0.0,-0.24999999916606444,0.1369008608394264,0.16145182302209196,Banks—Regional,Financial Services,NYCB
2007Q1,2007,Q1,2007-05-10,2007-03-31,64819000.0,170269000.0,0.0,0.22,170269000.0,1.0,27977914000.0,3711606000.0,20795521000.0,0.0,24266308000.0,0.0,413190000.0,5182573678.62,16415026678.619999,12.59743779607673,0.0,0.41030510709268747,3.092860880168854,0.0,12.59743779607673,0.017463868740378155,30.437564551503797,19.988636351301317,1.39631568615311,1.134065628905105,0.0,0.014183879392443824,0.006085836134888398,0.0,0.002316791737940148,201.92369978259174,1.0,0.22021422714180827,-0.1678903058270393,-0.01563103309714548,1.2155832783115086,0.05204330042138823,0.22021422789480619,0.0,-0.5599999997284747,-0.4012871844015466,-0.035513443956263345,Banks—Regional,Financial Services,NYCB
