Quarters,Year,Quarter,FillingDate,Date,NetIncome,Revenue,OperatingIncome,EPSDiluted,GrossProfit,GrossProfitRatio,TotalAssets,CommonStockEquity,CurrentAssets,CurrentLiability,TotalLiability,Inventory,RetainedEarnings,MarketCap,EnterpriseValue,bookValuePerShare,currentRatio,debtToAssets,debtToEquity,roic,shareholdersEquityPerShare,roe,priceToSalesRatio,peRatio,pbRatio,payoutRatio,inventoryTurnover,dividendYield,assetTurnover,quickRatio,returnOnAssets,priceToFreeCashFlowsRatio,grossProfitMargin,epsdilutedGrowth,fiveYNetIncomeGrowthPerShare,fiveYRevenueGrowthPerShare,fiveYShareholdersEquityGrowthPerShare,grossProfitGrowth,netIncomeGrowth,operatingIncomeGrowth,threeYNetIncomeGrowthPerShare,threeYRevenueGrowthPerShare,threeYShareholdersEquityGrowthPerShare,Industry,Sector,Symbol
2023Q1,2023,Q1,2023-04-25,2023-03-31,976000000.0,3753000000.0,2084000000.0,3.58,3753000000.0,1.0,133061000000.0,14315000000.0,22411000000.0,0.0,18163000000.0,0.0,29292000000.0,25896080000.0,21648080000.0,54.63740458015267,0.0,0.1365013039132428,1.2688089416695774,0.049389997169644366,54.63740458015267,0.0681802305274188,6.900101252331468,6.633217213114754,1.8090171149144256,0.17930327868852458,0.0,0.006757779555824664,0.028205108934999737,0.0,0.0073349817001225,15.099755102040817,1.0,-0.05039787798408486,0.9856497719093139,0.9748239828058994,0.7842221162684386,0.005627009646302251,-0.05517909002904162,-0.027531497900139992,19.80916030534351,0.5276743989342582,0.7411609529940012,Credit Services,Financial Services,DFS
2022Q4,2022,Q4,2023-02-23,2022-12-31,1033000000.0,3732000000.0,2143000000.0,3.77,3732000000.0,1.0,131628000000.0,14590000000.0,10563000000.0,0.0,117038000000.0,0.0,28453000000.0,26609760000.0,25612760000.0,53.63970588235294,0.0,0.15276384963685538,1.3782042494859492,0.047119360273703295,53.63970588235294,0.07080191912268677,7.13016077170418,6.4399225556631166,1.8238355037697052,0.1732817037754114,0.0,0.006726855108802184,0.028352630139484,0.0,0.007847874312456316,12.569560699102503,1.0,0.06497175141242938,2.5524585803313573,0.9000967640307844,0.7827371951351234,0.07272204656510492,0.0268389662027833,0.1697598253275109,0.673604187437687,0.45408407928388744,0.41121411883751724,Credit Services,Financial Services,DFS
2022Q3,2022,Q3,2022-10-27,2022-09-30,1006000000.0,3479000000.0,1832000000.0,3.54,3479000000.0,1.0,121886000000.0,14286000000.0,11715000000.0,1750000000.0,107600000000.0,0.0,27585000000.0,24821160000.0,26231160000.0,52.32967032967033,6.694285714285714,0.1798976092414223,1.5348593028139437,0.03861388822925829,52.32967032967033,0.07041859162816744,7.1345674044265595,6.168280318091452,1.7374464510709786,0.17992047713717693,0.0,0.007292165233212307,0.028543064831071656,61.33714285714286,0.008253614032784733,16.117636363636365,1.0,-0.10606060606060605,1.270977084930573,0.8724244732165523,0.7354346734877708,0.07909429280397022,-0.09450945094509451,0.042686397268070574,0.5170638884924599,0.39300618921308567,0.4157638896053167,Credit Services,Financial Services,DFS
2022Q2,2022,Q2,2022-07-27,2022-06-30,1111000000.0,3224000000.0,1757000000.0,3.96,3224000000.0,1.0,114600000000.0,13764000000.0,109519000000.0,1800000000.0,100836000000.0,0.0,26776000000.0,26387820000.0,31165820000.0,49.333333333333336,60.84388888888889,0.19009598603839442,1.5827521069456554,0.037817412926417396,49.333333333333336,0.08071781458878233,8.184807692307693,5.937853285328533,1.917162162162162,0.16471647164716471,0.0,0.0069350177468241025,0.0281326352530541,61.81722222222222,0.009694589877835951,16.872007672634272,1.0,-0.09174311926605512,1.7641170060524898,0.8104818336318955,0.6606566598572995,0.11095796002756719,-0.10547504025764895,-0.06293333333333333,0.70282787607039,0.3046594982078852,0.3821746570376171,Credit Services,Financial Services,DFS
2022Q1,2022,Q1,2022-04-28,2022-03-31,1242000000.0,2902000000.0,1875000000.0,4.36,2902000000.0,1.0,107412000000.0,13433000000.0,12184000000.0,0.0,93979000000.0,0.0,25833000000.0,31404150000.0,32916150000.0,47.13333333333333,0.0,0.15949800767139613,1.2753666344078016,0.04708905234887169,47.13333333333333,0.09245886994714508,10.821554100620261,6.3212862318840575,2.3378359264497877,0.1288244766505636,0.0,0.005094868034957163,0.02701746546009757,0.0,0.011562953859903921,18.6596256684492,1.0,0.1945205479452056,1.9825307950727884,0.6803882300878319,0.6150436455096908,-0.011580381471389645,0.1640112464854733,0.1574074074074074,0.9688560243584168,0.20877510460915233,0.37310003848772827,Credit Services,Financial Services,DFS
2021Q4,2021,Q4,2022-02-24,2021-12-31,1067000000.0,2936000000.0,1620000000.0,3.65,2936000000.0,1.0,110242000000.0,13408000000.0,21166000000.0,1250000000.0,96834000000.0,0.0,24766000000.0,33627960000.0,35618960000.0,46.07560137457045,16.9328,0.18347816621614266,1.508576968973747,0.037759816642486156,46.07560137457045,0.07957935560859189,11.45366485013624,7.87909090909091,2.508051909307876,0.15182755388940955,0.0,0.004817419789960497,0.026632317991328168,16.9328,0.00967870684494113,25.98760432766615,1.0,0.03107344632768358,1.5529899348727056,0.6772790733599736,0.5951281231856941,0.05725603168887288,-0.021998166819431713,-0.03052064631956912,0.7879670063076174,0.2041080411391745,0.3868217844098023,Credit Services,Financial Services,DFS
2021Q3,2021,Q3,2021-10-28,2021-09-30,1091000000.0,2777000000.0,1671000000.0,3.54,2777000000.0,1.0,108544000000.0,13263000000.0,99287000000.0,0.0,95281000000.0,0.0,23846000000.0,36609300000.0,42409300000.0,44.506711409395976,0.0,0.17058520047169812,1.3960642388599864,0.04091786450099674,44.506711409395976,0.08225891578074342,13.183039250990277,8.388932172318972,2.7602578602126213,0.15032080659945005,0.0,0.004479736023360184,0.025584094929245283,0.0,0.010051223466981132,23.288358778625955,1.0,-0.3621621621621621,1.303210763462205,0.6280549163042621,0.5767778255554052,-0.224084939927354,-0.3574793875147232,-0.33479299363057324,0.7339252423564506,0.1665594910760922,0.37770412042520224,Credit Services,Financial Services,DFS
2021Q2,2021,Q2,2021-07-29,2021-06-30,1698000000.0,3579000000.0,2512000000.0,5.55,3579000000.0,1.0,110985000000.0,13171000000.0,100902000000.0,0.0,97814000000.0,0.0,22936000000.0,35960160000.0,39865160000.0,43.32565789473684,0.0,0.17434788484930397,1.469136739807152,0.05902681839783867,43.32565789473684,0.12891959608230202,10.047544006705785,5.294487632508835,2.7302528281831298,0.08892815076560659,0.0,0.004199091438970238,0.03224760102716583,0.0,0.015299364779024192,24.101983914209114,1.0,0.10119047619047615,2.7176392686261104,1.1782223779213377,0.5586136471740024,0.2805008944543828,0.06591337099811675,0.0488517745302714,1.905475572338919,0.5739581858988617,0.3846385294672074,Credit Services,Financial Services,DFS
2021Q1,2021,Q1,2021-05-04,2021-03-31,1593000000.0,2795000000.0,2395000000.0,5.04,2795000000.0,1.0,113871000000.0,12154000000.0,103068000000.0,0.0,101717000000.0,0.0,21373000000.0,29161930000.0,29824930000.0,39.58957654723127,0.0,0.1845158117518947,1.7287312818825078,0.05533332941745425,39.58957654723127,0.13106796116504854,10.433606440071557,4.576574074074074,2.399368932038835,0.09981167608286252,0.0,0.005452314027226593,0.02454531882568872,0.0,0.01398951445056248,19.87861622358555,1.0,0.945945945945946,2.7630987112307035,0.7070439739413682,0.45889478792819366,-0.010269121813031162,0.9937421777221527,0.7131616595135909,1.7658684743375297,0.25514689605009333,0.2928249171435102,Credit Services,Financial Services,DFS
2020Q4,2020,Q4,2021-02-17,2020-12-31,799000000.0,2824000000.0,1398000000.0,2.59,2824000000.0,1.0,112889000000.0,10884000000.0,99398000000.0,0.0,102005000000.0,0.0,19955000000.0,27792710000.0,23330710000.0,35.4527687296417,0.0,0.18815827937177226,1.951580301359794,0.034256640662436985,35.4527687296417,0.07341051084160236,9.8416111898017,8.696091989987485,2.55353822124219,0.1902377972465582,0.0,0.0054690600520784045,0.025015723409721052,0.0,0.007077748939223485,17.612617237008873,1.0,0.05714285714285701,1.2174201954397392,0.7771632431474219,0.339501505882693,0.040530582166543844,0.03631647211413749,0.016727272727272726,1.4344788694459172,0.27388230251041124,0.1782870253516612,Credit Services,Financial Services,DFS
2020Q3,2020,Q3,2020-10-26,2020-09-30,771000000.0,2714000000.0,1375000000.0,2.45,2714000000.0,1.0,124349000000.0,10252000000.0,99885000000.0,10700000000.0,114097000000.0,0.0,19292000000.0,17680680000.0,40708680000.0,33.50326797385621,9.335046728971962,0.26169088613499103,3.1741123683183767,0.025832458199543273,33.50326797385621,0.07520483808037456,6.514620486366986,5.7330350194552535,1.7246078813889971,0.17509727626459143,0.0,0.007635452935068108,0.021825668079357294,1.1564485981308412,0.00620029111613282,14.224199517296862,1.0,3.041666666666667,0.7826637190824041,0.7552096402241579,0.28345704969297886,0.019534184823441023,3.095108695652174,64.47619047619048,0.5527815777473779,0.30316961107875495,0.11108540433544777,Credit Services,Financial Services,DFS
2020Q2,2020,Q2,2020-07-27,2020-06-30,-368000000.0,2662000000.0,21000000.0,-1.2,2662000000.0,1.0,113792000000.0,9643000000.0,99292000000.0,0.0,104149000000.0,0.0,18673000000.0,15327540000.000002,23383540000.0,31.513071895424837,0.0,0.20382803712035996,2.405268070102665,0.0005105081914831142,31.513071895424837,-0.038162397594109713,5.757903831705486,-10.412730978260871,1.5894991185315774,-0.41032608695652173,0.0,0.00985154825888564,0.023393560179977502,0.0,-0.0032339707536557932,10.266269256530476,1.0,-5.0,-1.885397230678582,0.7638674780256928,0.23388659379227134,-0.07825484764542937,-5.032786885245901,-0.958498023715415,-1.8347817759582463,0.36298151615613844,0.060791744237144785,Credit Services,Financial Services,DFS
2020Q1,2020,Q1,2020-04-30,2020-03-31,-61000000.0,2888000000.0,506000000.0,-0.2,2888000000.0,1.0,15825000000.0,9665000000.0,10028000000.0,81653000000.0,102992000000.0,0.0,19175000000.0,10986360000.0,27056360000.0,31.37987012987013,0.12281238901203875,1.6491627172195893,2.7002586652871186,0.01106500989061177,31.37987012987013,-0.006311433005690636,3.8041412742382272,-45.026065573770495,1.136715985514744,-2.262295081967213,0.0,0.012561030222930978,0.1824960505529226,0.14871468286529582,-0.003854660347551343,6.777520049352252,1.0,-1.088888888888889,-1.151411728203537,0.9349273481010006,0.25396323416125394,-0.019021739130434784,-1.0861581920903955,-0.6712150747238467,-1.135546191397255,0.5474034302593515,0.07524455127650875,Credit Services,Financial Services,DFS
2019Q4,2019,Q4,2020-02-26,2019-12-31,708000000.0,2944000000.0,1539000000.0,2.25,2944000000.0,1.0,106144000000.0,11859000000.0,9667000000.0,81683000000.0,102137000000.0,0.0,21290000000.0,26463839999.999996,34605840000.0,38.00961538461539,0.11834775901962465,0.2421333283087127,2.1672147735896785,0.03139600016596822,38.00961538461539,0.05970149253731343,8.989076086956521,9.34457627118644,2.2315406020743738,0.21610169491525424,0.0,0.005781473890410462,0.027735905939101597,0.22567731351688847,0.006670183901115466,19.011379310344825,1.0,-0.046610169491525376,1.5388423457730391,1.0937779288294753,0.5430524657666744,0.015172413793103448,-0.08051948051948052,-0.05698529411764706,0.5799972673862548,0.568647919792958,0.3158852981338189,Credit Services,Financial Services,DFS
2019Q3,2019,Q3,2019-10-30,2019-09-30,770000000.0,2900000000.0,1632000000.0,2.36,2900000000.0,1.0,100137000000.0,11717000000.0,6075000000.0,74815000000.0,99069000000.0,0.0,20720000000.0,25705530000.0,43084530000.0,36.96214511041009,0.08120029405867807,0.2442054385491876,2.087052999914654,0.03495135197016051,36.96214511041009,0.06571648032772893,8.863975862068965,8.3459512987013,2.1938661773491512,0.18311688311688312,0.0,0.005485201044288914,0.028960324355632783,0.10290717102185391,0.00768946543235767,33.91230870712401,1.0,0.017241379310344845,0.7350157728706626,0.9215533756824106,0.5045205513484331,0.016830294530154277,0.02257636122177955,0.0,0.5281171783593253,0.5982627221465909,0.30948993869611857,Credit Services,Financial Services,DFS
2019Q2,2019,Q2,2019-08-01,2019-06-30,753000000.0,2852000000.0,1632000000.0,2.32,2852000000.0,1.0,103126000000.0,11493000000.0,10313000000.0,76526000000.0,99214000000.0,0.0,20107000000.0,25302760000.0,41152760000.0,35.692546583850934,0.1347646551498837,0.24400248240017067,2.189419646741495,0.03396666485348376,35.692546583850934,0.06551814147742104,8.871935483870967,8.400650730411687,2.201580092230053,0.19256308100929614,0.0,0.005730600140063772,0.027655489401314896,0.14783210934845673,0.007301747376995132,16.767899271040424,1.0,0.07906976744186044,0.6921511515759423,0.9002893975269669,0.46144685950922903,0.03221136445892146,0.0371900826446281,0.04481434058898848,0.5564753569411954,0.6387313047962867,0.28401720622785676,Credit Services,Financial Services,DFS
2019Q1,2019,Q1,2019-05-02,2019-03-31,726000000.0,2763000000.0,1562000000.0,2.15,2763000000.0,1.0,105477000000.0,11259000000.0,15169000000.0,76857000000.0,99461000000.0,0.0,19484000000.0,24108000000.0,36215000000.0,34.326219512195124,0.19736653785601832,0.24911592100647534,2.333777422506439,0.03248615270908443,34.326219512195124,0.06448174793498535,8.725298588490771,8.301652892561984,2.141220357047695,0.18457300275482094,0.0,0.005558320889331342,0.02619528427998521,0.21037771445671832,0.006883017150658437,10.700399467376831,1.0,0.0591133004926109,0.6521684511615323,0.9093361933378716,0.4669856991419928,-0.015675097969362308,0.056768558951965066,0.03994673768308921,0.6052067868504771,0.5794588414634148,0.264937569510902,Credit Services,Financial Services,DFS
2018Q4,2018,Q4,2019-02-20,2018-12-31,687000000.0,2807000000.0,1502000000.0,2.03,2807000000.0,1.0,107378000000.0,11130000000.0,14494000000.0,77706000000.0,98423000000.0,0.0,18906000000.0,19758300000.0,33687300000.0,33.223880597014926,0.1865235631740149,0.2535714950921045,2.4463611859838275,0.02999012472009432,33.223880597014926,0.06172506738544475,7.038938368364803,7.190065502183405,1.7752291105121292,0.2197962154294032,0.0,0.007642357895163046,0.026141295237385686,0.17114508532159678,0.006397958613496247,28.88640350877193,1.0,-0.009756097560975618,0.6181137501859476,0.8694573165174599,0.460018806881496,0.030469897209985317,-0.04583333333333333,-0.015081967213114755,0.7472358208955224,0.6188201847903342,0.25528808286726024,Credit Services,Financial Services,DFS
2018Q3,2018,Q3,2018-10-31,2018-09-30,720000000.0,2724000000.0,1525000000.0,2.05,2724000000.0,1.0,104041000000.0,11016000000.0,16019000000.0,69377000000.0,94826000000.0,0.0,18354000000.0,26164930000.0,37143930000.0,32.3049853372434,0.23089784798996785,0.2594938533847233,2.45079883805374,0.02986979869007059,32.3049853372434,0.06535947712418301,9.605334067547725,9.08504513888889,2.3751751997095134,0.19027777777777777,0.0,0.00523601630120929,0.026181985947847482,0.23089784798996785,0.006920348708682154,16.91333548804137,1.0,0.07329842931937168,0.7162101348577983,0.8672871198136366,0.468685430348172,0.04648482520169036,0.07623318385650224,0.101878612716763,0.4938761428324994,0.5808596074562932,0.23755274272550592,Credit Services,Financial Services,DFS
2018Q2,2018,Q2,2018-08-01,2018-06-30,669000000.0,2603000000.0,1384000000.0,1.91,2603000000.0,1.0,101229000000.0,10889000000.0,15289000000.0,68383000000.0,91862000000.0,0.0,17787000000.0,24502680000.0,35465680000.0,31.29022988505747,0.22357895968296215,0.25933279988935976,2.410873358435118,0.028425559511463867,31.29022988505747,0.061438148590320506,9.413246254321937,9.15645739910314,2.250223160988153,0.18236173393124067,0.0,0.00497904718994004,0.02571397524424819,0.233435210505535,0.006608778116942773,16.05680209698558,1.0,0.04945054945054937,0.5615620345973193,0.7920939701633751,0.46448338569995246,0.01087378640776699,0.0045045045045045045,0.04452830188679245,0.4153330263082147,0.5166111771700356,0.22516126958273497,Credit Services,Financial Services,DFS
2018Q1,2018,Q1,2018-05-01,2018-03-31,666000000.0,2575000000.0,1325000000.0,1.82,2575000000.0,1.0,100424000000.0,10871000000.0,17011000000.0,68122000000.0,91096000000.0,0.0,17211000000.0,25535150000.000004,34768150000.0,30.622535211267607,0.24971374886233522,0.26133195252130964,2.4141293349277895,0.027775819283585624,30.622535211267607,0.06126391316346242,9.916563106796119,9.585266516516517,2.3489237420660474,0.2132132132132132,0.0,0.005560962046434033,0.025641280968692743,0.2595784034526291,0.006631880825300725,21.639957627118648,1.0,0.8383838383838385,0.3826507335244751,0.8060976299564452,0.47478177151070317,-0.014919663351185922,0.7209302325581395,-0.00749063670411985,0.43425467480651836,0.49681136102659235,0.22369956066790536,Credit Services,Financial Services,DFS
2017Q4,2017,Q4,2018-02-21,2017-12-31,387000000.0,2614000000.0,1335000000.0,0.99,2614000000.0,1.0,98513000000.0,10892000000.0,13300000000.0,68141000000.0,89195000000.0,0.0,16687000000.0,27845040000.0,40865040000.0,30.08839779005525,0.19518351653189708,0.2672337661019358,2.4170033051781123,0.015441145220736243,30.08839779005525,0.0355306647080426,10.652272379495027,17.9877519379845,2.5564671318398826,0.35400516795865633,0.0,0.004920086306214679,0.026534569041649324,0.2051334732393126,0.00392841553906591,17.769649010848756,1.0,-0.37735849056603776,-0.15647198105761637,0.611072041188637,0.322230451501179,0.035247524752475244,-0.35714285714285715,0.004514672686230248,0.19607789508232598,0.6023021613954007,0.22147977376549058,Credit Services,Financial Services,DFS
2017Q3,2017,Q3,2017-11-02,2017-09-30,602000000.0,2525000000.0,1329000000.0,1.59,2525000000.0,1.0,95981000000.0,11187000000.0,13249000000.0,60885000000.0,86421000000.0,0.0,16452000000.0,23922080000.0,37410080000.0,30.153638814016173,0.21760696394842735,0.27856554943165834,2.3900062572628946,0.023362514502689592,30.153638814016173,0.05381246089210691,9.47409108910891,9.934418604651164,2.13838205059444,0.23089700996677742,0.0,0.005810531525686729,0.026307289984476095,0.2286605896361994,0.00627207468144737,16.01210174029451,1.0,0.13571428571428584,0.32828098017128615,0.7778023566863436,0.6913365250238328,0.043819760231500623,0.10256410256410256,0.0489344909234412,0.15902964959568747,0.42955605607453623,0.22738464334549505,Credit Services,Financial Services,DFS
2017Q2,2017,Q2,2017-08-01,2017-06-30,546000000.0,2419000000.0,1267000000.0,1.4,2419000000.0,1.0,92078000000.0,11259000000.0,12950000000.0,58261000000.0,82498000000.0,0.0,15989000000.0,23570010000.0,37058010000.0,29.70712401055409,0.22227562177099602,0.2871261321922718,2.3481659117150726,0.021166223152687246,29.70712401055409,0.0484945377031708,9.743699875981811,10.79212912087912,2.09343725019984,0.2271062271062271,0.0,0.005260922672497806,0.026271204848063598,0.22227562177099602,0.005929755207541432,24.475607476635513,1.0,-0.020979020979020997,0.41756822899006024,0.8233798467848535,0.7626263367246179,0.034202650705429674,-0.031914893617021274,0.01036682615629984,0.04244579557187118,0.3693761327910516,0.21637112634374886,Credit Services,Financial Services,DFS
2017Q1,2017,Q1,2017-05-02,2017-03-31,564000000.0,2339000000.0,1254000000.0,1.43,2339000000.0,1.0,93077000000.0,11265000000.0,15163000000.0,60957000000.0,83530000000.0,0.0,15568000000.0,26398540000.0,38058540000.0,29.183937823834196,0.24874911823088405,0.28818075356962514,2.381091877496671,0.021392854965023998,29.183937823834196,0.050066577896138484,11.286250534416418,11.7014804964539,2.3434123391034176,0.225177304964539,0.0,0.0048108721164124985,0.02512973129774273,0.24874911823088405,0.006059499124380889,27.32768115942029,1.0,0.02142857142857145,0.0768579325424016,0.508812451880059,0.4054988989825964,-0.008057675996607293,0.0017761989342806395,0.0040032025620496394,0.09064483548606961,0.37346716402279984,0.24722209554721947,Credit Services,Financial Services,DFS
2016Q4,2016,Q4,2017-02-23,2016-12-31,563000000.0,2358000000.0,1249000000.0,1.4,2358000000.0,1.0,89443000000.0,11323000000.0,10806000000.0,60642000000.0,80985000000.0,0.0,15130000000.0,28259280000.0,41788280000.0,28.885204081632654,0.17819333135450677,0.28446049439307713,2.2470193411640023,0.021660264059271364,28.885204081632654,0.049721805175306895,11.98442748091603,12.548525754884547,2.4957414112867613,0.22735346358792186,0.0,0.0045294855353710355,0.026363158659705063,0.19646449655354375,0.006294511588385899,22.69821686746988,1.0,-0.10256410256410266,0.3323047215175495,0.5052791249678389,0.4628382498547886,0.024771838331160364,-0.1189358372456964,-0.05378787878787879,0.1332336090582414,0.3420715867370904,0.2693562715122131,Credit Services,Financial Services,DFS
2016Q3,2016,Q3,2016-10-27,2016-09-30,639000000.0,2301000000.0,1320000000.0,1.56,2301000000.0,1.0,88686000000.0,11347000000.0,12076000000.0,53614000000.0,79194000000.0,0.0,14696000000.0,22733100000.0,38337100000.0,28.22636815920398,0.22523967620397659,0.30252802020612046,2.3645016303868864,0.022990562852033453,28.22636815920398,0.05631444434652331,9.879661016949152,8.894014084507042,2.003445844716665,0.20657276995305165,0.0,0.0058065112105256216,0.025945470536499562,0.24109374417129853,0.007205195859549421,17.885995279307632,1.0,0.06122448979591842,0.3327565170979347,0.7405184816876222,0.9179746925407367,0.03835740072202166,0.037337662337662336,0.06709781729991916,0.292013792756286,0.3379779087105695,0.28325876747182777,Credit Services,Financial Services,DFS
2016Q2,2016,Q2,2016-08-02,2016-06-30,616000000.0,2216000000.0,1237000000.0,1.47,2216000000.0,1.0,85040000000.0,11397000000.0,10617000000.0,52683000000.0,76114000000.0,0.0,14188000000.0,21971900000.0,37085900000.0,27.797560975609755,0.2015261089915153,0.290228127939793,2.165569886812319,0.023519691497424968,27.797560975609755,0.05404931122225147,9.915117328519855,8.917167207792208,1.927866982539265,0.20292207792207792,0.0,0.005689084694541664,0.02605832549388523,0.22145663686578212,0.007243650047036689,35.55323624595469,1.0,0.0888888888888888,0.36626540352166276,0.6988028127990307,1.0173950650223873,-0.0035971223021582736,0.07130434782608695,-0.008814102564102564,0.22041973908111182,0.2949462841027236,0.30101524857132184,Credit Services,Financial Services,DFS
2016Q1,2016,Q1,2016-04-28,2016-03-31,575000000.0,2224000000.0,1248000000.0,1.35,2224000000.0,1.0,85137000000.0,11316000000.0,12135000000.0,54175000000.0,76777000000.0,0.0,13698000000.0,21233640000.0,33850640000.0,27.136690647482013,0.22399630826026765,0.29073140937547715,2.1873453517143866,0.02176778169317426,27.136690647482013,0.0508130081300813,9.5475,9.232017391304348,1.8764262990455993,0.22434782608695653,0.0,0.006075265474972732,0.026122602393788833,0.24234425473004154,0.006753820313142347,19.095,1.0,0.18421052631578966,0.15817495827586828,0.5338960271731128,0.6290094275249731,0.008616780045351474,0.15,0.11727842435094002,0.016244953517126872,0.327978580990629,0.3069034431644895,Credit Services,Financial Services,DFS
2015Q4,2015,Q4,2016-02-24,2015-12-31,500000000.0,2205000000.0,1117000000.0,1.14,2205000000.0,1.0,84120000000.0,11275000000.0,9840000000.0,50874000000.0,75661000000.0,0.0,13250000000.0,22842120000.0,37994120000.0,26.46713615023474,0.19341903526359241,0.2939134569662387,2.1928159645232816,0.019688223150022638,26.46713615023474,0.04434589800443459,10.359238095238096,11.421059999999999,2.0259086474501107,0.26,0.0,0.005691240567863229,0.026212553495007132,0.2097141958564296,0.005943889681407513,22.956904522613065,1.0,-0.17391304347826086,0.2181793353608052,0.5240917820840146,0.7083421465338466,0.007769652650822669,-0.1830065359477124,-0.13878180416345412,-0.07390076895481403,0.15482703643183676,0.1630946129486078,Credit Services,Financial Services,DFS
2015Q3,2015,Q3,2015-10-29,2015-09-30,612000000.0,2188000000.0,1297000000.0,1.38,2188000000.0,1.0,82309000000.0,11303000000.0,10250000000.0,50758000000.0,74308000000.0,0.0,12880000000.0,22511670000.0,36061670000.0,26.10392609699769,0.20193861066235863,0.28915428446463937,2.1056356719455014,0.023216043417198583,26.10392609699769,0.0541449172785986,10.28869744058501,9.19594362745098,1.9916544280279573,0.21405228758169934,0.0,0.005819203995083439,0.0265827552272534,0.20193861066235863,0.007435395886233583,20.171747311827957,1.0,0.03759398496240588,1.9519587825519156,0.6075801064947907,1.3249945845474702,0.005977011494252874,0.021702838063439065,0.035115722266560255,0.15699344413867114,0.31994375637200834,0.46418559719076874,Credit Services,Financial Services,DFS
2015Q2,2015,Q2,2015-07-29,2015-06-30,599000000.0,2175000000.0,1253000000.0,1.33,2175000000.0,1.0,82210000000.0,11263000000.0,10595000000.0,51049000000.0,73648000000.0,0.0,12400000000.0,25410420000.0,39058420000.0,25.53968253968254,0.2075456913945425,0.2948911324656368,2.1524460623279764,0.02244012345391102,25.53968253968254,0.05318298854656841,11.682951724137931,10.605350584307178,2.256096954630205,0.22537562604340566,0.0,0.005312781134668376,0.026456635445809513,0.2075456913945425,0.007286218221627539,45.95012658227848,1.0,0.039062500000000035,1.8625616981271023,0.6158847116004303,1.3003942755876547,0.0018424689083371719,0.02218430034129693,0.037251655629139076,0.33653018412014174,0.40896811073420497,0.5153576313895988,Credit Services,Financial Services,DFS
2015Q1,2015,Q1,2015-04-30,2015-03-31,586000000.0,2171000000.0,1208000000.0,1.28,2171000000.0,1.0,81400000000.0,11211000000.0,11814000000.0,52344000000.0,72967000000.0,0.0,11936000000.0,25244800000.0,36519800000.0,25.024553571428573,0.22569922054103622,0.28364864864864864,2.0594951387030593,0.022728559948740915,25.024553571428573,0.05227009187405227,11.628189774297558,10.769965870307168,2.251788422085452,0.2030716723549488,0.0,0.004713842058562555,0.02667076167076167,0.23005502063273728,0.007199017199017199,24.7013698630137,1.0,0.471264367816092,0.533430268289655,0.5241048139244618,0.9768162808729133,0.06578301423662249,0.4504950495049505,0.27157894736842103,-0.03597962216090014,0.20663009179575442,0.2051828887686738,Credit Services,Financial Services,DFS
2014Q4,2014,Q4,2015-02-25,2014-12-31,404000000.0,2037000000.0,950000000.0,0.87,2037000000.0,1.0,79121000000.0,11134000000.0,7228000000.0,52750000000.0,71992000000.0,0.0,11467000000.0,29601479999.999996,44973480000.0,24.63274336283186,0.13702369668246445,0.28634622919326097,2.0348482126818754,0.017527860987164745,24.63274336283186,0.036285252380097,14.531899852724592,18.317747524752473,2.658656367882162,0.29455445544554454,0.0,0.004020069266806931,0.025745377333451298,0.16181990521327014,0.005106103310119943,30.931536050156737,1.0,-0.3649635036496351,0.39320760608081895,0.5389437288763541,1.0791645228557976,-0.06986301369863014,-0.37267080745341613,-0.26754047802621433,-0.17086705961547943,0.12774756843894172,0.24748016625300628,Credit Services,Financial Services,DFS
2014Q3,2014,Q3,2014-10-28,2014-09-30,644000000.0,2190000000.0,1297000000.0,1.37,2190000000.0,1.0,76601000000.0,11301000000.0,7382000000.0,48378000000.0,69295000000.0,0.0,11182000000.0,29619400000.0,43293400000.0,24.567391304347826,0.1525900202571417,0.27487891802979075,1.8631979470843287,0.025583090463840153,24.567391304347826,0.05698610742412176,13.524840182648402,11.498214285714287,2.6209538978851428,0.18633540372670807,0.0,0.004051398745416855,0.028589705095233744,0.23347389309190128,0.008407200950379237,28.86881091617934,1.0,0.014814814814814828,0.2439730264228837,0.3241676236973558,0.5031213585695002,0.008287292817679558,0.0,0.0062063615205585725,0.17382686670221842,0.4476859408084848,0.6693481257566551,Credit Services,Financial Services,DFS
2014Q2,2014,Q2,2014-08-01,2014-06-30,644000000.0,2172000000.0,1289000000.0,1.35,2172000000.0,1.0,74867000000.0,11381000000.0,6879000000.0,47500000000.0,67556000000.0,0.0,10659000000.0,28882680000.0,42179680000.0,24.42274678111588,0.14482105263157893,0.2694912311165133,1.7727791933924963,0.025915719496231348,24.42274678111588,0.056585537299007116,13.297734806629835,11.21222049689441,2.537798084526843,0.18944099378881987,0.0,0.004223984754877318,0.029011446965952956,0.22903157894736842,0.008601920739444616,47.19392156862745,1.0,0.030534351145038195,1.9477792265554612,0.386498616579437,0.5862250687290007,0.04523580365736285,0.020602218700475437,-0.0023219814241486067,0.2567189577847522,0.46497757322263417,0.7724694937712534,Credit Services,Financial Services,DFS
2014Q1,2014,Q1,2014-04-29,2014-03-31,631000000.0,2078000000.0,1292000000.0,1.31,2078000000.0,1.0,75620000000.0,11021000000.0,8731000000.0,48382000000.0,68563000000.0,0.0,10138000000.0,27407490000.0,38981490000.0,23.39915074309979,0.1804596750857757,0.2685136207352552,1.8423917974775428,0.025463738756705434,23.39915074309979,0.05725433263769168,13.189359961501443,10.858751980982568,2.4868423917974773,0.16798732171156894,0.0,0.003867555912635561,0.02747950277704311,0.2611095035343723,0.008344353345675747,25.237099447513813,1.0,0.06504065040650413,8.189099098420186,0.44933661280529924,0.8532552452964498,-0.023954908407703146,0.04817275747508306,0.06776859504132231,0.1252546930536485,0.2688837358541914,0.4046457488774305,Credit Services,Financial Services,DFS
2013Q4,2013,Q4,2014-02-25,2013-12-31,602000000.0,2129000000.0,1210000000.0,1.23,2129000000.0,1.0,79340000000.0,10809000000.0,73226000000.0,140000000.0,68531000000.0,0.0,9611000000.0,26576250000.0,40636250000.0,22.75578947368421,523.0428571428571,0.2598185026468364,1.9071144416689796,0.02473892389586734,22.75578947368421,0.055694328800074015,12.482973226867074,11.036648671096348,2.4587149597557594,0.1744186046511628,0.0,0.003950896006772964,0.02683387950592387,55.59285714285714,0.007587597680867154,28.638200431034484,1.0,0.025000000000000022,0.9973950391769255,0.5786361823450509,0.49880263326635554,0.03249272550921436,0.01517706576728499,-0.011437908496732025,0.3153874817345228,0.3197576208408882,0.4687903524915827,Credit Services,Financial Services,DFS
2013Q3,2013,Q3,2013-11-01,2013-09-30,593000000.0,2062000000.0,1224000000.0,1.2,2062000000.0,1.0,75544000000.0,10602000000.0,69419000000.0,124000000.0,64942000000.0,0.0,9115000000.0,24360280000.0,37526280000.0,21.99585062240664,559.8306451612904,0.24871598009107276,1.7722127900396152,0.02610363932273357,21.99585062240664,0.05593284285983777,11.813908826382153,10.269932546374367,2.297706093189964,0.18043844856661045,0.0,0.004392396146513915,0.027295351053690565,85.29032258064517,0.007849729958699566,62.78422680412371,1.0,0.0,2.2376064628550014,0.6201009073896874,0.736912061363715,0.0102890739833415,-0.014950166112956811,-0.04225352112676056,1.56953429554509,0.36098965667451255,0.9591012244511514,Credit Services,Financial Services,DFS
2013Q2,2013,Q2,2013-07-30,2013-06-30,602000000.0,2041000000.0,1278000000.0,1.2,2041000000.0,1.0,74944000000.0,10448000000.0,68919000000.0,262000000.0,64496000000.0,0.0,8629000000.0,23755620000.0,36305620000.0,21.36605316973415,263.0496183206107,0.2441022630230572,1.7509571209800918,0.02728419429216341,21.36605316973415,0.0576186830015314,11.63920627143557,9.86529069767442,2.273700229709035,0.17940199335548174,0.0,0.004546292624650504,0.02723366780529462,40.51908396946565,0.00803266438941076,44.237653631284914,1.0,-0.09774436090225572,1.5124160081682207,0.7438685231587808,0.7453629445805285,0.02459839357429719,-0.10549777117384844,-0.07256894049346879,1.5945034660431985,0.36748901309454124,0.9244697473114655,Credit Services,Financial Services,DFS
2013Q1,2013,Q1,2013-04-30,2013-03-31,673000000.0,1992000000.0,1378000000.0,1.33,1992000000.0,1.0,76139000000.0,10299000000.0,69824000000.0,290000000.0,65840000000.0,0.0,8136000000.0,21838880000.0,33291880000.0,20.764112903225808,240.77241379310345,0.2563732121514598,1.8953296436547238,0.02879604789229203,20.764112903225808,0.06534615011166132,10.963293172690763,8.112511144130758,2.1204854840275753,0.11738484398216939,0.0,0.0036174016249917577,0.026162676158079302,45.734482758620686,0.008839096914853097,15.239972086531752,1.0,0.25471698113207547,4.415258895256274,0.5841052051185068,0.6630288772337692,-0.003037931603997858,0.24860853432282004,0.17600472450083804,0.5906616743174206,0.26310857344542854,0.64026248571502,Credit Services,Financial Services,DFS
2012Q4,2012,Q4,2013-01-25,2012-11-30,539000000.0,1998070000.0,1171764000.0,1.06,1998070000.0,1.0,73491000000.0,9873000000.0,5074000000.0,45776000000.0,63618000000.0,0.0,7373000000.0,20805000000.0,29692000000.0,19.746,0.11084411045089129,0.2448327006027949,1.8224450521624633,0.026931447036995067,19.746,0.054593335359060066,10.412548108925114,9.649814471243042,2.107262230325129,0.09298515769944342,0.0,0.002408988223984619,0.027187954987685566,0.19892520097867877,0.007334231402484658,24.694918935857306,1.0,-0.12396694214876026,10.11749001727923,0.4126573453645166,0.6846819134817841,0.017394390473285677,-0.13992015139958447,-0.12360286726341486,0.6989470594859549,0.4074750197347427,0.30056383368737083,Credit Services,Financial Services,DFS
2012Q3,2012,Q3,2012-10-04,2012-08-31,626686000.0,1963909000.0,1337024000.0,1.21,1963909000.0,1.0,73908664000.0,9145913000.0,6237610000.0,45517000000.0,64762751000.0,0.0,6877990000.0,19868490000.0,33127132000.0,17.82829044834308,0.13703912823780126,0.26378845110770777,2.1316900783989525,0.0289151596022486,17.82829044834308,0.06852087921676053,10.116807856168489,7.926014782522666,2.1723900063339765,0.08280701978343222,0.0,0.002611874379985595,0.026572107973701162,0.13704462069117032,0.008479195348464154,32.69231022374626,1.0,0.20999999999999996,1.9085955658579081,0.4870532855945563,0.5147907484527446,0.06259539589193705,0.16790255520498854,0.10707738472774003,0.08546432753669092,0.06478194192671909,0.09079893048890747,Credit Services,Financial Services,DFS
2012Q2,2012,Q2,2012-06-26,2012-05-31,536591000.0,1848219000.0,1207706000.0,1.0,1848219000.0,1.0,72083405000.0,8898858000.0,5112069000.0,44161000000.0,63184547000.0,0.0,6303466000.0,17482080000.0,31393918000.0,16.853897727272727,0.11575981069269264,0.26391521044268096,2.137791950382847,0.02676353307003786,16.853897727272727,0.06029886082011872,9.458879061409931,8.144974477767985,1.964530729673403,0.09965504453112334,0.0,0.003058789343144523,0.02564000687814345,0.11576547179638143,0.007444029593219133,37.801053460071444,1.0,-0.1525423728813559,1.3097064393939393,0.34373226227731923,0.3865877635432005,0.0029395453228290395,-0.14962615252469866,-0.11685506315877224,1.1677263909802182,0.041274047774269844,0.0946383435243252,Credit Services,Financial Services,DFS
2012Q1,2012,Q1,2012-04-04,2012-02-29,631006000.0,1842802000.0,1367506000.0,1.18,1842802000.0,1.0,70486018000.0,8828952000.0,6315152000.0,42903000000.0,61657066000.0,0.0,5820609000.0,15905300000.0,28344106000.0,16.6584,0.14719604689648744,0.26606635659287775,2.124143159912977,0.03084461425757449,16.6584,0.07147009067440847,8.63104120789971,6.30156448591614,1.801493540796235,0.08480584970665889,0.0,0.003364475992279303,0.02614422054598119,0.14719604689648744,0.008952215175497642,16.158979824261074,1.0,0.24210526315789474,1.5713814933435069,0.43570312874789335,0.5203892212540547,0.01995067402571238,0.23104145897510434,0.1613708106969638,3.751639193171101,0.3714474417865669,0.33419618635415727,Credit Services,Financial Services,DFS
2011Q4,2011,Q4,2012-01-26,2011-11-30,512579000.0,1806756000.0,1177493000.0,0.95,1806756000.0,1.0,68783937000.0,8242211000.0,3920401000.0,42255000000.0,60541726000.0,0.0,5243318000.0,12672240000.0,28159575000.0,15.492877819548871,0.09277957638149331,0.2665909920218728,2.224788712640334,0.02776816337873626,15.492877819548871,0.06218950230708726,7.013808173322795,6.180627766646703,1.5374806590124908,0.07776557369693257,0.0,0.0031455370163443875,0.02626712105763879,0.10804309549165779,0.00745201601356433,16.760160456451786,1.0,-0.19491525423728814,1.4449704228587845,-0.4634957529571908,0.26984803146180775,0.009923968782594989,-0.20998030264265172,-0.16438536008640767,0.0708273675054093,0.4680120654329821,0.258367823658648,Credit Services,Financial Services,DFS
2011Q3,2011,Q3,2011-09-28,2011-08-31,648818000.0,1789002000.0,1409134000.0,1.18,1789002000.0,1.0,65725667000.0,8005916000.0,3957525000.0,40002000000.0,57719751000.0,0.0,4763180000.0,13687040000.0,27547715000.0,14.716757352941176,0.09893317834108295,0.2710995690618096,2.225629147245612,0.03381188948108922,14.716757352941176,0.08104231920494794,7.650656623078119,5.273836422540682,1.7096157391608906,0.04502187053996652,0.0,0.002134208711306462,0.027219229285265375,0.09893317834108295,0.00987160769323193,25.540859284029498,1.0,0.08256880733944941,1.3385885244197833,0.3885625850864699,0.0,0.029853040308138134,0.08060870825207064,0.07860763388695062,2.1386319645497354,0.2454100584255608,0.16211524570218583,Credit Services,Financial Services,DFS
2011Q2,2011,Q2,2011-07-01,2011-05-31,600419000.0,1737143000.0,1306438000.0,1.09,1737143000.0,1.0,63437533000.0,7523300000.0,3772960000.0,37975000000.0,55914233000.0,0.0,4147598000.0,13016640000.0,27282187000.0,13.778937728937729,0.0993537853851218,0.28435070134268936,2.397685457179695,0.033122680461022354,13.778937728937729,0.0798079300307046,7.493130962735941,5.419815162411583,1.7301769170443821,0.04909071831504333,0.0,0.0022644092484696513,0.02738352073054291,0.0993537853851218,0.009464728081402534,13.809630406852703,1.0,0.2976190476190478,0.5273173585673585,0.4289746996347451,0.0,0.0024716364853479217,0.2915236226908615,0.18472954872947256,1.2442214237793605,0.32929851953059835,0.12558211555127988,Credit Services,Financial Services,DFS
2011Q1,2011,Q1,2011-04-08,2011-02-28,464892000.0,1732860000.0,1102731000.0,0.84,1732860000.0,1.0,63506609000.0,6899165000.0,5171425000.0,37617000000.0,56607444000.0,0.0,3580338000.0,11853750000.0,25772495000.0,12.659018348623853,0.137475742350533,0.3006013122193314,2.7670261546143626,0.027396317032855153,12.659018348623853,0.06738380659108748,6.840569924864098,6.374464391729693,1.7181427027763505,0.023717336499660135,0.0,0.0009301697774965729,0.027286293935171377,0.14744463939176436,0.007320371963176305,9.381700154412714,1.0,0.31249999999999994,0.842317447999457,0.3128914381384451,0.15537116703314902,0.08576820704070738,0.3296228713941689,0.14779695171519364,0.7062807465177976,0.16942282453695562,0.06954734286193283,Credit Services,Financial Services,DFS
2010Q4,2010,Q4,2011-01-26,2010-11-30,349642000.0,1595976000.0,960737000.0,0.64,1595976000.0,1.0,60784968000.0,6456846000.0,9628759000.0,36622000000.0,54328122000.0,0.0,3126488000.0,9962600000.0,22569595000.0,11.847423853211009,0.26292280596362844,0.29128464787544184,2.7421635888481775,0.02375475844872944,11.847423853211009,0.054150586834500934,6.242324445981644,7.1234291074870875,1.542951465777564,0.03139210964357829,0.0,0.0011017204344247484,0.02625609673760131,0.14949762437878872,0.005752112923708375,8.733867164145085,1.0,0.36170212765957455,0.6279892248766976,-0.5373898632180714,-0.02894555594373527,-0.06719674378969295,0.34159321916835816,0.16980445158776544,6.426047973007344,0.035204118499801665,0.010794119662577501,Credit Services,Financial Services,DFS
2010Q3,2010,Q3,2010-10-06,2010-08-31,260617000.0,1710946000.0,821280000.0,0.47,1710946000.0,1.0,60057553000.0,6111297000.0,7916091000.0,36237000000.0,53946256000.0,0.0,0.0,7897996140.0,17690905140.0,11.227521246927324,0.21845326599884096,0.0,0.0,0.08104628553647304,11.227521246927324,0.042645120994774105,4.616157459089884,7.57624803830909,1.2923600571204443,3.0157587571033355,0.0,0.09951359636901519,0.028488440080134465,0.21845326599884096,0.004339454189883494,31.481421806615167,1.0,0.4242424242424241,-0.06117842704844805,0.32721209459881945,0.0,0.030687256966093476,0.009881154893884147,-0.0066931619445244036,0.13999762504787774,0.22098220286690026,-0.04604732785903439,Credit Services,Financial Services,DFS
2010Q2,2010,Q2,2010-07-07,2010-05-31,258067000.0,1660005000.0,826814000.0,0.33,1660005000.0,1.0,62153678000.0,6038267000.0,10335729000.0,37804000000.0,56115411000.0,0.0,2538164000.0,7168272500.0,15143670500.0,11.102306596184786,0.27340305258702785,0.2946105136368599,3.032513633464701,0.020755878005515857,11.102306596184786,0.0427385870813596,4.318223439086027,6.944197146477465,1.1871406978194239,2.9170486734065184,0.0,0.10501749201080177,0.026708073494862202,0.2833226378161041,0.0041520793025313805,5.5180032638733865,1.0,2.736842105263158,-0.3409765315763936,0.3708562344195993,0.0,-0.01850467864402691,3.4924858506055747,2.4023027290384174,0.07840203923862853,0.1716652143074645,-0.08660164417255715,Credit Services,Financial Services,DFS
2010Q1,2010,Q1,2010-04-09,2010-02-28,-103538000.0,1691302000.0,243016000.0,-0.19,1691302000.0,1.0,66818951000.0,7015048000.0,12728321000.0,37412000000.0,59803903000.0,0.0,2362685000.0,7561777857.45,17225656857.45,12.625973029072323,0.34022027691649737,0.33511750281742675,3.192023775175879,0.0050121767950001474,12.625973029072323,-0.014759414333301782,4.470980261035581,-18.25846031758871,1.0779367236617625,-7.7391006200621995,0.0,0.10596595339157626,0.025311711343687513,0.3448979204533305,-0.0015495304617996772,6.7080092696464755,1.0,-1.3015873015873016,-1.402478676869529,0.2569477190375144,0.15235516623721174,0.07214956446550748,-1.293693995240216,-0.7252237074492263,-1.402478676869529,0.2569477190375144,0.15235516623721174,Credit Services,Financial Services,DFS
2009Q4,2009,Q4,2010-01-28,2009-11-30,352537000.0,1577487000.0,884414000.0,0.63,1577487000.0,1.0,46020987000.0,8435547000.0,13021000.0,35157000000.0,37585440000.0,0.0,3873262000.0,8589646265.700001,-2002971734.2999992,15.182645779112551,0.0003703672099439656,0.052760732836955454,0.28784155905953696,0.05031808522537088,15.182645779112551,0.04179183638002373,5.445145516698394,6.091308334798901,1.0182678450727618,0.07459358875805944,0.0,0.003061476478374743,0.03427755688942525,0.457027931848565,0.007660352873353194,8.67989109339806,1.0,-0.4112149532710281,0.6101389181205096,-0.5514764094685582,0.24442037686897547,-0.1448896776627623,-0.3894976915910185,-0.2892505263834643,0.6101389181205096,-0.5514764094685582,0.24442037686897547,Credit Services,Financial Services,DFS
2009Q3,2009,Q3,2009-10-07,2009-08-31,577454000.0,1844776000.0,1244340000.0,1.07,1844776000.0,1.0,42698290000.0,8386202000.0,485994000.0,32517000000.0,34312088000.0,0.0,3705608000.0,7055097500.0,-1978010500.0,16.344250026310764,0.014945843712519604,0.042042292560193865,0.2140580443924437,0.07508479790832157,16.344250026310764,0.06885763066522843,3.8243653972081164,3.054398055949045,0.8412744529645243,0.04341471355294101,0.0,0.0035534590414944655,0.04320491523196831,0.39819955715471905,0.013524054476186282,10.51665424461504,1.0,1.488372093023256,1.2067182984016354,0.5180876623077807,0.0,0.13938431189198436,1.5573693534100974,0.693866855427673,1.2067182984016354,0.5180876623077807,0.0,Credit Services,Financial Services,DFS
2009Q2,2009,Q2,2009-07-01,2009-05-31,225800000.0,1619099000.0,734615000.0,0.43,1619099000.0,1.0,41518288000.0,7415640000.0,815680000.0,32676000000.0,34102648000.0,0.0,3296234000.0,4859707240.0,-2908074760.0,15.39677266649503,0.02496266372873057,0.04641431746896693,0.2598619943794467,0.04282253208878975,15.39677266649503,0.03044915880490423,3.001488630404935,5.3805438883968115,0.6553321412582056,0.09036315323294951,0.0,0.004198606828011311,0.03899724863414407,0.3565317664340801,0.0054385672164516995,3.5414050460046025,1.0,0.72,-0.3488628111040057,0.5098578986194847,0.0,0.329104374694218,0.8755087462830373,0.44378190022660585,-0.3488628111040057,0.5098578986194847,0.0,Credit Services,Financial Services,DFS
2009Q1,2009,Q1,2009-04-08,2009-02-28,120394000.0,1218188000.0,508813000.0,0.25,1218188000.0,1.0,40606518000.0,5999351000.0,411398000.0,33174000000.0,34607167000.0,0.0,3136977000.0,2753247810.0,-2163329190.0,12.485719994089454,0.012401217821185265,0.09376896093380871,0.6346738172178957,0.03185411720553513,12.485719994089454,0.0200678373377387,2.260117330001609,5.717161590278585,0.4589242753091126,0.24306028539628222,0.0,0.010628538373376567,0.02999981431552442,0.2675079278953397,0.002964893468580586,5.383830427538952,1.0,-0.7222222222222222,-0.45884327727597424,0.04685246040316452,0.13955446493119658,0.09588602385208361,-0.7215261313564713,-0.4836183948127708,-0.45884327727597424,0.04685246040316452,0.13955446493119658,Credit Services,Financial Services,DFS
2008Q4,2008,Q4,2009-01-28,2008-11-30,432335000.0,1111601000.0,985343000.0,0.9,1111601000.0,1.0,39892382000.0,5915823000.0,793585000.0,32242000000.0,33976559000.0,0.0,3046956000.0,4516671800.0,-2369088200.0,12.311883320811576,0.024613392469449786,0.05603533526777117,0.3778650916364469,0.08036966714032934,12.311883320811576,0.07308112497618674,4.063213149322464,2.6117893531636347,0.7634900165201022,0.06753327859183272,0.0,0.0064642730959553005,0.027864994374113834,0.39227067179455366,0.010837532840229997,2.7950722210773784,1.0,1.4324324324324325,1.2832535822786892,-0.6345368953867758,0.009123093889814771,-0.11155078846199956,1.4011541046247493,0.697167148080974,1.2832535822786892,-0.6345368953867758,0.009123093889814771,Credit Services,Financial Services,DFS
2008Q3,2008,Q3,2008-10-09,2008-08-31,180053000.0,1251170000.0,580581000.0,0.37,1251170000.0,1.0,37317815000.0,6000393000.0,780731000.0,29463000000.0,31317422000.0,0.0,3116818000.0,7794399601.799999,2716987601.799999,12.663767562957027,0.026498693276312664,0.04968841289341297,0.30902359228803844,0.04829879987185393,12.663767562957027,0.030006867883486964,6.229688692823516,10.822368416244105,1.2989815170106356,0.16266321583089424,0.0,0.003757569729070136,0.03352741847291971,0.23978213352340225,0.004824853759524774,6.118754269955583,1.0,-0.22916666666666666,-0.2549019602063237,0.11494409065708171,0.0,0.09396025380626331,-0.2310290927105933,-0.13573923062494975,-0.2549019602063237,0.11494409065708171,0.0,Credit Services,Financial Services,DFS
2008Q2,2008,Q2,2008-07-10,2008-05-31,234148000.0,1143707000.0,671766000.0,0.48,1143707000.0,1.0,34233542000.0,5849691000.0,423373000.0,26494000000.0,28383851000.0,0.0,2966053000.0,8195179996.15,4085504996.1499996,12.241610397469024,0.01597995772627765,0.05520635288045859,0.32307843268986347,0.053674194810815874,12.241610397469024,0.04002741341380254,7.16545408583667,8.74999999588935,1.4009594688249345,0.12493807335531373,0.0,0.003569659240400234,0.033408958967786624,0.2314098286404469,0.006839724618621117,11.389249446393181,1.0,-0.040000000000000036,-0.31944444412472733,0.07498404507314456,0.0,-0.1194837189786782,-0.019599797344543587,0.17286593243894433,-0.31944444412472733,0.07498404507314456,0.0,Credit Services,Financial Services,DFS
2008Q1,2008,Q1,2008-04-14,2008-02-29,238829000.0,1298905000.0,572756000.0,0.5,1298905000.0,1.0,37328059000.0,5654341000.0,368914000.0,29698000000.0,31673718000.0,0.0,2761159000.0,7208936827.08,5077993827.08,11.835865362210523,0.012422183312007543,0.05963736287493545,0.3937058270804679,0.04440221097903432,11.835865362210523,0.042238167100286314,5.5500108376517145,7.546128011129302,1.2749384635769225,0.12233438987727621,0.0,0.004052886119108139,0.03479701422460782,0.15084702673580713,0.006398109261453964,8.996798648009804,1.0,5.166666666666667,0.07972703305671419,0.12268326784052405,0.08024312784655772,-0.03884916893960808,5.228259330075773,0.8314770935858203,0.07972703305671419,0.12268326784052405,0.08024312784655772,Credit Services,Financial Services,DFS
2007Q4,2007,Q4,2008-02-27,2007-11-30,-56484000.0,1351406000.0,312729000.0,-0.12,1351406000.0,1.0,37376105000.0,5599422000.0,369965000.0,29643000000.0,31776683000.0,0.0,2717905000.0,8298159886.440001,10841183886.44,11.720906980707314,0.012480686840063421,0.13536774364262943,0.9035787979545031,0.018822203927432835,11.720906980707314,-0.010087469742412699,6.140389998594057,-36.72792244901211,1.481967225624359,-0.5160045322569223,0.0,0.003512344953442919,0.03615695107877078,0.2088361839220052,-0.0015112329120436708,12.453940049406581,1.0,-1.2857142857142858,-1.300032221052111,-0.5531218157706573,-0.039315301536952584,0.09016092588245449,-1.2792919303797468,-0.5472177540202958,-1.300032221052111,-0.5531218157706573,-0.039315301536952584,Credit Services,Financial Services,DFS
2007Q3,2007,Q3,2007-10-12,2007-08-31,202240000.0,1239639000.0,690683000.0,0.42,1239639000.0,1.0,36141011000.0,5667282000.0,391060000.0,28116000000.0,30473729000.0,0.0,2803535000.0,11142460963.4,15573699963.4,11.769474078550758,0.013908806373595105,0.15414020930405073,0.9829726136797146,0.03775513157357768,11.769474078550758,0.03568553673524628,8.988472420922543,13.773809537430775,1.966103144929086,1.7306170886075949,0.0,0.031411373228019936,0.03430006426770961,0.04502880921895006,0.005595858953696674,13.747875920620467,1.0,-0.0454545454545455,-0.17647058877677643,0.08700363648420792,0.0,0.0006732294428905275,-0.03346364496611579,0.03275222457642958,-0.17647058877677643,0.08700363648420792,0.0,Credit Services,Financial Services,DFS
2007Q2,2007,Q2,2007-07-12,2007-05-31,209242000.0,1238805000.0,668779000.0,0.44,1238805000.0,1.0,35672568000.0,5780284000.0,359206000.0,28944000000.0,29892284000.0,0.0,2951295000.0,13672062500.0,18333241500.0,12.154944800757018,0.012410378662244334,0.14073517219169643,0.8685360442497289,0.03896325449030223,12.154944800757018,0.03619925941355131,11.03649282978354,16.335227272727273,2.365292518499091,0.0,0.0,0.0,0.03472710459196546,0.01723410724156993,0.005865627616155921,-353.42025332816337,1.0,0.047619047619047665,-0.38888888888888884,0.17000677128566158,0.0,0.013732965746143895,-0.10439494589782222,0.020382350248695492,-0.38888888888888884,0.17000677128566158,0.0,Credit Services,Financial Services,DFS
2007Q1,2007,Q1,2007-02-28,2007-02-28,233632000.0,1222023000.0,655420000.0,0.42,1222023000.0,1.0,29763803000.0,5528658000.0,28375084000.0,3322827000.0,24235145000.0,0.0,2742053000.0,14507048750.0,18871547750.0,10.956668047317343,8.539440663025792,0.15719083344289034,0.8462446040250636,0.04038590583336939,10.956668047317343,0.04225835636785636,11.871338550911071,15.523396570247225,2.623972897220266,2.1401177920832763,0.0,0.03446600398306375,0.04105735412910776,0.1262202335541393,0.007849534550406748,30.119419974213695,1.0,0.07692307692307684,0.0,0.0,0.0,-0.5921408829683308,0.25257074232530213,-0.6411819065721819,0.0,0.0,0.0,Credit Services,Financial Services,DFS
