Year,Date,FillingDate,NetIncome,Revenue,OperatingIncome,EPSDiluted,GrossProfit,GrossProfitRatio,TotalAssets,CommonStockEquity,CurrentAssets,CurrentLiability,TotalLiability,Inventory,RetainedEarnings,EnterpriseValue,bookValuePerShare,currentRatio,debtToAssets,debtToEquity,roic,shareholdersEquityPerShare,roe,priceToSalesRatio,peRatio,pbRatio,payoutRatio,inventoryTurnover,dividendYield,assetTurnover,quickRatio,returnOnAssets,priceToFreeCashFlowsRatio,grossProfitMargin,epsdilutedGrowth,fiveYNetIncomeGrowthPerShare,fiveYRevenueGrowthPerShare,fiveYShareholdersEquityGrowthPerShare,grossProfitGrowth,netIncomeGrowth,operatingIncomeGrowth,threeYNetIncomeGrowthPerShare,threeYRevenueGrowthPerShare,threeYShareholdersEquityGrowthPerShare,Industry,Sector,Price,MarketCap,AvgVolume,Symbol
2022,2022-12-31,2023-02-23,4392000000.0,13337000000.0,7607000000.0,14.31,13337000000.0,1.0,131628000000.0,14590000000.0,10563000000.0,0.0,117038000000.0,0.0,28453000000.0,29036810000.0,47.52442996742671,0.0,0.15276384963685538,1.3782042494859492,0.1676903676343175,47.52442996742671,0.301028101439342,2.2519164729699335,6.838299180327869,2.0585202193283068,0.16006375227686703,0.0,0.02340695369651736,0.10132342662655362,0.0,0.03336676087154709,4.350204229432213,1.0,-0.1974200785193493,1.5490779694999788,0.6416773549316922,0.6318524428771201,0.10341689418383387,-0.1939805468893375,-0.07209075384240059,0.548184124459269,0.21317383346319232,0.28238616996176297,Credit Services,Financial Services,119.902,30448633292,2040722,DFS
2021,2021-12-31,2022-02-24,5449000000.0,12087000000.0,8198000000.0,17.83,12087000000.0,1.0,110242000000.0,13408000000.0,21166000000.0,1250000000.0,96834000000.0,0.0,24766000000.0,36659000000.0,44.693333333333335,16.9328,0.18347816621614266,1.508576968973747,0.1880107142478351,44.693333333333335,0.4063991646778043,2.868205510052122,6.362268306111213,2.585620525059666,0.1167186639750413,0.0,0.018345448251990307,0.10964060884236498,16.9328,0.049427622866058306,5.951587982832618,1.0,3.9527777777777775,2.0740284162139573,0.7933234421364986,0.5985869469221939,0.09009740259740259,3.7756354075372482,1.4842424242424241,1.2786968149769027,0.2942160799327669,0.3813572926025758,Credit Services,Financial Services,119.902,30448633292,2040722,DFS
2020,2020-12-31,2021-02-17,1141000000.0,11088000000.0,3300000000.0,3.6,11088000000.0,1.0,112889000000.0,10884000000.0,29308000000.0,0.0,21241000000.0,0.0,19955000000.0,23330710000.0,35.4527687296417,0.0,0.18815827937177226,1.951580301359794,0.08167789693461137,35.4527687296417,0.10483278206541713,2.5065575396825395,24.35820333041192,2.55353822124219,0.5048203330411919,0.0,0.020724859144718163,0.09822037576734668,0.0,0.010107273516463074,4.682849199663016,1.0,-0.6035242290748899,-0.2929213717368215,0.8060698363284436,0.374089572936002,-0.032376298106292,-0.6141359485965505,-0.48153967007069914,-0.337773687796112,0.36484355638319,0.21734626376110866,Credit Services,Financial Services,119.902,30448633292,2040722,DFS
2019,2019-12-31,2020-02-26,2957000000.0,11459000000.0,6365000000.0,9.08,11459000000.0,1.0,113996000000.0,11859000000.0,18434000000.0,0.0,25701000000.0,0.0,21290000000.0,35284400000.0,37.059375,0.0,0.22545527913260113,2.1672147735896785,0.13066485192574975,37.059375,0.24934648789948563,2.3686534601623177,9.179032803517078,2.2887595918711523,0.19377747717281027,0.0,0.021110881867484086,0.10052107091476895,0.0,0.02593950664935612,4.591069012178619,1.0,0.16559691912708602,0.8377825010761947,0.9516257225433529,0.5377610247889348,0.07003455037818657,0.07840991976659373,0.10965829846582985,0.5639168930213121,0.5938890949554898,0.32553624260355046,Credit Services,Financial Services,119.902,30448633292,2040722,DFS
2018,2018-12-31,2019-02-20,2742000000.0,10709000000.0,5736000000.0,7.79,10709000000.0,1.0,107378000000.0,11130000000.0,14494000000.0,77706000000.0,98423000000.0,0.0,18906000000.0,34218120000.0,32.354651162790695,0.1865235631740149,0.2535714950921045,2.4463611859838275,0.11399352946371832,32.354651162790695,0.2463611859838275,1.8945858623587637,7.399387308533916,1.822921832884097,0.2013129102844639,0.0,0.0272066999455866,0.09973178863454339,0.17114508532159678,0.025535957086181525,4.109605023293498,1.0,0.43726937269372695,0.5651421711703232,0.8359003851461405,0.4517537065365425,0.08204506416085683,0.3063363506431634,0.10626808100289296,0.5164547286146745,0.5567188119549626,0.2540117568194709,Credit Services,Financial Services,119.902,30448633292,2040722,DFS
2017,2017-12-31,2018-02-21,2099000000.0,9897000000.0,5185000000.0,5.42,9897000000.0,1.0,98513000000.0,10892000000.0,13300000000.0,68141000000.0,89195000000.0,0.0,16687000000.0,41788080000.0,29.122994652406415,0.19518351653189708,0.2672337661019358,2.4170033051781123,0.08267479142710245,29.122994652406415,0.19271024605214837,2.9067474992421944,13.705612196283946,2.6412118986412048,0.25107193901858027,0.0,0.01831891457476481,0.10046389816572432,0.2051334732393126,0.0213068326007735,5.76514629258517,1.0,-0.06065857885615246,0.10201021888328397,0.56059641534364,0.30674922808928784,0.08770194526871085,-0.1228583368157125,0.0259200633161852,0.11617836975513415,0.4422208189634235,0.20844472152072605,Credit Services,Financial Services,119.902,30448633292,2040722,DFS
2016,2016-12-31,2017-02-23,2393000000.0,9099000000.0,5054000000.0,5.77,9099000000.0,1.0,89443000000.0,11323000000.0,10806000000.0,60642000000.0,80985000000.0,0.0,15130000000.0,42725450000.0,27.958024691358023,0.17819333135450677,0.28446049439307713,2.2470193411640023,0.08997572738393657,27.958024691358023,0.21133975094939503,3.208753709198813,12.200773088173841,2.578508345844741,0.21479314667781027,0.0,0.017604880045347975,0.10172959314870923,0.19646449655354375,0.02675446932683385,6.876224682053698,1.0,0.12475633528265101,0.2968350741213354,0.5148046517705475,0.46119120234384064,0.0411946446961895,0.04179364388332608,0.036717948717948715,0.16019893037436908,0.32494325551232156,0.25447700761482484,Credit Services,Financial Services,119.902,30448633292,2040722,DFS
2015,2015-12-31,2016-02-24,2297000000.0,8739000000.0,4875000000.0,5.13,8739000000.0,1.0,84120000000.0,11275000000.0,9840000000.0,50874000000.0,75661000000.0,0.0,13250000000.0,38583940000.0,25.80091533180778,0.19341903526359241,0.2939134569662387,2.1928159645232816,0.08611869432696496,25.80091533180778,0.20372505543237251,2.681306785673418,10.20110579016108,2.078220842572062,0.2242054854157597,0.0,0.02197854723083108,0.10388730385164051,0.2097141958564296,0.027306229196386114,6.35701030927835,1.0,0.046938775510203985,0.2794271880950451,0.5339833494793352,0.6966437900995032,0.030907160552082105,-0.011192423590185106,0.009734879867439934,0.03210609696217316,0.17933975683159847,0.1576874767255781,Credit Services,Financial Services,119.902,30448633292,2040722,DFS
2014,2014-12-31,2015-02-25,2323000000.0,8477000000.0,4828000000.0,4.9,8477000000.0,1.0,79121000000.0,11134000000.0,7228000000.0,52750000000.0,71992000000.0,0.0,11467000000.0,45628380000.0,24.0995670995671,0.13702369668246445,0.28634622919326097,2.0348482126818754,0.08985009399718262,24.0995670995671,0.20864020118555776,3.5692320396366632,13.024700817907878,2.717476199029998,0.20103314679294015,0.0,0.015434761197473064,0.10713969742546227,0.16181990521327014,0.029360094033189673,8.219608801955989,1.0,-0.012096774193548309,2.5769376498349756,0.49929357636947735,1.0306450358358055,0.030763618677042803,-0.05951417004048583,-0.05147347740667976,0.10358123373861358,0.23713813952935867,0.2595337408464117,Credit Services,Financial Services,119.902,30448633292,2040722,DFS
2013,2013-12-31,2014-02-25,2470000000.0,8224000000.0,5090000000.0,4.96,8224000000.0,1.0,79340000000.0,10809000000.0,73226000000.0,140000000.0,68531000000.0,0.0,9611000000.0,41195750000.0,22.28659793814433,523.0428571428571,0.2598185026468364,1.9071144416689796,0.10144166368879176,22.28659793814433,0.2285132759737256,3.299580496108949,10.986133603238867,2.5104773799611437,0.16153846153846155,0.0,0.014703850087062268,0.10365515502898916,55.59285714285714,0.03113183766070078,8.257988435788192,1.0,0.10222222222222221,1.0134729036352668,0.27041977591658095,0.33301408784643377,0.07461126355677512,0.05061675882603148,0.0011801730920535012,0.2396275846648121,0.30071367525209053,0.46554560208107093,Credit Services,Financial Services,119.902,30448633292,2040722,DFS
2012,2012-11-30,2013-01-25,2351000000.0,7653000000.0,5084000000.0,4.5,7653000000.0,1.0,70210000000.0,9873000000.0,5074000000.0,45776000000.0,65505000000.0,0.0,7373000000.0,37555760000.0,19.13372093023256,0.11084411045089129,0.28097137159948726,1.998075559607009,0.10731936972944166,19.13372093023256,0.23812417704851616,2.8055350842806743,9.132607401105913,2.174694621695533,0.08889834113143344,0.0,0.00973416870199285,0.10900156672838628,0.08576546662006292,0.03348525851018373,7.411377286848464,1.0,0.1083743842364533,2.6946823542466953,0.401348519046164,0.6310707796819279,0.08311050996488559,0.05581872432308143,0.017655644866203503,0.8013309138158353,0.11118889937572883,0.14443306348110413,Credit Services,Financial Services,119.902,30448633292,2040722,DFS
2011,2011-11-30,2012-01-26,2226708000.0,7065761000.0,4995796000.0,4.06,7065761000.0,1.0,63648442000.0,8242211000.0,3920401000.0,42255000000.0,60541726000.0,0.0,5243318000.0,28397775000.0,15.207031365313654,0.09277957638149331,0.2881009718981024,2.224788712640334,0.11918716688734628,15.207031365313654,0.2701590629019325,1.8271832290959176,5.797994168970517,1.5663806713999435,0.04920851768619864,0.0,0.008487162327542671,0.11101231668797172,0.10804309549165779,0.03498448555897095,3.6907481443259185,1.0,2.3278688524590163,0.9255037758531466,0.05709594539464632,0.3287730801696955,0.06120726697745001,1.9115362688745117,0.7517756036701828,1.1226195566586223,0.3003815244482669,0.23216370393309946,Credit Services,Financial Services,119.902,30448633292,2040722,DFS
2010,2010-11-30,2011-01-26,764788000.0,6658229000.0,2851847000.0,1.22,6658229000.0,1.0,60239599000.0,6456846000.0,9628759000.0,36622000000.0,54328122000.0,0.0,3126488000.0,22927375240.0,11.867936874377364,0.26292280596362844,0.29392174406738664,2.7421635888481775,0.07113834408843468,11.867936874377364,0.11844606484342356,1.4936975342842669,13.004100796560616,1.5402845661798348,1.105444907608383,0.0,0.08500740842463757,0.11052910561373425,0.14949762437878872,0.012695768442947305,2.6049278898664454,1.0,-0.48953974895397495,0.16082038995203776,-0.004454094854526489,0.23114197240768533,-0.011309411645388573,-0.40072324937215215,-0.15430216993032997,0.13990863412449092,0.15631903384995205,0.011692661426901547,Credit Services,Financial Services,119.902,30448633292,2040722,DFS
2009,2009-11-30,2010-01-28,1276185000.0,6734391000.0,3372182000.0,2.39,6734391000.0,1.0,464078000.0,8435547000.0,13021000.0,35157000000.0,37585440000.0,0.0,3873262000.0,-1442275000.0,16.71895154097711,0.0003703672099439656,5.232096759596447,0.28784155905953696,0.1867404993032607,16.71895154097711,0.15128657335440132,1.158284839713049,6.112235295039513,0.924699133322356,0.0791687725525688,0.0,0.01295250734486932,14.511334301561375,0.457027931848565,2.749936433099608,2.2009382356418374,1.0,0.24479166666666677,0.5516843131022272,0.0007260102519949434,0.0,0.40142648359142236,0.37556992724333066,0.19987432599665675,0.18546794973715294,0.08230301377065331,0.46088294306965927,Credit Services,Financial Services,119.902,30448633292,2040722,DFS
2008,2008-11-30,2009-01-28,927750000.0,4805383000.0,2810446000.0,1.92,4805383000.0,1.0,1252325000.0,5915823000.0,793585000.0,32242000000.0,33976559000.0,0.0,3046956000.0,-2380011000.0,12.341729688005257,0.024613392469449786,1.7849863254346914,0.3778650916364469,0.22099163359079177,12.341729688005257,0.15682517884662878,0.9376461772141783,4.856641336566963,0.7616436462010443,0.1260641336566963,0.0,0.025957060635201826,3.8371692651667897,0.3229945722970039,0.7408220709480366,1.0215665482481289,1.0,0.5609756097560975,0.4240568183855064,2.8000269316432593,0.5462003261464755,-0.04879180454457188,0.5761174252076856,0.20743801262324332,0.5983098844555859,-0.1844762198348116,0.28029172988084633,Credit Services,Financial Services,119.902,30448633292,2040722,DFS
TTM,,,,,,,,,,,,,,,,26200633292.0,54.63740458015267,0.0,0.1365013039132428,1.2688089416695774,0.18415122549059917,54.63740458015267,0.2897726275129488,2.146083541866366,7.61374793989336,2.194503946908837,0.17401841977702376,0.0,0.02085036112825474,0.1066277872554693,0.0,0.031008334523263768,4.389941362745097,1.0,,,,,,,,,,,Credit Services,Financial Services,119.902,30448633292,2040722,DFS
