Year,Date,FillingDate,NetIncome,Revenue,OperatingIncome,EPSDiluted,GrossProfit,GrossProfitRatio,TotalAssets,CommonStockEquity,CurrentAssets,CurrentLiability,TotalLiability,Inventory,RetainedEarnings,EnterpriseValue,bookValuePerShare,currentRatio,debtToAssets,debtToEquity,roic,shareholdersEquityPerShare,roe,priceToSalesRatio,peRatio,pbRatio,payoutRatio,inventoryTurnover,dividendYield,assetTurnover,quickRatio,returnOnAssets,priceToFreeCashFlowsRatio,grossProfitMargin,epsdilutedGrowth,fiveYNetIncomeGrowthPerShare,fiveYRevenueGrowthPerShare,fiveYShareholdersEquityGrowthPerShare,grossProfitGrowth,netIncomeGrowth,operatingIncomeGrowth,threeYNetIncomeGrowthPerShare,threeYRevenueGrowthPerShare,threeYShareholdersEquityGrowthPerShare,Industry,Sector,Price,MarketCap,AvgVolume,Symbol
2022,2022-12-31,2023-03-21,-93867000.0,0.0,-87569000.0,-1.48,0.0,0.0,155586000.0,74051000.0,128677000.0,22324000.0,81535000.0,0.0,-376738000.0,-20216682.0,1.165680193936341,5.764065579645225,0.246937385111771,0.5188316160483991,-0.7469398418725142,1.165680193936341,-1.2675993571997677,0.0,-0.6720287001821726,0.8518631483707174,0.0,0.0,0.0,0.0,5.503941945887834,-0.6033126373838263,-0.8170625995725666,0.0,0.5697674418604651,0.9850113866089677,0.0,-0.9931766994136223,0.0,-0.058300261567601694,-0.028928290269895542,0.7134776356590135,0.0,-0.8959890679764277,Biotechnology,Healthcare,1.915,303881760,4098027,XFOR
2021,2021-12-31,2022-03-17,-88696000.0,0.0,-85107000.0,-3.44,0.0,0.0,117176000.0,64412000.0,87878000.0,14023000.0,52764000.0,0.0,-282871000.0,16963210.0,2.5015340401568995,6.266704699422378,0.3395319860722332,0.6176644103583183,-0.7735107883660401,2.5015340401568995,-1.3770104949388313,0.0,-0.6648012311716425,0.9154382723716077,0.0,0.0,0.0,0.0,5.8856164871996,-0.75694681504745,-0.824457634228188,0.0,-0.11326860841423951,0.9267462175092762,0.0,1.0216084475810285,-1.0,-0.4275643398625485,-0.4214350135284097,0.8090632029090803,-1.0,-0.723828325731456,Biotechnology,Healthcare,1.915,303881760,4098027,XFOR
2020,2020-12-31,2021-03-19,-62131000.0,3000000.0,-59874000.0,-3.09,3000000.0,1.0,122871000.0,72799000.0,83307000.0,11948000.0,50072000.0,0.0,-194175000.0,88835110.0,3.625989938735867,6.97246401071309,0.3129135434724223,0.5281391227901482,-0.5150919113273442,3.625989938735867,-0.8534595255429333,43.03170333333333,-2.0777890264119363,1.7733088366598442,0.0,0.0,0.0,0.024415850770320092,6.664295279544693,-0.5056604080702526,-2.145149717514124,1.0,0.40116279069767447,0.7827326029994085,0.0,1.0980403362008775,0.0,-0.044903382048737825,-0.15803725122333326,0.9686086816913486,0.0,-0.9787752941125056,Biotechnology,Healthcare,1.915,303881760,4098027,XFOR
2019,2019-12-31,2020-03-12,-59461000.0,0.0,-51703000.0,-5.16,0.0,0.0,160698000.0,129220000.0,129278000.0,9447000.0,31478000.0,0.0,-132044000.0,20099999.999999985,11.207285342584562,13.684555943685826,0.1425842263127108,0.17731775266986535,-0.37572291109842904,11.207285342584562,-0.4601532270546355,0.0,-2.0748221523351438,0.954736108961461,0.0,0.0,0.0,0.0,13.568540277336721,-0.3700170506166847,-2.5580252545149182,0.0,0.7142851447544414,0.637933838242865,0.0,1.3030251162994735,0.0,-0.38213895539387743,-0.12679524899204533,0.8903296350175112,0.0,1.0968094113305287,Biotechnology,Healthcare,1.915,303881760,4098027,XFOR
2018,2018-12-31,2019-03-11,-43021000.0,3500000.0,-45885000.0,-18.059964,0.0,0.0,36004000.0,21600000.0,35080000.0,5398000.0,14404000.0,0.0,-135286000.0,10334467.2,9.057895045834627,6.49870322341608,0.2192534162870792,0.365462962962963,-1.5557401505390926,9.057895045834627,-1.991712962962963,9.484133485714285,-0.7715875316705796,1.5367808888888888,0.0,0.0,0.0,0.09721142095322742,6.2269359021859945,-1.1948950116653705,-0.8108671177663238,0.0,0.8170212761214933,-0.26659879571436934,0.0,1.2449094152410933,0.0,-0.2699176432387756,-0.2698917886696372,-0.26659879571436934,0.0,1.2449094152410933,Biotechnology,Healthcare,1.915,303881760,4098027,XFOR
2017,2017-12-31,2018-03-09,-33877000.0,0.0,-36133000.0,-98.699803,0.0,0.0,81254000.0,58707000.0,79530000.0,10680000.0,22547000.0,0.0,-92265000.0,-38247845.04,170.83817123102307,7.446629213483146,0.15058950943953528,0.2084248897065086,-0.5093243871840774,170.83817123102307,-0.5770521402899144,0.0,-0.7766081695545651,0.44814340640809447,0.0,0.0,0.0,0.0,7.340917602996255,-0.4169271666625643,-0.9425412875720991,0.0,-1.0955414008681887,-5.921257491142481,0.0,5.619161119148558,0.0,-0.4745157780195865,-0.4841452394643884,-5.921257491142481,0.0,5.619161119148558,Biotechnology,Healthcare,1.915,303881760,4098027,XFOR
2016,2016-12-31,2016-12-31,-22975000.0,0.0,-24346000.0,-47.099906,0.0,0.0,7604000.0,-56562000.0,5716000.0,12060000.0,64166000.0,0.0,-58388000.0,53383253.660000004,-115.76648580498458,0.4739635157545605,2.010652288269332,-0.2703051518687458,0.5898771594020303,-115.76648580498458,0.4061914359463951,0.0,-1.7901742615886835,-0.7271534539089849,0.0,0.0,0.0,0.0,0.36318407960199006,-3.021436086270384,-1.8943097669491527,0.0,-2.3020319244729146,-2.301403818752191,0.0,-2.130120430800668,0.0,-0.7381600847329399,-0.6422259696458684,-2.301403818752191,0.0,-2.130120430800668,Biotechnology,Healthcare,1.915,303881760,4098027,XFOR
2015,2015-12-31,2015-12-31,-13218000.0,0.0,-14825000.0,-14.263916,0.0,0.0,9510000.0,-34322000.0,8387000.0,6677000.0,43832000.0,0.0,-35413000.0,78554545.08000001,-36.98467466805172,1.2561030402875544,0.7564668769716089,-0.20960316997843947,0.5464833382483043,-36.98467466805172,0.3851174173999184,0.0,-5.910088143440763,-2.276077882407785,0.0,0.0,0.0,0.0,1.2430732364834507,-1.3899053627760252,-7.110826968869471,0.0,0.0,0.0,0.0,0.0,0.0,0.0,0.0,0.0,0.0,0.0,Biotechnology,Healthcare,1.915,303881760,4098027,XFOR
TTM,,,,,,,,,,,,,,,,247408760.0,0.3540252248795961,5.041420725760919,0.29687713516337766,0.7147031503986376,-0.9576579345012417,0.3540252248795961,-1.762875087870838,0.0,-2.9141052626092034,5.409219076553913,0.0,0.0,0.0,0.0,4.8280039008366264,-0.7710461798159238,-3.6403924528301888,0.0,,,,,,,,,,,Biotechnology,Healthcare,1.915,303881760,4098027,XFOR
