Quarters,Year,Quarter,FillingDate,Date,NetIncome,Revenue,OperatingIncome,EPSDiluted,GrossProfit,GrossProfitRatio,TotalAssets,CommonStockEquity,CurrentAssets,CurrentLiability,TotalLiability,Inventory,RetainedEarnings,MarketCap,EnterpriseValue,bookValuePerShare,currentRatio,debtToAssets,debtToEquity,roic,shareholdersEquityPerShare,roe,priceToSalesRatio,peRatio,pbRatio,payoutRatio,inventoryTurnover,dividendYield,assetTurnover,quickRatio,returnOnAssets,priceToFreeCashFlowsRatio,grossProfitMargin,epsdilutedGrowth,fiveYNetIncomeGrowthPerShare,fiveYRevenueGrowthPerShare,fiveYShareholdersEquityGrowthPerShare,grossProfitGrowth,netIncomeGrowth,operatingIncomeGrowth,threeYNetIncomeGrowthPerShare,threeYRevenueGrowthPerShare,threeYShareholdersEquityGrowthPerShare,Industry,Sector,Symbol
2023Q1,2023,Q1,2023-05-09,2023-03-31,37760000.0,44098000.0,-127641000.0,0.0003,58416000.0,1.3246859268,11537463000.0,1780135000.0,121760000.0,458487000.0,9648770000.0,0.0,-6532000.0,2611881360400.0,2612228655400.0,0.016084645588024006,0.26556914372708496,0.03973897901124363,0.25755743244192153,-0.05761425360384116,0.016084645588024006,0.021211874380313852,59229.02082634133,17292.646718750002,1467.2377996050864,1.249364406779661,0.0,1.806207613992665e-05,0.003822157436171193,0.26556914372708496,0.0032728165628786846,-2879692.7898566704,1.3246859267994013,1.1764705882352942,-0.5512229916989271,0.0,-0.23803270938416657,-0.7749083889165038,1.1940454312463147,0.7381009491995474,-0.5512229916989271,0.0,-0.23803270938416657,,Industrials,RCB
2022Q4,2022,Q4,2023-02-28,2022-12-31,-194593605.0,259521000.0,-487367173.0,-0.0017,259521000.0,1.0,11513470000.0,1791088000.0,289928000.0,457752000.0,9722382000.0,0.0,4994000.0,2496673327040.0,2496968038040.0,0.016758225926819328,0.6333735297715793,0.03975795307583205,0.2555720321949564,-0.18536671798205653,0.016758225926819328,-0.10864547414755724,9620.313296573302,-3207.54801659592,1393.9423004564824,-0.7015038752172765,0.0,5.467602289877508e-05,0.022540641526837695,0.6333735297715793,-0.01690138637613161,-17607.39601637983,1.0,-4.3999999999999995,0.0,0.0,0.0,3.1107679148450864,-3.8706202425208,-3.591565269410132,0.0,0.0,0.0,,Industrials,RCB
2022Q3,2022,Q3,2022-11-08,2022-09-30,67788000.0,78528000.0,188059000.0,0.0005,63132000.0,0.8039425428,11747969000.0,1866982000.0,335902000.0,457020000.0,9880987000.0,0.0,40079000.0,2773500630000.0,2773749613000.0,0.01632388794517779,0.7349831517220253,0.03890204340852449,0.24479079069857126,0.07559433154874838,0.01632388794517779,0.03630886639506969,35318.62049205379,10228.582603115596,1485.5529565898332,0.755059892606361,0.0,1.845465598470046e-05,0.006684389446380051,0.7349831517220253,0.005770188872646838,44042.6949645086,0.803942542787286,0.0,0.0,0.0,-0.04898931167002813,0.7346815409133374,0.12348973266818039,0.2414610316737302,0.0,0.0,-0.04898931167002813,,Industrials,RCB
2022Q2,2022,Q2,2022-08-05,2022-06-30,60337000.0,50766000.0,151482000.0,0.0005,36394000.0,0.7168971359,11826341000.0,1859452000.0,360863000.0,113818000.0,9966889000.0,0.0,27298000.0,2744616624000.0,2744602503000.0,0.01625977472036182,3.1705266302342334,0.009624109435031511,0.06121050718168579,0.06555643515475347,0.01625977472036182,0.0324488074981231,54064.070913603595,11372.029699852495,1476.035210373809,0.8479871389031606,0.0,1.8641947859891707e-05,0.004292621022850601,3.1705266302342334,0.005101916137882376,42591.15507208144,0.7168971358783438,-0.2857142857142857,0.0,0.0,-0.08780874063444641,0.0,-0.095125974805039,0.020280054690815043,0.0,0.0,-0.08780874063444641,,Industrials,RCB
2022Q1,2022,Q1,2022-05-06,2022-03-31,66680000.0,0.0,148471000.0,0.0007,0.0,0.0,11360593000.0,1851445000.0,369597000.0,113531000.0,9509148000.0,0.0,21661000.0,2225133718970.0,2225035880970.0,0.021109364911220996,3.255472073706741,0.009993404393591074,0.06132021205058751,0.05960384042173669,0.021109364911220996,0.036015112520220695,0.0,8342.58292955159,1201.8362516682917,0.5151019796040792,0.0,1.5435926257905527e-05,0.0,3.255472073706741,0.005869411922423416,150938.38820851987,0.0,-0.9996774193548387,0.0,0.0,0.0,-1.0,305674.2544237646,1795948.7440644298,0.0,0.0,0.0,,Industrials,RCB
2021Q4,2021,Q4,2022-02-28,2021-12-31,218.14,319.752,-82.66999999899417,2.17,319.752,1.0,9525670000.0,1280598000.0,378551000.0,441817000.0,8245072000.0,0.0,8598000.0,1769654059740.0,1769866345740.0,0.0186917020069221,0.8568049667622568,0.046381724330152106,0.3450083476625764,-5.5379966069168075e-08,0.0186917020069221,1.70342293209891e-07,5534458141.7473545,2028117332.6074996,1381.896629340355,49651.59988997892,0.0,6.120405251177344e-06,3.3567402607900546e-08,0.8568049667622568,2.2900226440764797e-08,70238.30362135344,1.0,2.6166666666666667,0.0,0.0,0.0,0.0,0.0,0.0,0.0,0.0,0.0,,Industrials,RCB
2021Q3,2021,Q3,2021-11-05,2021-09-30,0.0,0.0,0.0,0.6,0.0,0.0,9264398000.0,1229310000.0,6567000.0,333975000.0,8026727000.0,0.0,-10395000.0,1854910551200.0,1855034757200.0,0.017164778635499305,0.019663148439254437,0.03604929321905212,0.271676794299241,,0.017164778635499305,0.0,0.0,0.0,1508.9038169379571,0.0,0.0,4.2245163762374314e-05,0.0,0.6477610599595778,0.0,-23022.919163936054,0.0,0.5789473684210525,0.0,0.0,0.0,0.0,0.0,0.0,0.0,0.0,0.0,,Industrials,RCB
2021Q2,2021,Q2,2021-08-06,2021-06-30,0.0,0.0,0.0,0.38,0.0,0.0,8976892000.0,1269526000.0,64331000.0,2642886000.0,7680148000.0,0.0,-23105000.0,1875270151980.0,1877855919980.0,0.017824962203289257,0.02434119367993928,0.294409913809813,2.0817895813082994,,0.017824962203289257,0.0,0.0,0.0,1477.1419821098582,0.0,0.0,2.367338911309749e-05,0.0,0.02434119367993928,0.0,89588.67532868336,0.0,0.0,0.0,0.0,0.0,0.0,0.0,0.0,0.0,0.0,0.0,,Industrials,RCB
2020Q4,2020,Q4,2021-03-15,2020-12-31,54.453,258.636,54.453,0.0,0.0,0.0,5372095000.0,815396000.0,156283000.0,2056738000.0,4537887000.0,0.0,-24203000.0,0.0,1917763000.0,0.0,0.07598585721662166,0.38285585046429743,2.522379310175669,1.8959073636536457e-08,0.0,6.678104871743301e-08,0.0,0.0,0.0,,0.0,,4.8144345920911675e-08,0.07598585721662166,1.0136268997476777e-08,0.0,0.0,0.0,0.0,0.0,0.0,0.0,0.0,0.0,0.0,0.0,0.0,,Industrials,RCB
