Quarters,Year,Quarter,FillingDate,Date,NetIncome,Revenue,OperatingIncome,EPSDiluted,GrossProfit,GrossProfitRatio,TotalAssets,CommonStockEquity,CurrentAssets,CurrentLiability,TotalLiability,Inventory,RetainedEarnings,MarketCap,EnterpriseValue,bookValuePerShare,currentRatio,debtToAssets,debtToEquity,roic,shareholdersEquityPerShare,roe,priceToSalesRatio,peRatio,pbRatio,payoutRatio,inventoryTurnover,dividendYield,assetTurnover,quickRatio,returnOnAssets,priceToFreeCashFlowsRatio,grossProfitMargin,epsdilutedGrowth,fiveYNetIncomeGrowthPerShare,fiveYRevenueGrowthPerShare,fiveYShareholdersEquityGrowthPerShare,grossProfitGrowth,netIncomeGrowth,operatingIncomeGrowth,threeYNetIncomeGrowthPerShare,threeYRevenueGrowthPerShare,threeYShareholdersEquityGrowthPerShare,Industry,Sector,Symbol
2023Q1,2023,Q1,2023-05-10,2023-03-31,26132000.0,376773000.0,47458000.0,0.09,101179000.0,0.2685410048,1794169000.0,519384000.0,866636000.0,470585000.0,1274785000.0,254624000.0,-241338000.0,3295281160.0,3887734160.0,3.4486046465303737,1.8416141610973575,0.4125636994062432,1.4251671210510912,0.027343420616164786,3.4486046465303737,0.050313448238682744,8.746065031199157,31.525344022654217,6.344595058761918,0.0,1.0823567299233379,0.0,0.20999861217087132,1.2019741385722027,0.014564960157042062,78.58443612429352,0.26854100479599124,3.5787965616045843,1.928517256856305,7.353454490439215,1.4692066436246516,0.2565697963238947,5.976575890306608,1.9028075111627623,-0.7009584007875369,-0.27418922389705397,0.0,Solar,Technology,ARRY
2022Q4,2022,Q4,2023-03-22,2022-12-31,-5251000.0,402071000.0,16349000.0,-0.0349,80520000.0,0.2002631376,1706052000.0,423851000.0,831209000.0,465262000.0,1282201000.0,233159000.0,-267470000.0,2908449789.9999995,3533591789.9999995,2.8169782604361204,1.7865396271348186,0.44491199564843276,1.7908250776806,-0.008415221690577467,2.8169782604361204,-0.01238878756921654,7.233672137508051,-138.47123357455723,6.861962788810218,0.0,1.3791061035602314,0.0,0.23567335579454787,1.200648236907377,-0.003077866325293719,33.921737695358054,0.20026313760504985,-1.1836842105263157,-1.1654950206794357,0.5101978102554883,0.1723354575466725,0.003702180172768408,-1.1286316202047915,-0.11722462203023758,-1.1654950206794357,0.5101978102554883,0.1723354575466725,Solar,Technology,ARRY
2022Q3,2022,Q3,2022-11-09,2022-09-30,40822000.0,515024000.0,18520000.0,0.19,80223000.0,0.1557655566,1681825000.0,349378000.0,871801000.0,513121000.0,1332447000.0,269775000.0,-258360000.0,2492338759.9999995,3202355759.9999995,2.324197389603651,1.699016411333779,0.4594978669005396,2.21191660608281,0.012964511478401804,2.324197389603651,0.11684193051651792,4.839267218615054,15.263453284993385,7.133645392669257,0.45735142815148694,1.6117171717171717,0.007490956004712618,0.3062292450165743,1.0927578485386489,0.024272442138748088,24.436610322378222,0.15576555655658766,11.27027027027027,0.8958255057659736,1.2000032348763465,0.0,0.6933257345491388,15.700036010082822,3.082536826717643,0.8958255057659736,1.2000032348763465,0.0,Solar,Technology,ARRY
2022Q2,2022,Q2,2022-08-09,2022-06-30,-2777000.0,424929000.0,-8893000.0,-0.0185,47376000.0,0.1114915668,1775409000.0,360276000.0,907945000.0,515292000.0,1415133000.0,329951000.0,-296733000.0,1653735030.0,2447740030.0,2.398593902918051,1.7620009625610333,0.4759753949653291,2.3455656219120895,-0.0012072195610325486,2.398593902918051,-0.007707979437986433,3.8917914051523903,-148.87783849477853,4.590189271558471,0.0,1.1442699067437285,0.0,0.23934147004999975,1.019156128952128,-0.0015641466276221422,-135.49652027857437,0.11149156682645807,0.8766666666666667,0.9078480938327946,12.6691847958279,32.38171016573261,0.7819234964456313,0.8740817992200961,0.7522289089490695,-1.981569142811901,2.126382156674671,2.483281412977769,Solar,Technology,ARRY
2022Q1,2022,Q1,2022-05-10,2022-03-31,-22054000.0,300586000.0,-35892000.0,-0.15,26587000.0,0.0884505599,1715718000.0,390207000.0,816996000.0,433124000.0,1325511000.0,299010000.0,-293956000.0,1671205760.0,2448142760.0,2.6314131959430296,1.8862866061451224,0.48168055589554926,2.1179220260015836,-0.018860074094334378,2.6314131959430296,-0.05651871955141758,5.559825673850412,-18.944474471751153,4.282869758871573,0.0,0.9163539680947126,0.0,0.17519545752856822,1.0885820227001968,-0.012854093738015222,-31.860406451366913,0.08845055990631633,0.2857142857142857,0.37784214257972903,8.787360201305905,14.257240205054826,8.058603066439524,0.2044298546228491,-0.3943514237986092,0.20412685550345336,5.7685281092607665,0.8840962103560395,Solar,Technology,ARRY
2021Q4,2021,Q4,2022-04-06,2021-12-31,-27721000.0,212522000.0,-25741000.0,-0.21,2935000.0,0.0138103349,1142979000.0,168257000.0,852033000.0,245305000.0,974722000.0,205653000.0,-271902000.0,2041990740.0,2395585740.0,1.2928326648533186,3.473361733352357,0.6310395904036732,4.286686438008522,-0.02311186141106798,1.2928326648533186,-0.1647539181133623,9.60837343898514,-18.415558060676023,12.136141378961945,-0.2904296381804408,1.0191293100513972,0.0039427211114581254,0.1859369244754278,2.497833309553413,-0.024253288993061114,-20.74034574170941,0.013810334930030773,-0.049999999999999906,-0.263194905723129,4.744026813341365,2.889848654051195,-0.683694363616769,-0.08488572323105824,-0.6937096986445584,-2.010068199158234,-0.0771441438420747,-0.4619647602649759,Solar,Technology,ARRY
2021Q3,2021,Q3,2021-11-12,2021-09-30,-25552000.0,192068000.0,-15198000.0,-0.2,9279000.0,0.0483110148,776589000.0,242562000.0,491625000.0,214495000.0,534027000.0,173126000.0,-244181000.0,2425286600.0,2612407600.0,1.852254591271811,2.2920114687988065,0.39082706553917196,1.2512759624343466,-0.024074060568928624,1.852254591271811,-0.10534213932932611,12.62722889809859,-23.72893119912336,9.998625506056184,0.0,1.0558148400586855,0.0,0.2473225863358868,1.4000606074733677,-0.0329028611015608,-73.98677852348993,0.04831101484890768,-1999.0000000000002,0.10368256168493746,4.419115174288124,6.156207144377634,-0.6536006271698959,-1502.0588235294117,-3.6635120925341744,-2.362164139029152,-0.058215959950621295,0.0,Solar,Technology,ARRY
2021Q2,2021,Q2,2021-08-12,2021-06-30,-17000.0,202796000.0,5706000.0,-0.0001,26787000.0,0.1320884041,622318000.0,-68609000.0,330212000.0,168129000.0,690927000.0,137666000.0,-218629000.0,1981106400.0,2468048400.0,-0.5402538702615871,1.9640395172754255,0.8108780398445811,-7.355070034543573,0.00020549773578153505,-0.5402538702615871,0.00024778090338002304,9.768961912463757,-29133.91764705882,-28.875313734349724,0.0,1.2785219298882804,0.0,0.3258719818485083,1.076250973954523,-2.731722367021362e-05,-21.39631713665475,0.1320884041105347,-1.005,0.9993114902311596,4.284073663538832,-1.0361925104945042,-0.38923343517716263,-1.0058884655351576,-0.5628591128476212,-1.0071070495463061,0.7647389897808613,0.6659090465153685,Solar,Technology,ARRY
2021Q1,2021,Q1,2021-05-11,2021-03-31,2887000.0,245932000.0,13053000.0,0.02,43858000.0,0.1783338484,583276000.0,-70115000.0,285553000.0,232339000.0,653391000.0,124705000.0,-218612000.0,3786961080.0,4170098080.0,-0.552112698237712,1.2290360206422513,0.6896734993382206,-5.737288739927262,0.028074942534183963,-0.552112698237712,-0.04117521215146545,15.398407201990794,327.9322029788708,-54.01071211580974,0.0,1.6204161821899683,0.0,0.4216391553912727,0.6249876258398289,0.004949629334997497,-88.65024298890397,0.17833384838085325,1.2577319587628866,1.1277103462700464,5.423812042655079,-4.325763453810672,0.23710933092632291,1.2954359394187474,0.5931893079458074,1.1216539092381772,5.4664114452396655,-1.3953136071685346,Solar,Technology,ARRY
2020Q4,2020,Q4,2021-03-10,2020-12-31,-9772000.0,180566000.0,8193000.0,-0.0776,35452000.0,0.1963381811,656024000.0,-80899000.0,375175000.0,289103000.0,736923000.0,118459000.0,-221499000.0,5432102520.0,5751944520.0,-0.6424736733429692,1.2977208814851455,0.6528465421996756,-5.294045661874684,0.02505666094299919,-0.6424736733429692,0.12079259323353811,30.083750650731588,-138.97110417519443,-67.14672023139964,0.0,1.2250145620003545,0.0,0.27524297891540556,0.84500333791071,-0.014895796495250174,52.45012909517511,0.1963381810529114,-0.3637961335676626,0.5881622574964837,4.768528074108254,-16.588681957700604,0.32625042085967604,-0.351216814159292,-0.0342998585572843,-1.3680173309085144,-0.18958221494655525,-1.2673768123732743,Solar,Technology,ARRY
2020Q3,2020,Q3,2020-11-16,2020-09-30,-7232000.0,139462000.0,8484000.0,-0.0569,26731000.0,0.1916722835,552272000.0,377260000.0,264577000.0,146690000.0,175012000.0,96515000.0,0.0,4628948322.150001,4601906322.150001,2.9706806045337393,1.8036471470447883,0.0001846916012399687,0.00027037056671791335,0.027989783282552052,2.9706806045337393,-0.019169803318666172,33.1914666514893,-160.0161892336145,12.26991550164343,0.0,1.1680153344039788,0.0,0.25252411855027956,1.1027336560092713,-0.01309499666830837,219.85031214200905,0.1916722834894093,-3.8449999999999998,0.6574535311161784,8.642396071334666,16.529493085530486,0.20399063147464191,-4.023411371237458,0.8280542986425339,-1.3975577706328142,-0.2948370489613181,0.0,Solar,Technology,ARRY
2020Q2,2020,Q2,2020-06-30,2020-06-30,2392000.0,114916000.0,4641000.0,0.02,22202000.0,0.193201991,530554000.0,-205361000.0,240116000.0,143787000.0,735915000.0,105280000.0,0.0,4628948322.150001,5230397322.150001,-1.6170861995113535,1.6699423452746076,1.1110084930091941,-2.870311305457219,-0.008397113207206272,-1.6170861995113535,-0.011647781224283092,40.281147291499884,483.79476611099506,-22.54054237245631,0.0,0.8806420972644377,0.0,0.2165962371408,0.7367564522522898,0.004508494894016443,-97.61389093755932,0.1932019910195273,-0.9655172413793103,1.1677141820643975,9.038915202420672,-6.181856485194764,-0.8125084448047561,-0.9675374906697428,-0.9542072857875834,1.0938822362561418,3.372205351365912,-23.505311449104585,Solar,Technology,ARRY
2020Q1,2020,Q1,2020-03-31,2020-03-31,73685000.0,437718000.0,101348000.0,0.58,118416000.0,0.2705303415,,,,,,,,4628931300.0,,,0.0,0.0,0.0,0.0,,0.0,10.575144956341754,15.705134355703331,0.0,0.0,0.0,0.0,0.0,0.0,0.0,-23.058877475790062,0.27053034145271615,1.7619047619047619,0.406708070837139,69.55025824949956,0.0,0.9541883952736154,1.751493651979089,1.5027905368696597,3.4272533720472773,15.642326346183374,0.0,Solar,Technology,ARRY
2019Q4,2019,Q4,2019-12-31,2019-12-31,26780000.0,224710000.0,40494000.0,0.21,60596000.0,0.2696631214,923581000.0,305151000.0,619684000.0,590620000.0,618430000.0,148024000.0,0.0,4628931300.0,4416418300.0,2.402877301289825,1.049209305475602,0.10583695420325884,0.32032993501577905,0.07595336777015227,2.402877301289825,0.08775983037905824,20.599578567932003,43.21257748319642,15.169313880668916,0.0,1.1086985894179322,0.0,0.24330296963666426,0.6893450949849311,0.02899583252578821,11.669182464454977,0.26966312135641496,0.4999999999999998,3.553971234446453,7.881317819649185,24.311550284280322,0.29128220427472457,0.472156560936727,0.4284101731983492,2.250603579813566,5.2241863396252946,6.229728402115256,Solar,Technology,ARRY
2019Q3,2019,Q3,2019-09-30,2019-09-30,18191000.0,197772000.0,28349000.0,0.14,46927000.0,0.23727828,,,,,,,,4628931300.0,,,0.0,0.0,0.0,0.0,,0.0,23.405392573266184,63.61567945687428,0.0,0.0,0.0,0.0,0.0,0.0,0.0,-512.7873379860418,0.2372782800396416,0.0,1.6429469742348222,33.670619544451526,0.0,0.0,0.0,0.0,1.6580098628597653,4.754095359275778,0.0,Solar,Technology,ARRY
2019Q1,2019,Q1,2019-05-07,2019-03-31,-40357000.0,64677000.0,-34631000.0,-0.19,63635000.0,0.9838891723,567004000.0,301625000.0,493914000.0,86660000.0,265379000.0,4397000.0,-1139674000.0,7871887800.000001,7909496800.000001,1.3966448111722325,5.699446111239326,0.23676199815168852,0.44507252382925816,-0.08551950011438207,1.3966448111722325,-0.13379859096560298,121.71077508233222,-48.76407934187378,26.098260422710318,0.0,0.23697975892654083,0.0,0.1140679783564137,5.247495961227787,-0.07117586472053107,-176.49972645739913,0.9838891723487484,0.0,0.07741273197249127,4.205674077389043,9.085734440479639,0.0,0.0,0.0,-0.049784154654755525,-0.0065877964842379465,14.472249265480334,Solar,Technology,ARRY
2017Q2,2017,Q2,2017-08-11,2017-06-30,-32744000.0,33778000.0,-26440000.0,-0.2,23686000.0,0.7012256498,279145000.0,11727000.0,270177000.0,69551000.0,267418000.0,0.0,-918700000.0,5948895150.0,5956867150.0,0.0718535356939347,3.884588287731305,0.47969693170216193,11.418521360961883,-0.2008917260979453,0.0718535356939347,-2.7921889656348595,176.11744774705429,-45.41973453151723,507.28192632386805,0.0,0.0,0.0,0.1210052123448387,3.8188092191341605,-0.11730104426015153,348.94973897231347,0.7012256498312511,0.1666666666666666,-1.6625615087678667,0.3532495562633632,1.113142982637748,-0.0836428350355927,0.1475580547745496,0.17944261684563342,0.11721956815170312,3.6520626901723734,1.377448262828607,Solar,Technology,ARRY
2017Q1,2017,Q1,2017-05-10,2017-03-31,-38412000.0,33280000.0,-32222000.0,-0.24,25848000.0,0.7766826923,256202000.0,27714000.0,246951000.0,71250000.0,228488000.0,0.0,-889069000.0,5857114050.0,5904859050.0,0.17246980191550138,3.4659789473684213,0.5132434563352355,4.7446777801833,-0.22012568551220127,0.17246980191550138,-1.3860142888071012,175.9950135216346,-38.12034032333646,211.34134552933537,0.0,0.0,0.0,0.12989750275173495,3.3579228070175438,-0.14992857198616716,-365.49853666146646,0.7766826923076923,-0.4117647058823528,-0.40855300381999793,-0.30748317084355364,1.1399310977607944,-0.2718257880947686,-0.4545592244774311,-0.5956224621174606,-0.180186702330006,2.600026012709388,1.998496544100143,Solar,Technology,ARRY
2016Q4,2016,Q4,2017-02-09,2016-12-31,-26408000.0,44523000.0,-20194000.0,-0.17,35497000.0,0.7972733194,272202000.0,52052000.0,263889000.0,64385000.0,220150000.0,0.0,-853316000.0,5708543850.0,5774102850.0,0.3323606597153493,4.098609924671895,0.4715027810229168,2.4656881579958503,-0.1268692579932482,0.3323606597153493,-0.5073388150311228,128.21561552456035,-54.041804093456534,109.67001940367327,0.0,0.0,0.0,0.16356602817025592,3.9924516579948746,-0.0970161865085488,-201.77236851406758,0.7972733194079464,0.2272727272727272,-0.29095484663500903,-0.2838059635053674,1.1529021565907218,0.16666666666666666,0.16395985690315637,0.2120644582309103,-0.2095286440776506,1.730757499059459,9.3936908067514,Solar,Technology,ARRY
2016Q3,2016,Q3,2016-11-03,2016-09-30,-31587000.0,39271000.0,-25629000.0,-0.22,30426000.0,0.7747701867,166861000.0,-52124000.0,158019000.0,64213000.0,218985000.0,0.0,-830000000.0,5288895000.0,5348606000.0,-0.35922811853893866,2.4608568358432095,0.7524406541972061,-2.4087368582610695,-0.3853762359791283,-0.35922811853893866,0.6059972373570716,134.67686078785871,-41.85974451514864,-101.46755813061162,0.0,0.0,0.0,0.23535158005765278,2.345163751888247,-0.18930127471368385,-337.9269695227142,0.7747701866517277,-0.15789473684210525,-0.8995934787870223,-0.30262109920562297,0.8469408051608825,-0.19424803368554858,-0.13638653043603396,-0.15279776898164807,-0.6283517417959723,1.570146199813338,-2.6876150114079636,Solar,Technology,ARRY
2016Q2,2016,Q2,2016-08-19,2016-06-30,-27796000.0,43205000.0,-22232000.0,-0.19,37761000.0,0.8739960653,168900000.0,-37932000.0,155301000.0,52434000.0,206832000.0,0.0,-801407000.0,5211037800.0,5268094800.0,-0.265325536498699,2.9618377388717243,0.6729129662522203,-2.9962828218918065,-0.3262495187500145,-0.265325536498699,0.7327849836549615,120.61191528758246,-46.86859440207224,-137.3784087314141,0.0,0.0,0.0,0.2558022498519834,2.8463210893694932,-0.16457075192421552,-660.0427865737809,0.8739960652702233,-0.05555555555555561,0.5691126756759068,-0.12020479242274437,0.8875765713808604,0.015080645161290323,-0.09355574789519239,-0.11539233393538029,-0.28438649622835266,0.6066243380504207,-0.6362649693253328,Solar,Technology,ARRY
2016Q1,2016,Q1,2016-05-04,2016-03-31,-25418000.0,43047000.0,-19932000.0,-0.18,37200000.0,0.8641717193,196184000.0,-14803000.0,187525000.0,59480000.0,210987000.0,0.0,-776393000.0,5204768400.0,5254309400.0,-0.10366827273236597,3.1527404169468727,0.5708875341516128,-7.565966358170641,-0.22987755313908273,-0.10366827273236597,1.7170843747888942,120.90896926615095,-51.1917578094264,-351.6022698101736,0.0,0.0,0.0,0.21942156343024916,3.0392905178211165,-0.12956204379562045,-2177.7273640167364,0.8641717192835737,0.05263157894736847,0.3760833314265535,-0.0717583660052465,0.9604920504607843,0.2497060503241845,0.053580072234426776,0.07167807740673467,0.015510317977203992,3.0916161714493193,0.7327686476449841,Solar,Technology,ARRY
2015Q4,2015,Q4,2016-02-05,2015-12-31,-26857000.0,35430000.0,-21471000.0,-0.19,29767000.0,0.8401637031,199918000.0,5874000.0,191882000.0,53020000.0,194044000.0,0.0,-753718000.0,5194999800.0,5248132800.0,0.04121411130756925,3.6190494153149753,0.5521563841174881,18.79230507320395,-0.20526297798520135,0.04121411130756925,-4.572182499148791,146.62714648602878,-48.35796812749005,884.4058222676201,0.0,0.0,0.0,0.17722266129112937,3.4829498302527346,-0.13434007943256734,-119.84128353595239,0.8401637030764888,-0.11764705882352934,0.3836655756677422,-0.18121018095417835,1.0171459940108571,1.9811717576364547,-0.1359387556570655,-0.17129452839452294,-0.8463004157166594,0.8277031969444623,1.1755702689756158,Solar,Technology,ARRY
2015Q3,2015,Q3,2015-11-06,2015-09-30,-23643000.0,16197000.0,-18331000.0,-0.17,9985000.0,0.6164721862,186752000.0,24101000.0,179603000.0,49261000.0,162651000.0,0.0,-729554000.0,5183773200.0,5236228200.0,0.16946757045620747,3.645947098110067,0.5826604266620973,4.514874901456371,-0.15537017288123234,0.16946757045620747,-0.980996639143604,320.045267642156,-54.81298058622003,215.08539894610183,0.0,0.0,0.0,0.0867299948594928,3.507967763545198,-0.12660105380397532,-264.27597247004843,0.6164721862073224,-0.5454545454545455,0.3885077979732024,-0.671396220403432,1.0722821482829472,0.8688002994572338,-0.5402605863192183,-0.8117216841272978,-0.5462343723764769,-0.028103433140670753,1.2374816873274377,Solar,Technology,ARRY
2015Q2,2015,Q2,2015-08-21,2015-06-30,-15350000.0,12320000.0,-10118000.0,-0.11,5343000.0,0.4336850649,198207000.0,42653000.0,191047000.0,42424000.0,155554000.0,0.0,-708567000.0,4981949550.0,5033538550.0,0.3120669598109439,4.503276447293985,0.5412523271125641,2.515180643799967,-0.08134689460281842,0.3120669598109439,-0.3598808993505732,404.3790219155844,-81.13924348534202,116.8018556725201,0.0,0.0,0.0,0.06215723965349357,4.352088440505375,-0.0774442880422992,-179.8667611379883,0.4336850649350649,-1.275,0.7167735432724275,-0.7481146241116733,1.1343077054274702,1.964614551363062,-1.275435133680244,-1.1661848761579396,-0.49043584469602897,-0.4106250693101243,1.4913910815203606,Solar,Technology,ARRY
2015Q1,2015,Q1,2015-05-07,2015-03-31,55730000.0,6601000.0,60884000.0,0.4,-5539000.0,-0.8391152856,208445000.0,50151000.0,196595000.0,44917000.0,158294000.0,0.0,-695833000.0,4924868850.0,4891383850.0,0.3711781989889944,4.376850635616805,0.5180503250257862,2.1531973440210566,0.3679940310048809,0.3711781989889944,1.1112440429901698,746.0792076958037,22.092539251749507,98.20081055213257,0.0,0.0,0.0,0.03166782604523975,4.278691809337222,0.26736069466765816,129.94034062425794,-0.8391152855627935,5.761904761904762,2.055377760353011,-0.8686545793183945,1.1674778435182187,-1.400766948845959,5.9955181068483325,11.036927134849984,3.430436775837078,-0.8366399874783245,1.3011505334415088,Solar,Technology,ARRY
2014Q4,2014,Q4,2015-02-04,2014-12-31,-11156000.0,26919000.0,-6066000.0,-0.084,13821000.0,0.5134291764,163648000.0,-13927000.0,150754000.0,67939000.0,177575000.0,0.0,-754140000.0,4924868850.0,4963330850.0,-0.10307668396083279,2.2189611268932423,0.6514408975361752,-7.654699504559488,-0.0847952055382585,-0.10307668396083279,0.8010339628060602,182.95140421263793,-110.36367985837218,-353.62022330724494,0.0,0.0,0.0,0.16449330269847479,2.1554482697714126,-0.06817070786077435,6575.258811748999,0.5134291764181433,0.6347826086956522,0.844616443435049,0.00754915751840547,0.9484880630230574,3.262770137524558,0.6293933957876553,0.7581725402647106,0.36785789487196974,-0.4980784125742419,0.9525796847156045,Solar,Technology,ARRY
2014Q3,2014,Q3,2014-11-05,2014-09-30,-30102000.0,6069000.0,-25084000.0,-0.23,-6108000.0,-1.0064260999,135328000.0,-37580000.0,122787000.0,56569000.0,172908000.0,0.0,-745529000.0,4924868850.0,4983302850.0,-0.2781375589321531,2.1705704537821067,0.7778360723575314,-2.801037786056413,-0.4043091986665745,-0.2781375589321531,0.8010111761575306,811.4794611962432,-40.90150862068966,-131.050262107504,0.0,0.0,0.0,0.044846594939702056,2.0630027046615638,-0.22243733743201702,-255.8107651153127,-1.0064260998517054,0.07999999999999996,0.6202908765955935,-0.7259549146849874,0.8377617973424168,-0.12486187845303867,0.01970234799882763,0.02650677222804362,-0.9440969388704769,-0.884259792601256,0.8814917078378474,Solar,Technology,ARRY
2014Q2,2014,Q2,2014-08-15,2014-06-30,-30707000.0,6011000.0,-25767000.0,-0.25,-5430000.0,-0.9033438696,139053000.0,-25721000.0,121676000.0,52733000.0,164774000.0,0.0,-717936000.0,4924868850.0,4960229850.0,-0.19036658204613915,2.3073976447385887,0.7475710700236601,-4.041522491349481,-0.3581820443556623,-0.19036658204613915,1.193849383772015,819.3094077524538,-40.09565286416778,-191.47268185529336,0.0,0.0,0.0,0.04322812165145664,2.2078584567538355,-0.2208294679007285,-209.68488312683613,-0.9033438695724505,-0.13636363636363635,0.6342117899706643,-0.6135994355105577,0.8764338758157251,-0.8203151190077104,-0.12204479847992107,-0.14535271369515934,0.49632736234137276,-0.8704838684352197,0.9193380926293212,Solar,Technology,ARRY
2014Q1,2014,Q1,2014-05-09,2014-03-31,-27367000.0,7773000.0,-22497000.0,-0.22,-2983000.0,-0.3837643124,135155000.0,-23338000.0,118068000.0,45864000.0,158493000.0,0.0,-689699000.0,4924868850.0,4975365850.0,-0.1727294930909683,2.5743066457352173,0.759683326550997,-4.3994772474076616,-0.31125684284587457,-0.1727294930909683,1.1726369011911904,633.586626785025,-44.98911873789601,-211.02360313651556,0.0,0.0,0.0,0.057511745773371314,2.492695796267225,-0.20248603455292072,-312.3133267803919,-0.3837643123633089,-0.375,0.7004365620812887,-0.5450700685322107,0.8499342205572534,-4.120292887029288,-0.45290932257379485,-0.6092274678111588,0.2900640891200144,-0.8228612561383595,0.9341728388338264,Solar,Technology,ARRY
2013Q4,2013,Q4,2014-02-05,2013-12-31,-18836000.0,14066000.0,-13980000.0,-0.16,956000.0,0.0679653064,146321000.0,-5350000.0,128473000.0,38278000.0,151671000.0,0.0,-664767000.0,4924868850.0,4979104850.0,-0.03959648590439114,3.3563143319922673,0.6932019327369278,-18.958878504672896,-0.16703489615958744,-0.03959648590439114,3.520747663551402,350.1257535902175,-65.36511002866851,-920.5362336448599,0.0,0.0,0.0,0.09613110900007518,3.275641360572653,-0.1287306675050061,-146.00856359324044,0.06796530641262619,-0.06666666666666674,0.834781569032737,-0.355583457629673,0.9301546696429048,-0.7322128851540616,-0.04279466312351215,-0.051364969542001954,0.5440276864115703,-0.6571037305670078,0.9835269744117231,Solar,Technology,ARRY
2013Q3,2013,Q3,2013-11-01,2013-09-30,-18063000.0,14228000.0,-13297000.0,-0.15,3570000.0,0.2509136913,152645000.0,-13162000.0,134176000.0,51886000.0,165807000.0,0.0,-648359000.0,4924868850.0,4960026850.0,-0.09741475653712078,2.5859769494661373,0.6564446919322612,-7.613052727549005,-0.17598417655742343,-0.09741475653712078,1.3723598237349948,346.1392219567051,-68.16238789237669,-374.1732905333536,0.0,0.0,0.0,0.09320973500605981,2.3934201904174537,-0.11833338792623407,-3759.4418702290077,0.25091369131290414,0.21052631578947373,0.8231629670121113,-0.12845362803899785,-1.5759771579344328,-0.8060731164104514,0.11685327335843153,0.10451882281635128,0.508266784150201,-0.6961682527778896,0.9584501751101523,Solar,Technology,ARRY
2013Q2,2013,Q2,2013-08-12,2013-06-30,-20453000.0,25415000.0,-14849000.0,-0.19,18409000.0,0.724336022,135988000.0,-21909000.0,121309000.0,50577000.0,157897000.0,0.0,-632679000.0,4924868850.0,4963153850.0,-0.16215316068772065,2.3985012950550644,0.7281598376327323,-4.519649459126386,-0.22313255756772815,-0.16215316068772065,0.9335432927107581,193.77803855990555,-60.19738974722535,-224.78747774887034,0.0,0.0,0.0,0.18689149042562578,2.329833718884078,-0.15040297673324116,-341.7200145711907,0.7243360220342318,0.1739130434782609,0.7880462210677316,0.46219332570250427,-1.2017330812048117,12.830954169797145,0.16279164961113385,0.2083066751972702,0.618242908365168,-0.4743616836379925,0.9302123526535031,Solar,Technology,ARRY
2013Q1,2013,Q1,2013-05-07,2013-03-31,-24430000.0,9955000.0,-18756000.0,-0.23,1331000.0,0.1337016575,107431000.0,-52415000.0,94164000.0,54138000.0,159846000.0,0.0,-615028000.0,4924868850.0,4976219850.0,-0.3879345436782545,1.73933281613654,0.8875371168470926,-1.819116665076791,-0.4942530458268923,-0.3879345436782545,0.4660879519221597,494.7130939226519,-50.39775736799018,-93.95915005246592,0.0,0.0,0.0,0.09266412860347573,1.5992648417008386,-0.2274017741620203,-216.3066079585383,0.13370165745856355,-0.6428571428571428,0.6525439348312635,-0.5486571798891472,-1.3879509697503076,-0.8728505922812381,-0.7715736040609137,-1.3241635687732343,0.5373608705289062,-0.8019173363300436,0.8249615926301084,Solar,Technology,ARRY
2012Q4,2012,Q4,2013-02-06,2012-12-31,-13790000.0,18377000.0,-8070000.0,-0.14,10468000.0,0.5696250748,128373000.0,-31717000.0,114279000.0,50300000.0,160090000.0,0.0,-593435000.0,4924868850.0,4959720850.0,-0.23474425110833155,2.271948310139165,0.7354895499832519,-2.9768578364914715,-0.16238656609918709,-0.23474425110833155,0.43478260869565216,267.99090439135875,-89.28333665699783,-155.27536809912667,0.0,0.0,0.0,0.14315315525850453,2.170596421471173,-0.10742134249413818,-163.87278641067448,0.5696250748217881,0.06666666666666654,0.766502928953809,-0.2383129700907304,-1.1536070608629425,0.12631805465891974,0.05073311764300957,0.10422910422910422,0.8079294330377668,-0.3121686961731217,0.8826880085375396,Solar,Technology,ARRY
2012Q3,2012,Q3,2012-10-30,2012-09-30,-14527000.0,15833000.0,-9009000.0,-0.15,9294000.0,0.5870018316,85491000.0,-96417000.0,70914000.0,66767000.0,181908000.0,0.0,-582505000.0,4924868850.0,4969142850.0,-0.7136026881203141,1.0621115221591504,1.0916704682364224,-0.9679620813756911,3.6002441669844907,-0.7136026881203141,0.1506684505844405,311.05089686098654,-84.75371463481794,-51.07884346121535,0.0,0.0,0.0,0.18520078136879906,1.0084772417511645,-0.16992431951901368,-222.10105754487236,0.5870018316175077,-0.07142857142857129,0.7375492133592206,-0.16268883086641273,-1.3714926074643048,-0.35480735855605694,-0.4268735880561831,-0.533969010727056,0.8167552177365021,-0.28506247556556347,0.5837541036286269,Solar,Technology,ARRY
2012Q2,2012,Q2,2012-08-16,2012-06-30,-10181000.0,20664000.0,-5873000.0,-0.14,14405000.0,0.6971060782,108073000.0,-85806000.0,93107000.0,75936000.0,193879000.0,0.0,-570737000.0,4924868850.0,4961325850.0,-0.6350684242078852,1.2261246312684366,0.8536452212856125,-1.0751695685616391,-1.1548815963178536,-0.6350684242078852,0.11865137636062746,238.33085801393727,-120.9328369020725,-57.39539018250473,0.0,0.0,0.0,0.19120409352937368,1.1743705225453014,-0.09420484302277164,-477.3547397499273,0.6971060782036392,0.1764705882352941,0.8246400946460398,-0.22218297938266493,-1.2400869152063774,0.042179134712776734,0.06131292642448829,-0.0697632058287796,0.878721797430271,0.3283282755963793,0.5877798354746744,Solar,Technology,ARRY
2012Q1,2012,Q1,2012-05-03,2012-03-31,-10846000.0,19113000.0,-5490000.0,-0.17,13822000.0,0.7231727097,120040000.0,-78770000.0,104116000.0,75697000.0,198810000.0,0.0,-562710000.0,2329483050.0,2357508050.0,-1.2325337589384906,1.3754309946233008,0.7584971676107964,-1.1558969150691887,-0.5936464139072953,-1.2325337589384906,0.13769201472641868,121.8795087113483,-53.69451986907616,-29.573226482163264,0.0,0.0,0.0,0.15922192602465846,1.3136055590049804,-0.09035321559480174,-132.43976633122975,0.7231727096740438,-0.30769230769230776,0.5320274497649772,0.13872639266616174,-2.287488945832698,-0.18502358490566037,-0.41907627894805705,-178.09677419354838,0.749004272485934,1.3649383210500357,-0.07081388311139628,Solar,Technology,ARRY
2011Q4,2011,Q4,2012-02-02,2011-12-31,-7643000.0,23227000.0,31000.0,-0.13,16960000.0,0.7301846988,82152000.0,-127193000.0,64895000.0,80028000.0,209345000.0,0.0,-554542000.0,2132871750.0000002,2162694750.0,-2.1736819618901135,0.8109036837107012,1.097794332456909,-0.7090484539243512,-0.0016821816429014628,-2.1736819618901135,0.060089784815202094,91.82725922417877,-69.76552891534739,-16.768782480167935,0.0,0.0,0.0,0.2827320089590028,0.7587719298245614,-0.09303486220664135,-105.2750123395854,0.7301846988418651,-0.18181818181818185,0.681509364080641,1.0644816105192563,-2.6992197323245195,0.08114999681264741,-0.169548584544759,1.0496,0.8452026224578171,1.4570789701191909,-2.8342173870191116,Solar,Technology,ARRY
2011Q3,2011,Q3,2011-11-02,2011-09-30,-6535000.0,22131000.0,-625000.0,-0.11,15687000.0,0.7088247255,99776000.0,-133837000.0,82067000.0,93175000.0,233613000.0,0.0,-550736000.0,2078561250.0000002,2098803250.0000002,-2.346988163086366,0.880783471961363,0.9281690987812701,-0.6919536451056135,0.02767262228360289,-2.346988163086366,0.04882805203344367,93.92080113867426,-79.51649770466719,-15.530542749762771,0.0,0.0,0.0,0.2218068473380372,0.8287845452106252,-0.06549671263630533,157.6698209815672,0.70882472549817,0.7555555555555555,0.4703911961851847,0.37793057150080006,-2.4823401998694004,0.3747261414424678,0.7387985131300212,0.9661888017311333,0.8484134137669649,2.212029491149086,-14.87686650292166,Solar,Technology,ARRY
2011Q2,2011,Q2,2011-08-12,2011-06-30,-25019000.0,19046000.0,-18485000.0,-0.45,11411000.0,0.5991284259,18812000.0,-130858000.0,70562000.0,69808000.0,150424000.0,0.0,0.0,2021043150.0000002,2064484150.0000002,-2.3600555485418506,1.0108010543204218,0.12290027641930683,-0.017668006541441867,0.16539852806808525,-2.3600555485418506,0.19119197909184002,106.11378504672898,-20.19508323674008,-15.444551727827113,0.0,0.0,0.0,1.0124388688071444,0.9180179922071969,-1.3299489687433552,-154.00770784119487,0.5991284259162029,-0.5517241379310346,-0.4274467791514504,0.31499317584399866,-2.3326568250941406,0.016751314265347945,-0.5963121291392841,-1.5228606523816024,0.3682093760539218,1.670161605537325,-3.9361208600722226,Solar,Technology,ARRY
2011Q1,2011,Q1,2011-05-03,2011-03-31,-15673000.0,17841000.0,-7327000.0,-0.29,11223000.0,0.6290566672,21575000.0,-144146000.0,92144000.0,73301000.0,184564000.0,0.0,0.0,2002344300.0000002,2082790300.0000002,-2.6239851458113375,1.2570633415642352,0.09066048667439165,-0.013569575291718119,0.07022818274384855,-2.6239851458113375,0.1087300376007659,112.23273919623341,-31.93939099087603,-13.891084733534056,0.0,0.0,0.0,0.8269293163383545,1.027380254021091,-0.7264426419466976,-101.01116379962671,0.6290566672271733,0.06451612903225812,-0.1774419633792974,0.0732883075963047,-2.2820381668022356,0.23072705340497862,0.05680929168923392,0.11370509253659127,0.45174263111613977,0.9894836796811295,-3.624096251588778,Solar,Technology,ARRY
2010Q4,2010,Q4,2011-01-31,2010-12-31,-16617000.0,16501000.0,-8267000.0,-0.31,9119000.0,0.5526331737,32726000.0,-130642000.0,94791000.0,68621000.0,189538000.0,0.0,0.0,1981057500.0000002,2054998500.0000002,-2.4037166513339465,1.3813701345069294,0.06856933325184868,-0.017176711930313376,0.08599082220983235,-2.4037166513339465,0.12719492965508794,120.0568147385007,-29.80468044773425,-15.164016931767733,0.0,0.0,0.0,0.5042168306545255,1.2906981827720376,-0.5077614129438367,-169.14766905737707,0.5526331737470457,-0.14814814814814806,-0.3298955520198432,-0.019580604869143283,-2.089855142057235,-0.18812321937321938,-0.14426387549924252,-0.22692193529237162,0.3005327589672303,0.7002383117790043,-2.5728941101451204,Solar,Technology,ARRY
2010Q3,2010,Q3,2010-11-09,2010-09-30,-14522000.0,18513000.0,-6738000.0,-0.27,11232000.0,0.6067087992,38985000.0,-125233000.0,100269000.0,77242000.0,187245000.0,0.0,0.0,1946976750.0000002,2028145750.0000002,-2.3445286904427594,1.2981150151471996,0.05473900218032576,-0.01704023699823529,0.07477727755961008,-2.3445286904427594,0.11595985083803789,105.1680845892076,-33.51771019831979,-15.54683470011898,0.0,0.0,0.0,0.4748749519045787,1.2031278320084928,-0.37250224445299474,-91.48467014378349,0.6067087992221682,0.325,-0.0679533467365065,0.1869170127633228,-1.9839118677189533,0.28351045594789165,0.2706910405785456,0.42820773930753564,0.33636042125123594,1.4764774515770793,-2.220532224705697,Solar,Technology,ARRY
2010Q2,2010,Q2,2010-08-12,2010-06-30,-19912000.0,17970000.0,-11784000.0,-0.4,8751000.0,0.4869782972,41881000.0,-116678000.0,117298000.0,77931000.0,197926000.0,0.0,0.0,1830373200.0000002,1910352200.0000002,-2.3235223833041263,1.5051519934300857,0.041140373916573145,-0.014767136906700493,0.12879686410662505,-2.3235223833041263,0.17065770753698212,101.85716193656094,-22.980780433909203,-15.68738922504671,0.0,0.0,0.0,0.4290728492633891,1.4308811641067098,-0.4754423246818366,82.0133166054306,0.4869782971619366,-0.025641025641025664,-1.0713132688852622,0.011460903998933488,-1.7956444491168162,-0.16097794822627037,-0.03128237000207168,-0.07068871524622933,0.07719535921235442,0.8199780396103274,-1.8784050665347678,Solar,Technology,ARRY
2010Q1,2010,Q1,2010-05-03,2010-03-31,-19308000.0,18376000.0,-11006000.0,-0.39,10430000.0,0.5675881585,43695000.0,-109491000.0,87784000.0,66305000.0,174665000.0,0.0,0.0,1800739350.0000002,1829417350.0000002,-2.2162824119992712,1.3239423874519267,0.20457718274402106,-0.08164141344950726,0.13943212132353286,-2.2162824119992712,0.1763432610899526,97.99408739660429,-23.315974596022375,-16.446459983012303,0.0,0.0,0.0,0.4205515505206545,1.245441520247342,-0.4418812221077926,-98.42795025963379,0.5675881584675664,0.2641509433962264,-1.0435311914983514,0.04931589583080916,-1.677693166190679,1.3650793650793651,0.2549776200030869,0.37931423415294385,-0.07769723685765836,0.4162835430375875,-3.3151001630575956,Solar,Technology,ARRY
2009Q4,2009,Q4,2010-02-02,2009-12-31,-25916000.0,9644000.0,-17732000.0,-0.53,4410000.0,0.4572791373,44687000.0,-97592000.0,102346000.0,76708000.0,167917000.0,0.0,0.0,1777702950.0000002,1789649950.0000002,-2.0010251994012838,1.334228502894092,0.16908720657014345,-0.07742437904746291,0.23387034075258786,-2.0010251994012838,0.2655545536519387,184.33253318125261,-17.14870109198951,-18.215662656775145,0.0,0.0,0.0,0.21581220489180297,1.2778849663659593,-0.5799449504330119,51.64288266565959,0.4572791372874326,0.1016949152542372,-2.247604979609287,-0.5108121081714594,-1.528701114312134,1.2419928825622777,0.08242458575272624,0.1698501872659176,-0.29570557853379653,0.028444001397700362,-2.564249767590038,Solar,Technology,ARRY
2009Q3,2009,Q3,2009-11-02,2009-09-30,-28244000.0,7890000.0,-21360000.0,-0.59,1967000.0,0.2493029151,47416000.0,-82525000.0,62696000.0,35744000.0,156893000.0,0.0,0.0,1754593650.0000002,1808053650.0000002,-1.714377713609074,1.754028648164727,0.14748186266239244,-0.08473795819448651,0.32203995964727605,-1.714377713609074,0.34224780369584973,222.38195817490498,-15.530675984279847,-21.26135898212663,0.0,0.0,0.0,0.1663995275856251,1.6359668755595345,-0.5956639109161465,-84.0000789927231,0.24930291508238275,0.04838709677419359,-2.0204914763977233,-0.5193173142296624,-1.9789316581258758,0.45595854922279794,0.049759445547219325,0.10870018777383685,-1.7115778653510452,-0.4180447719277678,-2.0827881634055796,Solar,Technology,ARRY
2009Q2,2009,Q2,2009-08-18,2009-06-30,-29723000.0,5508000.0,-23965000.0,-0.62,1351000.0,0.2452795933,50138000.0,-73701000.0,44917000.0,50295000.0,118461000.0,0.0,0.0,1743731550.0000002,1793699550.0000002,-1.540604945755555,0.8930708817973954,0.03879293150903506,-0.026390415326793395,0.3678249224954026,-1.540604945755555,0.4032916785389615,316.58161764705886,-14.66651709114154,-23.659537184027357,0.0,0.0,0.0,0.10985679524512346,0.8052092653345263,-0.5928238062946268,-92.77635275339188,0.245279593318809,0.08823529411764713,-3.9574397204783462,-0.6829132590519388,-1.789595563299616,1.5831739961759081,0.07932722091438484,0.1103645407973866,-0.9655250351422288,-0.5592324524824731,-1.869936174597003,Solar,Technology,ARRY
2009Q1,2009,Q1,2009-05-06,2009-03-31,-32284000.0,6038000.0,-26938000.0,-0.68,523000.0,0.0866180855,44958000.0,-54958000.0,63535000.0,32055000.0,131396000.0,0.0,0.0,1740378150.0000002,1769796150.0000002,-1.1510251953002282,1.9820620807986273,0.027425597224075803,-0.022435314239965063,0.5466674161607123,-1.1510251953002282,0.5874304013974307,288.23752070221934,-13.477095078057244,-31.66742148549802,0.0,0.0,0.0,0.13430312736331687,1.8369365153642176,-0.7180924418346012,-75.81695273360924,0.08661808545876118,0.19047619047619038,-0.9741029592416873,-0.6290796304474451,-1.5615092353109454,-0.8007619047619048,0.1960154401693438,0.24081954738889044,-1.7904217503566968,-0.5820874172961364,-1.5623729363260614,Solar,Technology,ARRY
2008Q4,2008,Q4,2009-02-03,2008-12-31,-40155000.0,7688000.0,-35483000.0,-0.84,2625000.0,0.3414412071,49612000.0,-26979000.0,86855000.0,32590000.0,130856000.0,0.0,0.0,1734619050.0000002,1744450050.0000002,-0.5669167244531299,2.6650813132862843,0.03603966782230106,-0.06627376848660069,1.4955623118803316,-0.5669167244531299,1.4883798509952184,225.62682752341314,-10.799520918939113,-64.29515734460136,0.0,0.0,0.0,0.1549625090703862,2.533537895059834,-0.8093807949689591,-58.294765761527096,0.34144120707596254,-0.1052631578947368,-2.817115090846864,-0.39751745946313016,-1.2395306200888618,3.179936305732484,-0.11650215487279299,-0.12985193440534948,-2.6702657695956673,-0.47831545131731323,-1.2570424042786439,Solar,Technology,ARRY
2008Q3,2008,Q3,2008-11-04,2008-09-30,-35965000.0,5748000.0,-31405000.0,-0.76,628000.0,0.1092553932,59912000.0,8046000.0,77457000.0,38054000.0,91269000.0,0.0,0.0,1734035850.0000002,1732832850.0000002,0.16912954827318016,2.035449624218216,0.03939110695687008,0.29331344767586376,-3.2222444855819723,0.16912954827318016,-4.4699229430773055,301.6763830897704,-12.053634436257473,215.51526845637585,0.0,0.0,0.0,0.09594071304580051,1.9110211804278132,-0.6002971024168781,-80.90495264312044,0.10925539318023661,-0.07042253521126768,-2.598748547902695,-0.525455585338689,-0.9340618621437602,-0.372,-0.06443115899135787,-0.010261854210898797,-1.969672837726613,-0.5862261821087994,-0.9290225918726115,Solar,Technology,ARRY
2008Q2,2008,Q2,2008-08-15,2008-06-30,-33788000.0,6086000.0,-31086000.0,-0.71,1000000.0,0.1643115347,62324000.0,38027000.0,100753000.0,34407000.0,90643000.0,0.0,0.0,1724413050.0000002,1703320050.0000002,0.8038005453507789,2.92827041009097,0.03611770746421924,0.05919478265442975,-0.8039309522253454,0.8038005453507789,-0.888526573224288,283.34095465001644,-12.759064238783001,45.347070502537676,0.0,0.0,0.0,0.09765098517425069,2.7811491847589154,-0.5421346511777164,-77.97481573592586,0.1643115346697338,-0.36538461538461525,-4.698566370384131,-0.6457136473343025,-0.588033683693308,-0.49647532729103727,-0.3745575851267239,-0.28247865010932793,-2.730712107977851,-0.6363937672957448,-0.7247543442228559,Solar,Technology,ARRY
2008Q1,2008,Q1,2008-05-05,2008-03-31,-24581000.0,7711000.0,-24239000.0,-0.52,1986000.0,0.2575541434,142151000.0,47234000.0,93034000.0,35096000.0,107167000.0,0.0,0.0,1721752200.0000002,1669432200.0000002,0.9999576594123126,2.650843400957374,0.1055215932353624,0.31756785366473306,-0.3922100795273912,0.9999576594123126,-0.5204090273955202,223.28520295681497,-17.511006468410564,36.451543379768815,0.0,0.0,0.0,0.05424513369585863,2.4750398905858217,-0.17292175222122955,-72.71220068415052,0.25755414343146155,-0.18181818181818185,-0.519340040423689,-0.5211811338951233,-0.5121866463283845,-0.3750786658275645,-0.19290497913229157,-0.20185442284807617,-1.72096989017215,-0.5394824545423286,-0.6942337002744875,Solar,Technology,ARRY
2007Q4,2007,Q4,2008-02-05,2007-12-31,-20606000.0,8418000.0,-20168000.0,-0.44,3178000.0,0.3775243526,177035000.0,72043000.0,146605000.0,30465000.0,104992000.0,1484000.0,0.0,1718325900.0000002,1630291900.0000002,1.528212634169106,4.81224355818152,0.08472900838817184,0.20820898629984871,-0.23419054342598336,1.528212634169106,-0.2860236247796455,204.12519600855313,-20.847397602640008,23.85139291811835,0.0,3.5309973045822103,0.0,0.04754991950744203,4.6661086492696535,-0.11639506312311125,-65.46751628757573,0.3775243525778095,-0.07317073170731714,-0.9773697925912154,-0.33405465411587815,-0.3543077773137341,1.4828125,-0.06772371625472823,-0.07225264501036738,-1.6714225018245807,-0.5582454049495532,-0.5962231146150303,Solar,Technology,ARRY
2007Q3,2007,Q3,2007-11-06,2007-09-30,-19299000.0,6593000.0,-18809000.0,-0.41,1280000.0,0.1941453056,250341000.0,90492000.0,172393000.0,35096000.0,111787000.0,1443000.0,0.0,1717123050.0000002,1613519050.0000002,1.9209068330892187,4.9120412582630495,0.05991827147770441,0.16576050921628432,-0.18059046887760352,1.9209068330892187,-0.2132674711576714,260.44639011072354,-22.2436790766361,18.97541274366795,0.0,3.681912681912682,0.0,0.026336077590167012,4.796244586277639,-0.0770908480832145,64.8631832433045,0.19414530562718035,0.046511627906976785,-0.9501270124866202,-0.45033278222971174,-0.2511005861338584,-0.25538103548574753,-0.10305212620027435,-0.10615149376617267,-1.108926058121601,-0.5895694431512916,0.09686243369478706,Solar,Technology,ARRY
2007Q2,2007,Q2,2007-09-13,2007-06-30,-17496000.0,8006000.0,-17004000.0,-0.43,1719000.0,0.2147139645,174974000.0,107703000.0,145397000.0,24568000.0,67271000.0,1490000.0,0.0,1484134650.0,1488464650.0,2.6451604980720584,5.918145555193748,0.08572702230045606,0.13927188657697556,-0.14055476904466033,2.6451604980720584,-0.16244672850338432,185.3777979015738,-21.206770833333334,13.779882175983957,0.0,4.2194630872483225,0.0,0.04575536936916342,5.761152718984044,-0.09999199881125195,-80.62443774445893,0.21471396452660504,-0.19444444444444448,-2.4285452962227874,-0.4584905284230972,0.35570575652591474,-0.5922675521821632,-0.22067955068722528,-0.22816901408450704,-2.4285452962227874,-0.4584905284230972,0.35570575652591474,Solar,Technology,ARRY
2007Q1,2007,Q1,2007-04-23,2007-03-31,-14333000.0,10380000.0,-13845000.0,-0.36,4216000.0,0.4061657033,107958000.0,37836000.0,80430000.0,26811000.0,70122000.0,1500000.0,0.0,1440613350.0,1435284350.0,0.9573159932191382,2.999888105628287,0.1389429222475407,0.3964478274659055,-0.26657533295481967,0.9573159932191382,-0.3788191140712549,138.7874132947977,-25.127561396776674,38.07520218839201,0.0,4.109333333333334,0.0,0.09614850219529818,2.8354779754578345,-0.13276459363826673,-129.98406117477217,0.40616570327552987,0.1219512195121951,-0.05880442815223834,-0.22966236519816371,-0.5329887012914547,2.1462686567164178,0.11091123379442963,0.1138065672406068,-0.05880442815223834,-0.22966236519816371,-0.5329887012914547,Solar,Technology,ARRY
