Quarters,Year,Quarter,FillingDate,Date,NetIncome,Revenue,OperatingIncome,EPSDiluted,GrossProfit,GrossProfitRatio,TotalAssets,CommonStockEquity,CurrentAssets,CurrentLiability,TotalLiability,Inventory,RetainedEarnings,MarketCap,EnterpriseValue,bookValuePerShare,currentRatio,debtToAssets,debtToEquity,roic,shareholdersEquityPerShare,roe,priceToSalesRatio,peRatio,pbRatio,payoutRatio,inventoryTurnover,dividendYield,assetTurnover,quickRatio,returnOnAssets,priceToFreeCashFlowsRatio,grossProfitMargin,epsdilutedGrowth,fiveYNetIncomeGrowthPerShare,fiveYRevenueGrowthPerShare,fiveYShareholdersEquityGrowthPerShare,grossProfitGrowth,netIncomeGrowth,operatingIncomeGrowth,threeYNetIncomeGrowthPerShare,threeYRevenueGrowthPerShare,threeYShareholdersEquityGrowthPerShare,Industry,Sector,Symbol
2023Q3,2023,Q3,2023-03-30,2023-03-31,-5547000.0,170048000.0,7029000.0,-0.034,170048000.0,1.0,1374141000.0,104508000.0,228502000.0,582706000.0,1269633000.0,2645000.0,-194085000.0,2925500663.52837,3580073663.52837,0.6409095926702727,0.3921394322351237,0.5300082014873292,6.968901902246718,0.008212730837159959,0.6409095926702727,-0.05307727638075554,17.203969841035295,-131.8505797515941,27.99307864975284,0.0,0.0,0.0,0.12374858184131032,0.34900618836943503,-0.004036703657048294,80.1002289934663,1.0,-1.8831168831168834,-52.71798235572292,0.2455865734493866,-0.774426870998833,0.01601261889967019,-1.879638439581351,18.616541353383457,0.755068731276536,0.3870512139811784,-0.7453047831415215,Entertainment,Communication Services,MANU
2023Q2,2023,Q2,2022-12-31,2022-12-31,6306000.0,167368000.0,-399000.0,0.0385,167368000.0,1.0,1426961000.0,109752000.0,245099000.0,608290000.0,1317209000.0,3272000.0,-189097000.0,3144256976.042316,3858390976.042316,0.6730691393457703,0.40293116769961695,0.5222139918329933,6.789662147386836,-0.0003167793536269387,0.6730691393457703,0.05745681172097092,18.78648831343098,124.65338471464938,28.648744223725455,0.0,0.0,0.0,0.11728982081500476,0.3417185881734041,0.004419181743579537,-33.42003312014196,1.0,1.240625,1.218311759503573,0.02786572060743465,-0.7624343559813954,0.16507719938184806,1.2378186755166691,0.9800868393472076,-0.8181953893022299,0.0027538581739501578,-0.7597196361173203,Entertainment,Communication Services,MANU
2023Q1,2023,Q1,2022-09-30,2022-09-30,-26516000.0,143654000.0,-20037000.0,-0.16,143654000.0,1.0,1421032000.0,101230000.0,174917000.0,534782000.0,1319802000.0,3752000.0,-196029000.0,1940309034.341274,2599879034.3412743,0.6208068096797538,0.3270809413929414,0.4812326534518575,6.7553788402647434,-0.01960056582249648,0.6208068096797538,-0.26193816062432085,13.506822186234105,-18.293756923567603,19.167332157870927,0.0,0.0,0.0,0.10109131954804677,0.2395667767426727,-0.01865967831829262,-17.565716407217764,1.0,0.627906976744186,-4.359788665157925,0.026047296306848253,-0.7934936880904376,0.21276128727248167,0.6257022670167415,0.6705632830225905,-24.724918646877647,0.0710208053205523,-0.75120772839207,Entertainment,Communication Services,MANU
2022Q4,2022,Q4,2022-06-30,2022-06-30,-70842000.0,118452000.0,-60822000.0,-0.43,118452000.0,1.0,1293665000.0,127508000.0,237162000.0,494842000.0,1166157000.0,2200000.0,-170042000.0,1498258676.0295439,2017587676.0295439,0.7822432715962283,0.4792681300293831,0.49514518828290166,5.0236220472440944,-0.060741882629772224,0.7822432715962283,-0.5555886689462622,12.648656637537094,-5.287324878001552,11.750311165021362,-0.16927811185454955,0.0,0.008003958322990903,0.09156311719030816,0.4300989002550309,-0.054760699253670775,60.07211723786311,1.0,-1.5294117647058822,-3.939393320922629,-0.3225111796097672,-0.7313591169837519,-0.22503402072647335,-1.554982508024669,-1.6800916541817221,-2.2226385511782416,-0.09022689173202007,-0.6900319446856203,Entertainment,Communication Services,MANU
2022Q3,2022,Q3,2022-03-31,2022-03-31,-27727000.0,152848000.0,-22694000.0,-0.17,152848000.0,1.0,1311916000.0,211487000.0,224386000.0,464037000.0,1100429000.0,2692000.0,-85917000.0,1797754071.700291,2298043071.7002907,1.2974423783611344,0.4835519581412689,0.4543583583095259,2.8185183959297735,-0.021577180478340188,1.2974423783611344,-0.13110498517639382,11.761711449939096,-16.20941746042027,8.500541743465513,-0.39283009341075487,0.0,0.006058670744490928,0.11650745931904177,0.4308794341830501,-0.0211347372850091,149.31512223424343,1.0,-18.76744186046512,-6.402717800314532,0.20919777938825318,-0.535150998751264,-0.17575496117342537,-18.776747503566334,-7.135171668018383,-4.6568749604652275,0.014520595470054644,-0.5296182422032136,Entertainment,Communication Services,MANU
2022Q2,2022,Q2,2021-12-31,2021-12-31,-1402000.0,185440000.0,3699000.0,-0.0086,185440000.0,1.0,1365858000.0,246745000.0,238143000.0,472985000.0,1119113000.0,2876000.0,-40294000.0,1719586977.8576,2218146977.8576,1.5137451457948627,0.5034895398374155,0.4290299577262058,2.374897161036698,0.0029993558866290506,1.5137451457948627,-0.005681979371415834,9.273010018645383,-306.63105881911554,6.969085403382438,0.0,0.0,0.0,0.1357681398798411,0.450900134253729,-0.0010264610230346053,-33.016915207895245,1.0,0.9097586568730326,-1.080464854400457,0.18209198155537024,-0.46908253424665813,0.0,0.9097754038226398,1.3638599252409993,-1.0528613906469144,-0.10277147259592963,-0.44992350436648965,Entertainment,Communication Services,MANU
2022Q1,2022,Q1,2021-09-30,2021-09-30,-15539000.0,126461000.0,-10166000.0,-0.0953,0.0,0.0,1381419000.0,246669000.0,212967000.0,493516000.0,1134750000.0,2771000.0,-39325000.0,2330060963.280648,2773736963.280648,1.5133438857395274,0.4315300821047342,0.3925977563650131,2.1986629856204063,-0.010051334321141995,1.5133438857395274,-0.06299535004398607,18.425134731503373,-37.48730554219461,9.446103739345633,-0.6865950189844906,0.0,0.0045788501537652486,0.09154427440190123,0.37102545814117477,-0.011248578454473263,-189.96094597102953,0.0,0.8557808716707023,-14.468646255836212,0.05861556689904931,-0.4547713865213478,0.0,0.8556700073377111,0.7231255276847237,-3.3600452077284384,-0.054640915863476185,-0.42425092172980305,Entertainment,Communication Services,MANU
2021Q4,2021,Q4,2021-06-30,2021-06-30,-107663000.0,94009000.0,-36717000.0,-0.6608,0.0,0.0,1260310000.0,272512000.0,212945000.0,384032000.0,987798000.0,2080000.0,-13652000.0,1798787299.0857,2222705299.0857,1.67247865765716,0.5544980626614449,0.4241623092731153,1.9616604039455143,-0.11571542780565625,1.67247865765716,-0.39507618013151713,19.13420309848738,-4.1768929415994815,6.600763632741677,0.0,0.0,0.0,0.07459196546881323,0.5289663361386551,-0.0854258079361427,151.45131759583228,0.0,-4.942446043165469,-112.15851716289028,-0.2973520994945988,-0.4018838353661124,0.0,-4.944619292142897,-0.7012788434806784,-5.681009307109419,-0.3582208672814862,-0.3542567870602932,Entertainment,Communication Services,MANU
2021Q3,2021,Q3,2021-03-31,2021-03-31,-18111000.0,118286000.0,-21582000.0,-0.1112,0.0,0.0,1325511000.0,379558000.0,185621000.0,366751000.0,945953000.0,2363000.0,94170000.0,1853736146.808,2301875146.808,2.329448443896182,0.5061226826920717,0.4019989272061869,1.4038803028786115,-0.018513764665018785,2.329448443896182,-0.04771602758998625,15.671644546336845,-25.588539379493124,4.883933804077374,-0.5917950416873723,0.0,0.005781836869532713,0.08923803725506615,0.46305804210486134,-0.013663409809499883,249.2250802376983,0.0,-1.2846173534681342,-2.3238084355051334,-0.036179701870935096,-0.20190073905365408,0.0,-1.2837469449144576,-1.4452742990364975,-169.98710134194732,-0.1329114452177984,-0.1801324549578181,Entertainment,Communication Services,MANU
2021Q2,2021,Q2,2020-12-31,2020-12-31,63828000.0,172850000.0,48469000.0,0.3907,0.0,0.0,1381600000.0,405579000.0,231667000.0,388918000.0,976021000.0,2792000.0,122508000.0,2001075627.6503997,2460418627.6503997,2.4891462449137407,0.5956705526614865,0.39082440648523453,1.3313386541216385,0.04780159792495358,2.4891462449137407,0.1573750120198531,11.57694895950477,7.83776566573604,4.933873863416005,0.0,0.0,0.0,0.12510856977417487,0.5423148324325436,0.04619861030689056,-49.597869123343074,0.0,3.1027987082884825,2.450385238752216,0.2997590353261885,-0.15628548188195102,0.0,3.1086223984142713,2.7887880129908473,3.211373587010481,0.062333943316016376,-0.12143404568480459,Entertainment,Communication Services,MANU
2021Q1,2021,Q1,2020-09-30,2020-09-30,-30270000.0,108972000.0,-27096000.0,-0.1858,0.0,0.0,1321550000.0,339355000.0,182454000.0,364902000.0,982195000.0,3542000.0,58192000.0,1841811423.5052,2286419423.5052,2.082711935141372,0.5000082213854679,0.3810283379365139,1.4838384582516833,-0.03576794020431491,2.082711935141372,-0.0891986268067363,16.901694228840434,-15.211524805956392,5.427388497311664,0.0,0.0,0.0,0.08245772010139608,0.4308499268296693,-0.022904922250387802,-178.53930045610701,0.0,0.16905187835420393,-7.138179766562155,-0.11296889082619387,-0.2790128598021717,0.0,0.17102560591537724,0.3039099830447516,-4.83834572242087,-0.22108100126341923,-0.30720289502311027,Entertainment,Communication Services,MANU
2020Q4,2020,Q4,2020-06-30,2020-06-30,-36515000.0,81504000.0,-38926000.0,-0.2236,0.0,0.0,1383466000.0,351232000.0,224806000.0,398344000.0,1032234000.0,2186000.0,87197000.0,2070327910.7468,2548796910.7468,2.1506282299346053,0.5643514148575101,0.38310157242751175,1.5089969023323615,-0.03448653628075035,2.1506282299346053,-0.10396262299562682,25.401549749052805,-14.1745030175736,5.894474053465515,-0.32605778447213474,0.0,0.0057507798345361235,0.058912904256411075,0.5395914084309039,-0.02639385427614412,-159.52596014384343,0.0,-0.6097912167026638,-4.299966417771709,-0.22719924468812766,-0.2629099493912586,0.0,-0.5978208550299742,-10.770789234956153,-2.512185458142733,-0.5347294957067522,-0.26142328389688047,Entertainment,Communication Services,MANU
2020Q3,2020,Q3,2020-04-23,2020-03-31,-22853000.0,123711000.0,-3307000.0,-0.1389,0.0,0.0,1356413000.0,414055000.0,189362000.0,298661000.0,942358000.0,2403000.0,135391000.0,1999261678.176,2433490678.176,2.516378597821859,0.6340365832833882,0.3866668927531659,1.2666916230935503,-0.0028048202736069773,2.516378597821859,-0.055193150668389465,16.16074300729927,-21.870888703627536,4.828493021883567,-0.4954710541285608,0.0,0.005663590776336187,0.09120452251637222,0.587291276731813,-0.016848113369600556,-719.9357861634858,0.0,-1.6536470588235295,-6.915536365091525,0.29671869469097223,-0.1289802303682782,0.0,-1.6528122946839203,-1.0906350206923014,-5.044287003995005,-0.030474034088643354,-0.0984292655534043,Entertainment,Communication Services,MANU
2020Q2,2020,Q2,2020-02-25,2019-12-31,35007000.0,168455000.0,36487000.0,0.2125,0.0,0.0,1358652000.0,460999000.0,222245000.0,312240000.0,897653000.0,2535000.0,169341000.0,2483209691.3201003,2879741691.3201003,2.8011824539869843,0.7117761977965668,0.3660893297179852,1.0789350953038943,0.025616045997579752,2.8011824539869843,0.07593725799839045,14.741086292007363,17.7336653477883,5.3865836830884675,0.0,0.0,0.0,0.12398686344994891,0.661347040737894,0.025765979809399316,-67.66792084693844,0.0,30.25,634.4897063088333,0.5852790297600206,-0.06077160195182923,0.0,30.034574468085108,2.3269809428284853,0.9899864635338781,0.06357659163676084,-0.01753826017881325,Entertainment,Communication Services,MANU
2020Q1,2020,Q1,2019-11-18,2019-09-30,1128000.0,135371000.0,10967000.0,0.0068,0.0,0.0,1415236000.0,410656000.0,250555000.0,384891000.0,1004580000.0,2664000.0,134107000.0,2201543380.3380003,2591649380.3380003,2.495281729080712,0.6509765102327671,0.37478766792252316,1.2916236460687291,0.005167065824403732,2.495281729080712,0.0027468245928465676,16.263035512318,487.93071372739365,5.361040336286332,0.0,0.0,0.0,0.0956525978706025,0.6033188617037031,0.0007970402109612814,-11.393029147456998,0.0,1.050407709414381,-0.8744835050824378,0.5194010510432414,-0.17852285088354794,0.0,1.050838290968091,1.4951688640057792,-0.031658955614381326,0.12234315486413208,-0.10099812064826623,Entertainment,Communication Services,MANU
2019Q4,2019,Q4,2019-09-24,2019-06-30,-22188000.0,131416000.0,-22148000.0,-0.1349,0.0,0.0,1496525000.0,415202000.0,388323000.0,428844000.0,1081323000.0,2130000.0,132841000.0,2379258099.8244,2582853099.8244,2.523625445218385,0.9055110949436158,0.3416127361721321,1.2312850130779718,-0.017659631307924376,2.523625445218385,-0.05343904894485094,18.104782521339867,-26.807937847309358,5.730362810931547,-0.5280331710834686,0.0,0.00492422406836177,0.08781410267118825,0.8694327074647191,-0.014826347705517783,18.734905822422753,0.0,-3.9010752688172046,-2.791917242946885,0.3598454472378513,-0.17096133273415406,0.0,-3.8992551940415523,-2.5526112863652295,-22.095609894360912,-0.027236937056446836,-0.09749450890994725,Entertainment,Communication Services,MANU
2019Q3,2019,Q3,2019-05-16,2019-03-31,7653000.0,152068000.0,14265000.0,0.0465,0.0,0.0,1429577000.0,453808000.0,382546000.0,352096000.0,975769000.0,2083000.0,166751000.0,2477955618.417,2779633618.417,2.7582752877964576,1.0864820957920567,0.34662910777103995,1.0919441702217678,0.010344122288323607,2.7582752877964576,0.01686396008884815,16.295049704191545,80.94719777920423,5.46036125061039,1.5170521364170912,0.0,0.004685313939325859,0.10637272423940788,1.0791147868763065,0.005353331789753193,421.77967973055314,0.0,-0.7141979102642901,-0.301833610709031,0.31094908416928385,-0.09540193628210852,0.0,-0.7141202838998879,-0.6757512388052916,-0.44600616174180413,0.22713138614875544,-0.05497909840195957,Entertainment,Communication Services,MANU
2019Q2,2019,Q2,2019-02-14,2018-12-31,26770000.0,208612000.0,43994000.0,0.1627,0.0,0.0,1389743000.0,452756000.0,318460000.0,321513000.0,936987000.0,2610000.0,170544000.0,2452102907.67,2769775907.67,2.7518811616401053,0.990504271989002,0.36558414037703374,1.122167348417249,0.03255787633481857,2.7518811616401053,0.05912677026919577,11.754371309752075,22.89972831219649,5.41594790056896,0.0,0.0,0.0,0.15010832938176338,0.9804424704444299,0.019262554299607913,-40.04152431734679,0.0,3.027227722772278,0.39988577576101736,0.6896749960489205,-0.07534950576874067,0.0,3.0279867589527534,2.1709672769208592,0.43316181856881614,0.5535429177592488,-0.0672295398650719,Entertainment,Communication Services,MANU
2019Q1,2019,Q1,2018-11-15,2018-09-30,6646000.0,135026000.0,13874000.0,0.0404,0.0,0.0,1449786000.0,432453000.0,343350000.0,414514000.0,1017333000.0,2666000.0,143613000.0,2790433548.8712,3037630548.8712,2.6284781736625216,0.8283194295005718,0.3412241530819031,1.1439439661651092,0.011368440889587852,2.6284781736625216,0.015368144052648495,20.665898040904715,104.96665471227807,6.4525706813716175,0.0,0.0,0.0,0.0931351247701385,0.8206381449118727,0.004584124829457589,-148.74379258375268,0.0,1.4084934277047523,23.585122369737388,0.3646407080509708,-0.07238409304016499,0.0,1.4092616540427365,4.383779588668995,0.334682686195691,0.08850853666970197,-0.0900810959376795,Entertainment,Communication Services,MANU
2018Q4,2018,Q4,2018-09-25,2018-06-30,-16239000.0,147611000.0,2577000.0,-0.0989,0.0,0.0,1546386000.0,425266000.0,413457000.0,464511000.0,1121120000.0,1416000.0,135099000.0,2586906345.77,2840652345.77,2.5900057858034655,0.8900908697533535,0.3205978326239374,1.1657832979829095,0.003983149400833905,2.5900057858034655,-0.03818551212652787,17.52515968166329,-39.825517977861935,6.083031198755602,-0.6806453599359567,0.0,0.004272671106966589,0.09545546842767588,0.8845474057664943,-0.01050125906468372,33.21571538699571,0.0,-142.2857142857143,-1.1527112003193334,0.7307425693973277,-0.0527942497878415,0.0,-151.36111111111111,2.079145728643216,-1.344390220427698,0.39211830300959866,-0.11232100966476252,Entertainment,Communication Services,MANU
2018Q3,2018,Q3,2018-04-26,2018-03-31,108000.0,137469000.0,-2388000.0,0.0007,0.0,0.0,1358274000.0,466519000.0,256739000.0,293647000.0,891755000.0,1398000.0,161296000.0,2247101837.76,2548355837.76,2.8412497335485245,0.8743116735399987,0.34085243478120025,0.9923947363344259,0.00021409590205381427,2.8412497335485245,0.00023150182522040902,16.34624415511861,5201.624624444445,4.816742378681254,101.19444444444444,0.0,0.004863597998252923,0.10120859266981477,0.8199504847657221,7.951267564570919e-05,168.0830157648291,0.0,1.0039525691699605,-0.9703474714942799,0.4954052189216903,0.3616222871093186,0.0,1.003713126590112,-1.0831389478814888,1.0374872003163915,0.4439905487117771,-0.01652927324856262,Entertainment,Communication Services,MANU
2018Q2,2018,Q2,2018-02-08,2017-12-31,-29086000.0,163962000.0,28723000.0,-0.1771,0.0,0.0,1390312000.0,465196000.0,265687000.0,315499000.0,925116000.0,1918000.0,171500000.0,2390570174.52,2719166174.52,2.833192240933037,0.8421167737457171,0.3480571267456513,1.0402239056225764,-0.036134554966383514,2.833192240933037,-0.06252418335497295,14.580025704248545,-20.54742981606271,5.138845077171773,0.0,0.0,0.0,0.11793180235803187,0.7929216891337215,-0.020920484035238135,-39.40673504088092,0.0,-4.666666666666667,-2.79905983643326,0.4864571093570023,0.35626118278777813,0.0,-4.659997483327041,0.8868160021020823,-526.5544922473002,0.5465489620907773,-0.05003881270691129,Entertainment,Communication Services,MANU
2018Q1,2018,Q1,2017-10-13,2017-09-30,7947000.0,140980000.0,15223000.0,0.0483,0.0,0.0,1514792000.0,493609000.0,301158000.0,411835000.0,1021183000.0,2074000.0,199968000.0,2200643190.8999996,2468708190.8999996,3.006236487103749,0.731258877948693,0.31971452186174737,0.9811429694353223,0.008567169905087029,3.006236487103749,0.016099787483615575,15.609612646474675,69.2287401189128,4.45827201469179,0.0,0.0,0.0,0.09306888338464951,0.6837155656998555,0.005246264833719745,-21.251575931898945,0.0,-0.6723202170963365,-0.6198151407904486,0.801629693061132,0.4739402391425554,0.0,-0.6723156853043047,-0.6300157977883096,-0.11367382667789801,0.585999147554466,-0.010310318784863208,Entertainment,Communication Services,MANU
2017Q4,2017,Q4,2017-08-11,2017-06-30,24252000.0,175936000.0,41145000.0,0.1474,0.0,0.0,1534274000.0,477617000.0,398854000.0,414309000.0,1056657000.0,1637000.0,191436000.0,2048551281.5624998,2261638281.5625,2.9118549001676572,0.9626969242763251,0.3280730821222285,1.0538862728922966,0.02673407796955654,2.9118549001676572,0.05077708708023374,11.643730001605697,21.117343740335848,4.289108808025049,0.472991918192314,0.0,0.005599566924802916,0.11467052169299617,0.9183942419788129,0.01580682459586749,13.462431533321721,0.0,7.408695652173913,2.4785550983081848,1.1595754514346928,0.8419232303970697,0.0,7.434598036614487,10.979383943730294,5.157313212565402,0.8260830024989103,-0.043423694161708014,Entertainment,Communication Services,MANU
2017Q3,2017,Q3,2017-05-16,2017-03-31,-3769000.0,127197000.0,-4123000.0,-0.023,0.0,0.0,1371814000.0,457811000.0,244643000.0,286341000.0,914003000.0,1348000.0,177904000.0,2221443391.0499997,2587776391.0499997,2.7911050144795,0.8543764253110802,0.37832096771136614,1.133625011194576,-0.0021495361383075157,2.7911050144795,-0.008232654960234682,17.46458950329017,-147.3496544872645,4.852315455613779,-3.137171663571239,0.0,0.0053226654559993996,0.09272175382376911,0.7893525551702341,-0.002747457016767579,68.85634464850287,0.0,-1.2157598499061912,-4.448995200007069,0.7023417433561377,0.6579756743475574,0.0,-1.214966063993612,-1.1096047000026583,-1.344887817705017,0.09989024804130804,-0.08463516933855483,Entertainment,Communication Services,MANU
2017Q2,2017,Q2,2017-01-26,2016-12-31,17533000.0,157858000.0,37617000.0,0.1066,0.0,0.0,1435805000.0,467666000.0,252775000.0,328485000.0,968139000.0,1093000.0,192999000.0,1902140516.25,2311424516.25,2.851187319006249,0.7695176339863312,0.3705154947921201,1.137538328636249,0.025739978949383156,2.851187319006249,0.037490431205176346,12.049693498270598,27.122291054725377,4.067305547655806,0.0,0.0,0.0,0.10994389906707387,0.7167907210374903,0.012211268243250303,-37.17296299101036,0.0,14.014084507042254,-0.6043099677170304,0.4762444639717489,0.0,0.0,14.101636520241172,5.0908354922279795,-0.08034496048076296,0.2824929296125501,-0.041981972036257253,Entertainment,Communication Services,MANU
2017Q1,2017,Q1,2016-11-08,2016-09-30,1161000.0,120213000.0,6176000.0,0.0071,0.0,0.0,1454302000.0,455270000.0,239614000.0,375731000.0,999032000.0,1422000.0,174985000.0,2135807578.8,2473518578.8,2.77561347355586,0.6377275231482098,0.3451745235858852,1.1026160300481034,0.029032925292867752,2.77561347355586,0.002550135084675028,17.766860312944523,459.9068860465116,4.691298743163398,0.0,0.0,0.0,0.08266027276315373,0.5742406136304963,0.0007983211189972922,-19.81305384886547,0.0,1.71,1.219133292984761,0.5431488313977569,0.0,0.0,2.2131661442006267,0.7665903890160183,4.957480863495274,0.2186439820807076,-0.020458592564660434,Entertainment,Communication Services,MANU
2016Q4,2016,Q4,2016-09-15,2016-06-30,-957000.0,134575000.0,3496000.0,-0.01,0.0,0.0,1451903000.0,458282000.0,366665000.0,403743000.0,993621000.0,926000.0,173367000.0,1966114824.6492,2227012824.6492,2.7962438679130157,0.908164352075454,0.3375514755462314,1.069411410441606,0.0009078224665380927,2.7962438679130157,-0.002088233882194806,14.609807353885937,-513.614113022257,4.290185572746039,-5.308254963427377,0.0,0.002583775848852769,0.09268869890068414,0.8551132775057401,-0.0006591349422103267,15.829339929707665,0.0,-1.1193317422434368,-0.8106449829455384,0.2781699096199117,0.9501514115097118,0.0,-1.0695443645083933,-0.8494790321191767,-1.0090162453186327,0.5808123305397833,0.022630252488431313,Entertainment,Communication Services,MANU
2016Q3,2016,Q3,2016-05-04,2016-03-31,13761000.0,123444000.0,23226000.0,0.0838,0.0,0.0,1264518000.0,478359000.0,205286000.0,279814000.0,786159000.0,1293000.0,178779000.0,1662394841.1711998,2011099841.1711998,2.9187452712762063,0.733651640018012,0.3581657200609244,0.9467930989068879,0.017453350230565424,2.9187452712762063,0.028767097514628134,13.46679337328019,30.201199788736282,3.475203437525373,0.7405711794201003,0.0,0.006130312575332693,0.09762138617243883,0.6802411601992753,0.010882407367866649,-146.49231945463515,0.0,-0.26037069726390116,11.602849172148359,0.65345415399836,0.7337966985435528,0.0,-0.2604396194980384,-0.2877208047105005,2.7852114439269715,0.34532210268405905,0.3987607512420528,Entertainment,Communication Services,MANU
2016Q2,2016,Q2,2016-02-02,2015-12-31,18607000.0,133764000.0,32608000.0,0.1133,0.0,0.0,1277020000.0,483518000.0,206893000.0,302791000.0,793502000.0,1504000.0,174834000.0,1980484858.8199997,2302586858.8199997,2.950223317794645,0.683286491342213,0.3474597108894144,0.9176762809243917,0.02347373087946338,2.950223317794645,0.03848253839567503,14.805813663018448,26.609405852904814,4.095989929682038,0.2586660934057075,0.0,0.002430212974648871,0.1047469890839611,0.6293251780931401,0.014570641023633146,-101.06577152582157,0.0,2.7516556291390724,-0.5797308356841882,0.25193916073234257,0.0,0.0,2.7514112903225807,2.4252100840336133,0.15302875721165535,0.21492815178396174,0.41228445732384705,Entertainment,Communication Services,MANU
2016Q1,2016,Q1,2015-10-15,2015-09-30,4960000.0,123562000.0,9520000.0,0.0302,0.0,0.0,1344974000.0,473408000.0,250811000.0,386647000.0,871566000.0,1360000.0,160620000.0,1858027232.6441002,2144223232.6441002,2.8886949836163605,0.6486821312463307,0.31950134352039516,0.9077180782749763,0.010095385928717475,2.8886949836163605,0.010477220494795188,15.037205877568347,93.65056616149698,3.9247905245456356,0.0,0.0,0.0,0.09186943390727256,0.6119509526777656,0.0036878036304047513,-36.298810882530724,0.0,1.6879271070615034,1.9369878573634736,0.5875135803379555,0.0,0.0,1.7178002894356006,0.06882227461547098,-0.7622616176825544,0.5820455247847469,0.41631032462898115,Entertainment,Communication Services,MANU
2015Q4,2015,Q4,2015-09-10,2015-06-30,-6910000.0,105777000.0,8907000.0,-0.0439,0.0,0.0,1301588000.0,477918000.0,239530000.0,323447000.0,823670000.0,0.0,155285000.0,1873417577.7891998,2128632577.7891998,2.9177279331859975,0.7405540938700931,0.3157427696014407,0.8599111144589657,0.008587510130198069,2.9177279331859975,-0.014458547282169745,17.711010690312637,-67.7792177203039,3.9199560966299654,0.0,0.0,0.0,0.0812676515149187,0.709210473431505,-0.005308899590346561,17.439631901819908,0.0,-1.5085714285714285,-12.081229816219524,0.005228068663292084,1.0348766116564585,0.0,-1.4043145441892833,2.6014023732470335,0.5781389272152285,0.3001886352231177,0.8456382767576377,Entertainment,Communication Services,MANU
2015Q3,2015,Q3,2015-04-10,2015-03-31,-2874000.0,94970000.0,-5562000.0,-0.0175,0.0,0.0,1195299000.0,473210000.0,120398000.0,234662000.0,722089000.0,0.0,161872000.0,1756372741.6719,2140598741.6719,2.8890028510900687,0.5130698621847594,0.3308209912331559,0.835633228376408,-0.0016101624384885899,2.8890028510900687,-0.006073413495065616,18.493974325280615,-152.78120578217641,3.7116137479594684,0.0,0.0,0.0,0.07945292349445619,0.49409789399221005,-0.002404419312657335,-59.14111191568119,0.0,-57.333333333333336,-3.633645517210991,0.27280074683577615,0.7161290690889026,0.0,-51.25454545454546,-1.3957029026750143,-3.633645517210991,0.27280074683577615,0.7161290690889026,Entertainment,Communication Services,MANU
2015Q2,2015,Q2,2014-12-31,2014-12-31,-55000.0,105761000.0,14056000.0,-0.0003,0.0,0.0,1210637000.0,488513000.0,121456000.0,260952000.0,722124000.0,0.0,164424000.0,1675262481.975,2018628481.975,2.9824294706252252,0.46543425610840305,0.3142816550295423,0.7788554245229912,-0.00011383575119376233,2.9824294706252252,-0.00011258656371478344,15.840077930191658,-7614.829463522727,3.4293099302884467,0.0,0.0,0.0,0.08735979488484162,0.4326274563904473,-4.543062866903952e-05,-29.715353459300776,0.0,-1.0055045871559634,-1.0012429843771045,-0.00957558515651898,0.0,0.0,-1.006149373881932,-0.013406331157436653,-1.0012429843771045,-0.00957558515651898,0.0,Entertainment,Communication Services,MANU
2015Q1,2015,Q1,2014-10-27,2014-09-30,8944000.0,88670000.0,14247000.0,0.0545,0.0,0.0,1278034000.0,497515000.0,161911000.0,331126000.0,780519000.0,0.0,164102000.0,1662318479.904,1934228479.904,3.0375546438078493,0.4889709657350978,0.28338526205093134,0.7279700109544436,0.018276455798965915,3.0375546438078493,0.017977347416660804,18.74724799711289,46.464626562611805,3.341242937205913,0.0,0.0,0.0,0.06938000084504795,0.4552587232654639,0.006998248872878187,-4962.144716131344,0.0,2.5308988764044944,2.6905806836614654,0.1398850400074963,0.0,0.0,2.5351870923446618,4.740351798372276,2.6905806836614654,0.1398850400074963,0.0,Entertainment,Communication Services,MANU
2014Q4,2014,Q4,2014-07-14,2014-06-30,-5826000.0,96221000.0,-3809000.0,-0.0356,0.0,0.0,1215711000.0,498650000.0,191484000.0,301724000.0,717061000.0,0.0,154828000.0,1666488225.0059998,1941931225.0059998,3.044038287793324,0.6346329758322176,0.2811589267515059,0.6854667602526823,-0.002693709384790217,3.044038287793324,-0.011683545573047228,17.319381683894367,-71.51082324948506,3.341999849605936,0.0,0.0,0.0,0.07914792249144739,0.6032798186422028,-0.004792257370378322,68.70133260526858,0.0,-1.5345345345345345,-10.028181129499847,-0.08566339007886263,1.1229677539035094,0.0,-1.5338097855964816,-1.1445156884319156,-10.028181129499847,-0.08566339007886263,1.1229677539035094,Entertainment,Communication Services,MANU
2014Q3,2014,Q3,2014-04-04,2014-03-31,10914000.0,115495000.0,26357000.0,0.0666,0.0,0.0,1093229000.0,499491000.0,111675000.0,180619000.0,593738000.0,0.0,160431000.0,1698227406.1104,2015553406.1104,3.0491722218152515,0.6182904345611481,0.32168008715465835,0.7040567297508864,0.01653921225940035,3.0491722218152515,0.021850243547931796,14.70390411801723,38.900206297196256,3.3999159266341135,0.0,0.0,0.0,0.10564575217086265,0.5718003089375979,0.009983269744948222,-45.186052367038286,0.0,-0.4268502581755593,9.000339307307742,0.5477378278311671,0.8112730780245289,0.0,-0.42678571428571427,-0.26903877086915523,9.000339307307742,0.5477378278311671,0.8112730780245289,Entertainment,Communication Services,MANU
2014Q2,2014,Q2,2013-12-31,2013-12-31,19040000.0,122927000.0,36058000.0,0.1162,0.0,0.0,1100362000.0,487526000.0,141132000.0,220010000.0,612836000.0,0.0,149139000.0,1533676057.0296,1818091057.0296,2.9761311747613117,0.6414799327303304,0.32403790752497813,0.7313640708392988,0.02680726486605487,2.9761311747613117,0.03905432735895111,12.476315675397593,20.137553269821428,3.1458343904316894,0.0,0.0,0.0,0.11171505377321282,0.5795918367346938,0.01730339651860024,-153.96808121971688,0.0,65.55555555555556,-0.5697408101087313,0.1510741540054591,0.0,0.0,65.98293515358361,2.873455795466753,-0.5697408101087313,0.1510741540054591,0.0,Entertainment,Communication Services,MANU
2014Q1,2014,Q1,2013-10-24,2013-09-30,-293000.0,98521000.0,9309000.0,-0.0018,0.0,0.0,1124879000.0,464195000.0,148776000.0,253764000.0,660684000.0,0.0,129949000.0,1759195739.8268998,2036640739.8268998,2.8335846269358256,0.5862770132879368,0.3209651882558035,0.7777916608321934,0.0070322041446823575,2.8335846269358256,-0.0006312002498949794,17.85604835341602,-1501.020255825,3.7897774422966637,0.0,0.0,0.0,0.08758364232953056,0.5078261691965763,-0.0002604724597045549,-228.14106339345088,0.0,-1.0027692307692309,0.9446280852534,0.26628355293971184,0.0,0.0,-1.0027615717396017,2.1609507640067913,0.9446280852534,0.26628355293971184,0.0,Entertainment,Communication Services,MANU
2013Q4,2013,Q4,2013-09-12,2013-06-30,106099000.0,85096000.0,2945000.0,0.65,0.0,0.0,1118311000.0,447960000.0,163312000.0,237889000.0,670351000.0,0.0,129825000.0,1744243806.7366,2039043806.7366,2.734364508686045,0.6865050506748946,0.34805434266496527,0.8689012411822484,-0.013356663063985846,2.734364508686045,0.23684927225645147,20.497365407734794,4.109944030425829,3.893749010484418,0.0,0.0,0.0,0.07609332287708875,0.6348801331713531,0.09487432386876281,44.08329685689084,0.0,31.5,201.82028815295564,-0.19144740654732334,0.906995619153926,0.0,28.196202531645568,-0.8058924334300026,201.82028815295564,-0.19144740654732334,0.906995619153926,Entertainment,Communication Services,MANU
2013Q3,2013,Q3,2013-04-08,2013-03-31,3634000.0,91721000.0,15172000.0,0.02,0.0,0.0,947365000.0,341850000.0,113554000.0,178970000.0,605515000.0,0.0,23548000.0,1823933835.36,2155311835.3599997,2.0866651203105735,0.634486226741912,0.38801201226559984,1.0752932572765832,-0.024671874313746275,2.0866651203105735,0.010630393447418458,19.88567324124246,125.4770112383049,5.335479992277314,0.0,0.0,0.0,0.09681696072791374,0.5658322623903448,0.003835902740759897,-65.28972778350516,0.0,-0.7999999999999999,2.329496742478809,0.22903961118273844,0.2395234117085422,0.0,-0.7747194842229248,-0.5962101453132486,2.329496742478809,0.22903961118273844,0.2395234117085422,Entertainment,Communication Services,MANU
2013Q2,2013,Q2,2013-01-22,2012-12-31,16131000.0,110056000.0,37574000.0,0.1,0.0,0.0,963390000.0,342228000.0,131262000.0,217069000.0,622996000.0,0.0,24323000.0,1410285472.31,1710284472.31,2.088972446376033,0.6047017307860634,0.3805623890636191,1.0713033416318944,0.030308050719061657,2.088972446376033,0.047135243171219185,12.814253401086718,21.856758296292853,4.120894468921304,0.0,0.0,0.0,0.11423826280115011,0.6039600311421713,0.016743997757917354,87.48669183064516,0.0,-0.23076923076923075,-0.63550851469469,0.030463537200973587,0.0,-1.0,-0.20872167173550477,4.942432389688439,-0.63550851469469,0.030463537200973587,0.0,Entertainment,Communication Services,MANU
2013Q1,2013,Q1,2012-10-25,2012-09-30,20386000.0,76316000.0,6323000.0,0.13,76316000.0,1.0,975017000.0,326608000.0,127193000.0,237445000.0,650330000.0,0.0,8069000.0,1246002654.0,1553181654.0,2.0395918418324652,0.5356735243951231,0.36892279826915836,1.1013386077499632,-0.031096860070118908,2.0395918418324652,0.06241733209229413,16.32688628858955,15.280126729127833,3.8149789778572485,0.0,0.0,0.0,0.07827145577974538,0.5305018004169386,0.020908353392812638,-42.92120750947296,1.0,2.3,4.941256133022472,0.0034563199778670324,0.0,0.024485850829619286,2.359247899719963,2.0806699709451375,4.941256133022472,0.0034563199778670324,0.0,Entertainment,Communication Services,MANU
2012Q4,2012,Q4,2012-09-12,2012-06-30,-14998000.0,74492000.0,-5851000.0,-0.1,74492000.0,1.0,947148000.0,237100000.0,148233000.0,229383000.0,712051000.0,0.0,-12671000.0,1353059568.0,1719331568.0,1.5808774503267102,0.6462248728109755,0.46125315156659785,1.842576971741881,-0.0063619271946537565,1.5808774503267102,-0.06325601012231126,18.16382387370456,-22.554,5.706704209194433,0.0,0.0,0.0,0.07864874338540545,0.642009216027343,-0.015834906477129235,26.205325431410145,1.0,-16.009855072463772,-30.008383233532935,-0.22685982523544296,0.1025327320536877,0.0,-15.490821256038647,-1.9302066772655009,-30.008383233532935,-0.22685982523544296,0.1025327320536877,Entertainment,Communication Services,MANU
2012Q3,2012,Q3,2012-03-31,2012-03-31,1035000.0,70768000.0,6290000.0,0.006662289510273443,0.0,0.0,865564000.0,261526000.0,71176000.0,120091000.0,606134000.0,0.0,12272000.0,1362809884.8000002,1760513884.8000002,1.6834414748442248,0.592683881389946,0.4890221866898346,1.6185006462072604,0.0036304804650932184,1.6834414748442248,0.003957541506389422,19.257431110106264,329.18113159420295,5.210991965617186,0.0,0.0,0.0,0.08175940773876918,0.5893447469002673,0.001195752133868784,-50.97093483936119,0.0,-0.975324853665654,0.0,0.0,0.0,0.0,-0.9753377653870898,-0.8000190760817728,0.0,0.0,0.0,Entertainment,Communication Services,MANU
2012Q2,2012,Q2,2011-12-31,2011-12-31,41967000.0,101278000.0,31453000.0,0.27,0.0,0.0,,,,,,,,1410832295.0400002,,,0.0,0.0,0.0,0.0,,0.0,13.93029379569107,8.404414748731147,0.0,0.0,0.0,0.0,0.0,0.0,0.0,-153.25138985878777,0.0,10.000000000000002,0.0,0.0,0.0,-1.0,9.363292148266241,1.4231895223420648,0.0,0.0,0.0,Entertainment,Communication Services,MANU
2012Q1,2012,Q1,2011-09-30,2011-09-30,-5018000.0,73782000.0,12980000.0,-0.03,73782000.0,1.0,,,,,,,,1394237594.4,,,0.0,0.0,0.0,0.0,,0.0,18.896717280637557,-69.46181717815863,0.0,0.0,0.0,0.0,0.0,0.0,0.0,-23.601943263419837,1.0,-8.30251497005988,0.0,0.0,0.0,1.3924124513618676,-9.015968063872256,-0.05832849680789321,0.0,0.0,0.0,Entertainment,Communication Services,MANU
2011Q4,2011,Q4,2011-06-30,2011-06-30,-501000.0,99801000.0,13784000.0,-0.0032249343426541018,30840000.0,0.30901493973006283,1017188000.0,222753000.0,206048000.0,251324000.0,796765000.0,0.0,-25886000.0,1352587723.2,1660845723.2,1.4338598794994593,0.8198500740080533,0.45114865688545286,2.060142848805628,-0.0410271185214979,1.4338598794994593,-0.002249127957872621,13.552847398322662,-674.9439736526946,6.072141444559669,0.0,0.0,0.0,0.09811460614950235,0.8198500740080533,-0.0004925343201060177,18.324767289871566,0.30901493973006283,0.0,0.0,0.0,0.0,0.0,0.0,0.0,0.0,0.0,0.0,Entertainment,Communication Services,MANU
