Quarters,Year,Quarter,FillingDate,Date,NetIncome,Revenue,OperatingIncome,EPSDiluted,GrossProfit,GrossProfitRatio,TotalAssets,CommonStockEquity,CurrentAssets,CurrentLiability,TotalLiability,Inventory,RetainedEarnings,MarketCap,EnterpriseValue,bookValuePerShare,currentRatio,debtToAssets,debtToEquity,roic,shareholdersEquityPerShare,roe,priceToSalesRatio,peRatio,pbRatio,payoutRatio,inventoryTurnover,dividendYield,assetTurnover,quickRatio,returnOnAssets,priceToFreeCashFlowsRatio,grossProfitMargin,epsdilutedGrowth,fiveYNetIncomeGrowthPerShare,fiveYRevenueGrowthPerShare,fiveYShareholdersEquityGrowthPerShare,grossProfitGrowth,netIncomeGrowth,operatingIncomeGrowth,threeYNetIncomeGrowthPerShare,threeYRevenueGrowthPerShare,threeYShareholdersEquityGrowthPerShare,Industry,Sector,Symbol
2023Q1,2023,Q1,2023-06-30,2023-03-31,-0.12,0.0,-0.12,0.0,0.0,0.0,18770048.0,12850770.0,18770048.0,5919278.0,5919278.0,0.0,-5918124.0,21818544.0,21817217.0,6.219669433487404,3.171002950021945,0.0,0.0,-9.337961849756863e-09,6.219669433487404,-9.337961849756863e-09,0.0,-45455300.00000001,1.6978394290770127,0.0,0.0,0.0,0.0,3.171002950021945,-6.393164258290655e-09,-924.5145762711865,0.0,1.0,0.9999990936497588,0.0,-0.1691233664005119,-1.0,0.9999996548679438,0.9999998582781504,0.9999990936497588,0.0,-0.1691233664005119,Shell Companies,Financial Services,PPHP
2022Q4,2022,Q4,2023-03-31,2022-12-31,-347693.0,4739502.0,-846729.0,-0.0465,2369751.0,0.5,59854796.0,13259991.0,59854796.0,46594805.0,46594805.0,0.0,-5178385.0,77576922.63,79364782.63,1.7725130362005956,1.284580888362984,0.030286411802322406,0.13671102793357853,-0.07328261861998035,1.7725130362005956,-0.02622120935074541,16.368159066079095,-55.77975586940203,5.850450624740243,0.0,0.0,0.0,0.07918332893491108,1.284051430196993,-0.0058089413586841065,-235.82048792276404,0.5,-0.55,0.0,0.0,0.0,0.0,-0.550311450776509,-0.3771242882445072,0.0,0.0,0.0,Shell Companies,Financial Services,PPHP
2022Q3,2022,Q3,2022-11-03,2022-09-30,-224273.0,0.0,-614853.0,-0.03,0.0,0.0,58993811.0,54974680.0,58993811.0,4019131.0,4019131.0,0.0,-3675493.0,75557090.0,76664220.0,7.348671951235814,14.678250348147397,0.01877802062999456,0.02015085854069546,-0.005860355977311583,7.348671951235814,-0.004079568994307925,0.0,-84.22446081338369,1.3743979955863317,0.0,0.0,0.0,0.0,14.648413550093291,-0.003801636073316233,-179.06390713723707,0.0,0.6088657105606259,0.0,0.0,45.09003374949016,0.0,0.6093744012763482,0.034000320505770676,0.0,0.0,45.09003374949016,Shell Companies,Financial Services,PPHP
2022Q2,2022,Q2,2022-08-05,2022-06-30,-574138.0,0.0,-636494.0,-0.0767,0.0,0.0,58197727.0,55394243.0,58197727.0,2803484.0,2803484.0,0.0,-2680930.0,75183045.0,75293219.0,7.404756513253753,20.75907228291654,0.0027441793388253807,0.002883061331842733,-0.010867096526272019,7.404756513253753,-0.01036457886065886,0.0,-32.73735800452156,1.3572357149099412,0.0,0.0,0.0,0.0,20.742931652187064,-0.009865299378444797,-266.6188334923241,0.0,-0.19656786271450857,-597.9363480553421,0.0,2209.2947563857033,0.0,-0.19767531608733835,-0.3492903704488844,-597.9363480553421,0.0,2209.2947563857033,Shell Companies,Financial Services,PPHP
2022Q1,2022,Q1,2022-05-04,2022-03-31,-479377.0,0.0,-471725.0,-0.0641,0.0,0.0,58339030.0,55999559.0,58339030.0,2339471.0,2339471.0,0.0,-2075614.0,74659382.0,74487569.0,7.485671376438664,24.93684683417747,0.0,0.0,-0.008491499339907891,7.485671376438664,-0.008560370984350073,0.0,-38.935629994764035,1.3332137490582738,0.0,0.0,0.0,0.0,0.07344096165329683,-0.008217088971139904,-237.38921215127408,0.0,0.0,0.0,0.0,0.0,0.0,0.0,0.0,0.0,0.0,0.0,Shell Companies,Financial Services,PPHP
2021Q3,2021,Q3,2021-11-02,2021-09-30,0.0,0.0,0.0,0.0,0.0,0.0,58848177.0,-1246873.0,770343.0,7550.0,58848177.0,0.0,-1247046.0,73462428.18,72840585.18,-0.16667421923488074,102.03218543046357,0.0,0.0,,-0.16667421923488074,0.0,0.0,0.0,-58.91733013707089,0.0,0.0,0.0,0.0,82.36331125827815,0.0,-351.88716693730333,0.0,1.0,0.0,0.0,0.0,0.0,1.0,1.0,0.0,0.0,0.0,Shell Companies,Financial Services,PPHP
2021Q2,2021,Q2,2021-09-16,2021-06-30,-921.0,0.0,-921.0,-0.000128,0.0,0.0,119199.0,24079.0,24979.0,95120.0,95120.0,0.0,-921.0,70581250.0,70651391.0,0.003350121739130435,0.26260513036164845,0.7979932717556355,3.950330163212758,-0.0077265748873732165,0.003350121739130435,-0.03824909672328585,0.0,-19158.862649294246,2931.2367623240166,0.0,0.0,0.0,0.0,0.26260513036164845,-0.0077265748873732165,-3361011.904761905,0.0,0.0,0.0,0.0,0.0,0.0,0.0,0.0,0.0,0.0,0.0,Shell Companies,Financial Services,PPHP
