Quarters,Year,Quarter,FillingDate,Date,NetIncome,Revenue,OperatingIncome,EPSDiluted,GrossProfit,GrossProfitRatio,TotalAssets,CommonStockEquity,CurrentAssets,CurrentLiability,TotalLiability,Inventory,RetainedEarnings,MarketCap,EnterpriseValue,bookValuePerShare,currentRatio,debtToAssets,debtToEquity,roic,shareholdersEquityPerShare,roe,priceToSalesRatio,peRatio,pbRatio,payoutRatio,inventoryTurnover,dividendYield,assetTurnover,quickRatio,returnOnAssets,priceToFreeCashFlowsRatio,grossProfitMargin,epsdilutedGrowth,fiveYNetIncomeGrowthPerShare,fiveYRevenueGrowthPerShare,fiveYShareholdersEquityGrowthPerShare,grossProfitGrowth,netIncomeGrowth,operatingIncomeGrowth,threeYNetIncomeGrowthPerShare,threeYRevenueGrowthPerShare,threeYShareholdersEquityGrowthPerShare,Industry,Sector,Symbol
2023Q1,2023,Q1,2023-05-05,2023-03-31,124694000.0,272180000.0,242575000.0,1.37,272180000.0,1.0,37829232000.0,6739117000.0,14476876000.0,3373369000.0,31090115000.0,0.0,3144229000.0,5611054640.0,8570723640.0,73.88815551437938,4.291518656867956,0.17790474837025505,0.998647152141742,0.014147680612537442,73.88815551437938,0.01850301753182205,20.615234918068925,11.249648419330523,0.8326097677188273,0.4015750557364428,0.0,0.00892416902217156,0.0071949649942668675,4.319683378841745,0.003296233981170963,33.094000200532,1.0,-0.0927152317880794,0.282709873336877,0.17819130230857308,0.32993704671193164,4319.31746031746,-0.0956338845372788,0.06827349915445322,-0.01397289419878477,0.009405125660888577,0.19081393626781867,Banks—Regional,Financial Services,PB
2022Q4,2022,Q4,2023-02-27,2022-12-31,137880000.0,63000.0,227072000.0,1.51,63000.0,1.0,37689829000.0,6699374000.0,968772000.0,1854495000.0,30990455000.0,0.0,3069609000.0,6634739160.000001,8060907160.000001,73.38803991806063,0.5223912709389887,0.09816972106718765,0.5522904080291681,0.017241344912439567,73.38803991806063,0.020581027421368026,105313.32000000002,12.029915796344648,0.9903521075252703,0.36421525964606905,0.0,0.007568948648766472,1.6715384938467085e-06,0.5223912709389887,0.003658281389390225,-767.1105515088451,1.0,0.01342281879194632,0.5631791427450282,-0.9997348417663356,0.3334438324571983,-0.704225352112676,0.015167132970107496,0.18249421959297601,0.5005638561914518,-0.9997714333621583,0.05178500827911034,Banks—Regional,Financial Services,PB
2022Q3,2022,Q3,2022-11-04,2022-09-30,135820000.0,213000.0,192028000.0,1.49,213000.0,1.0,37843502000.0,6611642000.0,1174740000.0,2099000.0,31231860000.0,0.0,2981947000.0,6081816120.000001,6644664120.000001,72.48892104945784,559.6665078608861,0.030784677380016258,0.17620433774242464,0.019368953560152363,72.48892104945784,0.020542552061953746,28553.127323943667,11.19462546016787,0.9198647053182856,0.3492048299219555,0.0,0.007798492927799994,5.628443160466492e-06,559.6665078608861,0.0035889913148101356,32.649663776674274,1.0,0.06428571428571435,0.5236883738488649,-0.9991007590315327,0.3320327456753839,-0.999230505229313,0.057047241030430386,0.11306384113330474,0.25196637439397274,-0.9991065843318828,0.20740918160379554,Banks—Regional,Financial Services,PB
2022Q2,2022,Q2,2022-08-04,2022-06-30,128490000.0,276805000.0,172522000.0,1.4,276805000.0,1.0,37387256000.0,6521827000.0,978518000.0,1051000.0,30865429000.0,0.0,2893556000.0,6265274440.0,6171558440.0,71.06554286710544,931.035204567079,0.008024124584056129,0.045999380235016964,0.01991258089655332,71.06554286710544,0.019701534554657767,22.634253138490994,12.190198536851115,0.9606624708076432,0.37022336368588993,0.0,0.007592644257735022,0.007403726018298856,931.035204567079,0.00343673255935124,84.56758955808115,1.0,0.0526315789473683,0.4191552055820915,0.1922320091298447,0.32170313089345487,444.74074074074076,0.05038994163137845,0.05097011970393835,0.18815675001492427,0.17042782234645146,0.20177506583407812,Banks—Regional,Financial Services,PB
2022Q1,2022,Q1,2022-05-05,2022-03-31,122326000.0,621000.0,164155000.0,1.33,621000.0,1.0,38271186000.0,6504424000.0,2091257000.0,1088000.0,31766762000.0,0.0,2812636000.0,6394130180.0,4833809180.0,70.57675155434511,1922.1112132352941,0.0,0.0,0.019889669165560026,70.57675155434511,0.01880658456459788,10296.505925925925,13.067806884881382,0.9830432610174245,0.39176462894233444,0.0,0.007494842715260452,1.6226306652738694e-05,1922.1112132352941,0.0031962949880884276,30.105183221669265,1.0,-0.03623188405797089,0.3450205683945118,-0.9973870611736482,0.32923927903903955,-0.997712429135033,-0.03518499530708984,-0.03351820451226979,0.12507532800416274,-0.9973630751355398,0.1994711082114519,Banks—Regional,Financial Services,PB
2021Q4,2021,Q4,2022-02-28,2021-12-31,126787000.0,271467000.0,169848000.0,1.38,271467000.0,1.0,37833970000.0,6427236000.0,19380910000.0,1261000.0,31406734000.0,0.0,2738233000.0,6663312600.0,4115573600.0,69.73846053688071,15369.476605868358,0.0,0.0,0.020813335790425897,69.73846053688071,0.019726520077993092,24.54557128490756,13.138793015056748,1.0367306568484493,0.3779882795554749,0.0,0.007192218477037983,0.007175218461081404,2481.1268834258526,0.0033511418442209477,93.90237598647126,1.0,-0.007194244604316554,0.3894755108759188,0.14299343077371507,0.330355292292049,-0.009638501472042144,-0.014021308033284082,0.0,0.1529435264455628,0.1311923945054572,0.20172862354118382,Banks—Regional,Financial Services,PB
2021Q3,2021,Q3,2021-11-04,2021-09-30,128590000.0,274109000.0,0.0,1.39,274109000.0,1.0,36512119000.0,6345441000.0,0.0,0.0,30166678000.0,0.0,2659370000.0,6592541790.0,5537155790.0,68.4639146337516,0.0,0.0,0.0,0.0,68.4639146337516,0.020264942972442735,24.050803840807855,12.816979916789796,1.0389414683707563,0.3519324986390855,0.0,0.006864575370405047,0.007507342972890727,0.0,0.0035218443498171116,36.425297754547266,1.0,-0.014184397163120581,0.4041307622116791,0.1444765038870054,0.32322242746596863,0.006876361405686956,-0.015473428731117593,0.0,0.17415085726227017,0.12601006485809424,0.19663299549288754,Banks—Regional,Financial Services,PB
2021Q2,2021,Q2,2021-08-05,2021-06-30,130611000.0,272237000.0,0.0,1.41,272237000.0,1.0,36099924000.0,6310337000.0,0.0,0.0,29789587000.0,0.0,2576035000.0,6672733000.0,5612854000.0,67.90054339054177,0.0,0.0,0.0,0.0,67.90054339054177,0.020697943707285362,24.51074982460136,12.772149742364732,1.057428945553938,0.3486612919279387,0.0,0.006824639918905792,0.00754120701195936,0.0,0.0036180408579253517,33.19255736677428,1.0,-0.020833333333333353,0.4362469190789344,0.11490911937675916,0.33259680147600906,-0.028963072083094055,-0.020238693561574986,0.0,0.202885450124576,0.10097657270671774,0.20497113161386468,Banks—Regional,Financial Services,PB
2021Q1,2021,Q1,2021-05-06,2021-03-31,133309000.0,280357000.0,0.0,1.44,280357000.0,1.0,35558418000.0,6221846000.0,0.0,0.0,29336572000.0,0.0,2490963000.0,6953836060.0,5006601060.0,67.00676330583497,0.0,0.0,0.0,0.0,67.00676330583497,0.021425956219424266,24.803504317709205,13.040822562617677,1.1176483731677063,0.3415748374078269,0.0,0.006548184283769266,0.007884405881049038,0.0,0.0037490138059572842,31.221342989399577,1.0,-0.027027027027027053,0.46114903919779904,0.09998215821020999,0.3438273731298299,-0.018835370740430953,-0.027587514862390673,0.0,0.347007163796439,0.19206122218795135,0.20607662053960668,Banks—Regional,Financial Services,PB
2020Q4,2020,Q4,2021-02-26,2020-12-31,137091000.0,285739000.0,0.0,1.48,285739000.0,1.0,34059275000.0,6130669000.0,0.0,0.0,27928606000.0,0.0,2403189000.0,6419892240.0,5076896240.0,66.23525535064121,0.0,0.0,0.0,0.0,66.23525535064121,0.02236150736567249,22.467679385733135,11.707355406262993,1.0471764565987822,0.3308240511776849,0.0,0.007064448795171678,0.00838946219495277,0.0,0.004025070997547658,79.35688006032213,1.0,0.0571428571428572,0.4715787733309334,0.20394281738444306,0.33929522133328577,0.0051994469870998835,0.05402724812400049,0.0,0.5328748626670112,0.18610836675598957,0.20347937943502112,Banks—Regional,Financial Services,PB
2020Q3,2020,Q3,2020-11-05,2020-09-30,130064000.0,284261000.0,0.0,1.4,284261000.0,1.0,33197599000.0,6034877000.0,0.0,0.0,27162722000.0,0.0,2311451000.0,4802360480.0,3898883480.0,65.13206915903989,0.0,0.003847145692674943,0.021162983106366544,0.0,65.13206915903989,0.021552054830612122,16.894193997769655,9.230764239143806,0.7957677480419236,0.327715586172961,0.0,0.00887563525843441,0.008562697561350746,0.0,0.003917873699239514,89.28312039860192,1.0,-0.0070921985815602905,0.39265485890868035,0.16805482008173428,0.3373191547025327,0.041477980508536676,-0.006394145193695999,0.0,0.4363281776892233,0.18134815502782592,0.196845637338725,Banks—Regional,Financial Services,PB
2020Q2,2020,Q2,2020-08-07,2020-06-30,130901000.0,272940000.0,0.0,1.41,272940000.0,1.0,32966649000.0,5948122000.0,0.0,108144000.0,27018527000.0,0.0,2224011000.0,5502032040.0,5397655040.0,64.19437069653996,0.0,0.006931126060158556,0.03841481395304266,0.0,64.19437069653996,0.022007114178222976,20.15839393273247,10.508002307087034,0.9250032262283794,0.32561248577169005,0.0,0.007746774226345654,0.008279276428732565,6.818464269862406,0.003970709913525029,24.79632627124373,1.0,0.014388489208633108,0.3755153520205054,0.11824410017387163,0.33917172372127163,-0.02171341730048244,0.00040505013450721445,0.0,0.43195972863004545,0.16434399805081937,0.19391054106229996,Banks—Regional,Financial Services,PB
2020Q1,2020,Q1,2020-05-08,2020-03-31,130848000.0,278998000.0,0.0,1.39,278998000.0,1.0,31743499000.0,5855574000.0,0.0,1343730000.0,25887925000.0,0.0,2135733000.0,4553400750.0,5635956750.0,62.04844708649903,0.0,0.04612012053239625,0.2500205786828072,0.0,62.04844708649903,0.022345887866842773,16.320549788887377,8.699790501192222,0.7776181720186612,0.3303298483736855,0.0,0.009492465603867614,0.00878913821063015,0.5750790709443118,0.00412204086260308,22.364224074419703,1.0,0.3762376237623761,0.31861431543916074,0.1042040789882064,0.3160762803933519,0.07980555620060531,0.5191213690296514,0.0,0.4050308537911903,0.14642950170458618,0.16861758658927958,Banks—Regional,Financial Services,PB
2019Q4,2019,Q4,2020-02-28,2019-12-31,86134000.0,258378000.0,0.0,1.01,258378000.0,1.0,32185708000.0,5970835000.0,0.0,1308585000.0,26214873000.0,0.0,2140968000.0,6151842970.0,7007787970.0,69.7747537190469,0.0,0.04441517955733644,0.23941944468403498,0.0,69.7747537190469,0.014425788017923791,23.80946895633529,17.855443175749414,1.03031535287778,0.505921006803353,0.0,0.007083568324566646,0.00802772460372784,0.7198989748468766,0.0026761567587700727,119.49734795361395,1.0,-0.15126050420168063,-0.102298595340044,0.036165491863392206,0.500248400829648,0.438037779534045,0.05352381418332151,0.0,0.016637020091855945,0.17164854118962347,0.33104763374319673,Banks—Regional,Financial Services,PB
2019Q3,2019,Q3,2019-11-07,2019-09-30,81758000.0,179674000.0,0.0,1.19,179674000.0,1.0,22092817000.0,4126806000.0,11404012000.0,605438000.0,17966011000.0,0.0,2098411000.0,4854964940.0,5035400940.0,60.03674823241875,18.835969991972753,0.027194132826067405,0.14558353360928525,0.0,60.03674823241875,0.019811447400241253,27.020965415140754,14.845534810049168,1.1764461280709584,0.34300007338731375,0.0,0.005776148818079828,0.008132688556647167,1.2759621959639138,0.003700659811738811,35.131517576739945,1.0,0.00847457627118645,0.08349062652636843,-0.09640549875169156,0.31564216401748074,-0.0012118382140395348,-0.006078436139949914,0.0,0.2037430920302572,0.011514268163505217,0.16034807764411324,Banks—Regional,Financial Services,PB
2019Q2,2019,Q2,2019-08-02,2019-06-30,82258000.0,179892000.0,0.0,1.18,179892000.0,1.0,22375221000.0,4127895000.0,11229658000.0,945171000.0,18247326000.0,0.0,2044696000.0,4713301120.0,5352106120.0,59.133813712288344,11.88108606802367,0.042049819306812654,0.22793070075668107,0.0,59.133813712288344,0.019927347958220838,26.200726658217153,14.324749933137202,1.1418171053285027,0.34820929271317075,0.0,0.006077057092418488,0.008039786512052775,0.7048756256804324,0.0036762988843774998,72.71480769527453,1.0,0.0,0.08725406151312672,-0.12013510053570628,0.3201574443500155,0.007899956298114096,-0.001747530399747579,0.0,0.20424278180505825,-0.019176826775945482,0.16054345189600205,Banks—Regional,Financial Services,PB
2019Q1,2019,Q1,2019-05-07,2019-03-31,82402000.0,178482000.0,0.0,1.18,178482000.0,1.0,22354241000.0,4109790000.0,11026592000.0,684425000.0,18244451000.0,0.0,1991081000.0,4943770660.0,5333224660.0,58.83989290878635,16.110738210906966,0.03046187074747919,0.1656902177483521,0.0,58.83989290878635,0.020050172879879508,27.69898734886431,14.998940134948182,1.2029253708826972,0.34752797262202373,0.0,0.005792542164567156,0.007984256768100514,0.6240873726120466,0.003686190911156411,38.04890758242773,1.0,-0.008403361344537823,0.1630387887197003,9.428079949200672e-05,0.3708955974579049,-0.01853695017404167,-0.011148312152740278,0.0,0.2006755269422185,-0.06906036610803798,0.1800399664427512,Banks—Regional,Financial Services,PB
2018Q4,2018,Q4,2019-02-27,2018-12-31,83331000.0,181853000.0,0.0,1.19,181853000.0,1.0,22693402000.0,4052824000.0,11093662000.0,1034201000.0,18640578000.0,0.0,1937316000.0,4350907400.0,4971458400.0,58.031787851885795,10.726794888034338,0.04543725969336814,0.25442160824156196,0.0,58.031787851885795,0.020561218547857002,23.92540898417953,13.05308768645522,1.0735495545821876,0.3436056209573868,0.0,0.006580926084522047,0.008013474577324282,0.5330317800891703,0.0036720364800306273,48.71473005351905,1.0,0.00847457627118645,0.21315701447106897,-0.0034683078711484645,0.3332148656385657,-0.008602689839776264,0.009791209723349854,0.0,0.185517649973926,0.015508749895330073,0.17341883478834147,Banks—Regional,Financial Services,PB
2018Q3,2018,Q3,2018-11-07,2018-09-30,82523000.0,183431000.0,0.0,1.18,183431000.0,1.0,22612583000.0,3995697000.0,10916284000.0,1503754000.0,18616886000.0,0.0,1882618000.0,4820917140.0,6028293140.0,57.21379478221026,7.259354921084166,0.06638812558476845,0.3757059156387484,0.0,57.21379478221026,0.020652967429712513,26.281910582180764,14.6047681858391,1.2065272066425456,0.304666577802552,0.0,0.005215190236602988,0.0081118994676548,0.2955749411140386,0.0036494282851277982,75.18116680182148,1.0,0.008547008547008555,0.28992656619726076,0.09057810127796617,0.44510145708434584,-0.012845902980335597,0.011348456438349449,0.0,0.17231184781373338,9.99324560381216e-07,0.17473780064685848,Banks—Regional,Financial Services,PB
2018Q2,2018,Q2,2018-08-07,2018-06-30,81597000.0,185818000.0,0.0,1.17,185818000.0,1.0,22570740000.0,3935452000.0,10758043000.0,1253548000.0,18635288000.0,0.0,1825237000.0,4774194040.0,5754141040.0,56.35034865905869,8.58207503821154,0.055596271987537846,0.3188576559947879,0.0,56.35034865905869,0.02073383184447428,25.692850208268304,14.627357745995564,1.2131247033377615,0.3081363285414905,0.0,0.005266438646888345,0.008232694187253054,0.34819647911368373,0.003615167247507171,61.88758591187794,1.0,0.09345794392523352,0.30736217353528317,0.13879608453864412,0.4476333791451459,0.05152422289248669,0.09730907330455481,0.0,0.1375790331617073,0.01004824707634731,0.17553599680530352,Banks—Regional,Financial Services,PB
2018Q1,2018,Q1,2018-05-07,2018-03-31,74361000.0,176713000.0,0.0,1.07,176713000.0,1.0,22472314000.0,3876145000.0,10566884000.0,817992000.0,18596169000.0,0.0,1768783000.0,5067249840.0,5643814840.0,55.55763387226236,12.918077438410156,0.03649285961383416,0.21157077457112672,0.0,55.55763387226236,0.019184266842442683,28.675025832847613,17.035979344010972,1.3072910946313927,0.33801320584715105,0.0,0.004960284334431002,0.007863587167747835,0.6143446390673747,0.0033090050272526453,68.06245587642714,1.0,0.10309278350515473,0.23191686422699684,0.11934558808424048,0.47298661247269064,-0.022859101892760178,0.10758437844439811,0.0,0.013627075106374158,-0.05398278282787664,0.17840312799661223,Banks—Regional,Financial Services,PB
2017Q4,2017,Q4,2018-02-28,2017-12-31,67138000.0,180847000.0,0.0,0.97,180847000.0,1.0,22587292000.0,3824154000.0,10718424000.0,502945000.0,18763138000.0,0.0,1719557000.0,4868743880.0,4982350880.0,55.03646882735594,21.311324299873743,0.022367577308514894,0.13211366487855877,0.0,55.03646882735594,0.017556301341420874,26.92189464022074,18.12961318478358,1.27315580910183,0.3725609937740177,0.0,0.005137464737619347,0.008006581754023457,1.3239101691039776,0.0029723793361329017,122.51186130193,1.0,-0.01020408163265307,0.129611852879757,0.19438004801523442,0.4863401819963699,0.002200055417013023,-0.01133887023620192,0.0,-0.13825725750183793,-0.10682440650711043,0.1833560126635354,Banks—Regional,Financial Services,PB
2017Q3,2017,Q3,2017-11-06,2017-09-30,67908000.0,180450000.0,0.0,0.98,180450000.0,1.0,22143263000.0,3781358000.0,10535421000.0,958121000.0,18361905000.0,0.0,1677432000.0,4567249050.0,5225145050.0,54.41977405195366,10.995919095813576,0.04337052764084498,0.2539735724573024,0.0,54.41977405195366,0.017958627561844184,25.31033000831255,16.814105296872242,1.2078330192486404,0.34791188077987867,0.0,0.005172916944391284,0.00814920547165971,0.6143816908302814,0.0030667566925434613,33.74249423741836,1.0,-0.01010101010101011,0.18433824168515106,0.11168730692202691,0.49409163703194553,0.02647970647629341,-0.009423228403885988,0.0,-0.10973014255169308,-0.1022590013712285,0.1925520852975446,Banks—Regional,Financial Services,PB
2017Q2,2017,Q2,2017-08-07,2017-06-30,68554000.0,175795000.0,0.0,0.99,175795000.0,1.0,22296543000.0,3736188000.0,10514842000.0,1032833000.0,18560355000.0,0.0,1633150000.0,4463844880.0,5177392880.0,53.76815807273303,10.180582920956244,0.04644244625725163,0.27715575340427195,0.0,53.76815807273303,0.018348648408484797,25.39233129497426,16.278571928698543,1.1947591716476793,0.3446334276628643,0.0,0.005292746642217549,0.007884406116230664,0.6077933218632635,0.003074647042817355,73.08911942888955,1.0,0.0,0.266331537895311,0.23362471219770875,0.5522541192235014,-0.018858762990165985,-0.00016043170713921098,0.0,-0.0897202454765354,-0.1362265478925618,0.20036963105520686,Banks—Regional,Financial Services,PB
2017Q1,2017,Q1,2017-05-08,2017-03-31,68565000.0,179174000.0,0.0,0.99,179174000.0,1.0,22477419000.0,3689082000.0,10421027000.0,1267228000.0,18788337000.0,0.0,1588222000.0,4843450800.0,5789297800.0,53.09559585492228,8.223482277853709,0.05652979997392049,0.3444336558525942,0.0,53.09559585492228,0.01858592462840349,27.03210733700202,17.660070006563114,1.3129149202972445,0.34453438343178006,0.0,0.00487730772448437,0.00797128887440324,0.46080500115212103,0.0030503947094637513,33.7934819466248,1.0,0.0,0.27760327299481075,0.2716921026380311,0.5582965723565897,0.0006478347797920227,-0.003314290698181501,0.0,-0.02714777941107346,0.009274862942979693,0.23706069137063118,Banks—Regional,Financial Services,PB
2016Q4,2016,Q4,2017-02-28,2016-12-31,68793000.0,179058000.0,0.0,0.99,179058000.0,1.0,22331072000.0,3642311000.0,10396274000.0,987319000.0,18688761000.0,0.0,1543280000.0,4987417960.0,5541995960.0,52.420929161509456,10.529802424545663,0.04436782076561304,0.2720198796862761,0.0,52.420929161509456,0.01888718453750929,27.853644964201543,18.124729114880875,1.36930041394049,0.34340703269227973,0.0,0.004736719518891094,0.008018334274324135,0.7198169993689982,0.0030805955038790793,-261.6830872553649,1.0,0.0,0.284666724783718,0.2929548822606981,0.5799879737832363,-0.002690193326315438,0.0020684330891028537,0.0,0.006639926683349806,-0.013757174215131146,0.20431171631462178,Banks—Regional,Financial Services,PB
2016Q3,2016,Q3,2016-11-07,2016-09-30,68651000.0,179541000.0,0.0,0.99,179541000.0,1.0,21404044000.0,3594812000.0,10197278000.0,423496000.0,17809232000.0,0.0,1498111000.0,3813647420.0,3898080420.0,51.74029189095829,24.078805939135197,0.01989885649646394,0.1184807439165108,0.0,51.74029189095829,0.019097243471981287,21.241094903114053,13.887807242429098,1.0608753448024542,0.3035935383315611,0.0,0.0054651093047295915,0.008388181224071489,1.2269986021119443,0.0032073845484526194,30.552686385412827,1.0,0.01020408163265307,0.273798313538081,0.24764882582881081,0.5740225133906519,-0.017699260296756687,0.00852051534427289,0.0,0.07865194913916582,0.0729813276044862,0.30685215840361896,Banks—Regional,Financial Services,PB
2016Q2,2016,Q2,2016-08-10,2016-06-30,68071000.0,182776000.0,0.0,0.98,182776000.0,1.0,21796310000.0,3544584000.0,10300243000.0,602225000.0,18251726000.0,0.0,1450302000.0,3547119350.0,3819960350.0,50.95355422985697,17.103645647390927,0.027805119306891855,0.17097887932688294,0.0,50.95355422985697,0.019204228197159383,19.406920766402592,13.02727795243202,1.0007152743453112,0.3066063375005509,0.0,0.0058839294482718775,0.00838563958761827,0.8699339947693968,0.0031230515623974883,55.10944379709469,1.0,0.0,0.3067802882364458,0.2673023127281259,0.5796583367477197,-0.05110580417402139,-0.012762686545517831,0.0,0.09494190427739713,0.1245650325903342,0.30899040812528406,Banks—Regional,Financial Services,PB
2016Q1,2016,Q1,2016-05-09,2016-03-31,68951000.0,192620000.0,0.0,0.98,192620000.0,1.0,21978345000.0,3499060000.0,10301044000.0,182164000.0,18479285000.0,0.0,1403102000.0,3255371860.0,3114221860.0,49.86262718385727,56.548187347664744,0.008801481640223593,0.055283990557464004,0.0,49.86262718385727,0.019705578069538675,16.900487280656215,11.803207567692999,0.9303561127845764,0.3029542718742295,0.0,0.006416778450619155,0.00876408118991671,2.64060407105685,0.0031372243906445186,20.445747142318805,1.0,-0.02970297029702973,0.3554085914948163,0.3605961363340746,0.573950222278721,0.07282296917207386,-0.02162468960624335,0.0,0.13568212194592766,0.21304555698747665,0.32199622599852434,Banks—Regional,Financial Services,PB
2015Q4,2015,Q4,2016-02-29,2015-12-31,70475000.0,179545000.0,0.0,1.01,179545000.0,1.0,22037216000.0,3462910000.0,10348549000.0,486896000.0,18574306000.0,0.0,1355040000.0,3351205060.0,3280060060.0,49.455306265263275,21.254126137819988,0.022298597064166363,0.1419034857966277,0.0,49.455306265263275,0.020351380775128432,18.664986827814754,11.887921461511175,0.9677424651521409,0.2980347641007449,0.0,0.006267596170316119,0.008147354003336901,1.4736863724491474,0.003197999239105339,110.62638431320767,1.0,0.0,0.43411201853524933,0.2827933465141206,0.5913604383649745,-0.024021004109499686,-0.0017422589875067283,0.0,0.17666389678256672,0.17668725422938492,0.3356127397196073,Banks—Regional,Financial Services,PB
2015Q3,2015,Q3,2015-11-06,2015-09-30,70598000.0,183964000.0,0.0,1.01,183964000.0,1.0,21567236000.0,3411239000.0,9831158000.0,782002000.0,18155997000.0,0.0,1305569000.0,3439713510.0,3926054510.0,48.70345940235005,12.571781146339779,0.03647064463893287,0.23058220195066953,0.0,48.70345940235005,0.020695706164241205,18.697753419147226,12.180633693589053,1.0083472632671004,0.2703476019150684,0.0,0.005548717922150441,0.00852979028003403,0.587983150938233,0.003273391175392155,42.94702979074065,1.0,-0.019417475728155355,0.4615091680390719,0.304296532766776,0.5889598596260459,-0.0028565079055346875,-0.01854529277651115,0.0,0.22147880184780003,0.12433913753148323,0.33715056071541605,Banks—Regional,Financial Services,PB
2015Q2,2015,Q2,2015-08-07,2015-06-30,71932000.0,184491000.0,0.0,1.03,184491000.0,1.0,21686287000.0,3357285000.0,9776838000.0,882115000.0,18329002000.0,0.0,1254057000.0,4043936380.0,4577630380.0,47.93587675086026,11.083405224942327,0.04088948006636636,0.2641244338803527,0.0,47.93587675086026,0.021425646020519558,21.9194236033194,14.054719665795474,1.204525793907875,0.2653339264861258,0.0,0.004719658819162729,0.008507265443826323,0.5980841500257903,0.0033169347984742617,52.356146247362084,1.0,-0.019047619047619063,0.507942187582949,0.3076142995846271,0.5912236405909954,-0.016095227429083404,-0.02320718078244456,0.0,0.3182955484259877,0.28448120519592884,0.38387969408323697,Banks—Regional,Financial Services,PB
2015Q1,2015,Q1,2015-05-08,2015-03-31,73641000.0,187509000.0,0.0,1.05,187509000.0,1.0,21606859000.0,3301861000.0,9812482000.0,327225000.0,18304998000.0,0.0,1201211000.0,3675384320.0,3654656320.0,47.146543107633434,29.986956986782793,0.015361510897997714,0.10052331094494893,0.0,47.146543107633434,0.02230287707447406,19.6011088534417,12.477371029725287,1.1131250891542679,0.2591219565187871,0.0,0.005191838006208831,0.008678216486718408,1.6293284437313775,0.003408223286873858,32.28751170574438,1.0,-0.06250000000000006,0.5791549459732336,0.3734543382352421,0.5928600560775578,-0.07769153582811947,-0.05863629391010891,0.0,0.36133211693858674,0.3203223672972384,0.38369850342825423,Banks—Regional,Financial Services,PB
2014Q4,2014,Q4,2015-03-02,2014-12-31,78228000.0,203304000.0,0.0,1.12,203304000.0,1.0,21507733000.0,3244826000.0,10247270000.0,0.0,18262907000.0,0.0,1146652000.0,3862356480.0,3361326480.0,46.5088005962619,0.0,0.008194959459465113,0.05431878319515438,0.0,46.5088005962619,0.024108534633290043,18.99793648919844,12.343267372296365,1.1903123557318636,0.243045968195531,0.0,0.0049226424589374,0.009452600141539789,0.0,0.0036372034188819433,59.40259120270686,1.0,0.018181818181818195,0.7075459328151734,0.43096491590936487,0.6023180061038378,0.007582741086562194,0.021653389055765967,0.0,0.45487101180375633,0.4620142376102898,0.40179403136433195,Banks—Regional,Financial Services,PB
2014Q3,2014,Q3,2014-11-07,2014-09-30,76570000.0,201774000.0,0.0,1.1,201774000.0,1.0,21117314000.0,3182950000.0,10061665000.0,282569000.0,17934364000.0,0.0,1087437000.0,3987664670.0,4114215670.0,45.63303751917535,35.60781614402146,0.021664829153935014,0.14373552836205408,0.0,45.63303751917535,0.024056299973295215,19.76302531545194,13.019670464934046,1.2528203930316215,0.21862348178137653,0.0,0.004197945761572775,0.009554908356242654,1.8975436088176694,0.003625934624071982,47.80226168784464,1.0,0.018518518518518535,0.7152531863342462,0.43049928323101544,0.5754717355529193,-0.011139590388488926,0.014091595369904378,0.0,0.41517229870003014,0.39666032411642976,0.38823005793931903,Banks—Regional,Financial Services,PB
2014Q2,2014,Q2,2014-08-06,2014-06-30,75506000.0,204047000.0,0.0,1.08,204047000.0,1.0,21248106000.0,3120594000.0,10179778000.0,191326000.0,18127512000.0,0.0,1027607000.0,4361154200.0,4219042200.0,44.79300099042588,53.20645390589883,0.01730700138638239,0.11784326958264997,0.0,44.79300099042588,0.024196034472924066,21.37328262606164,14.439760416390751,1.39753976326302,0.22167774746377772,0.0,0.0038379748186844666,0.00960306768047938,3.8408632386607153,0.0035535402543643182,56.24030176026823,1.0,0.06930693069306937,0.8849188300888198,0.48958112086267064,0.5901385498621247,0.20658620669264566,0.12465555505905834,0.0,0.4473900675282728,0.4127162892405237,0.3886693187933424,Banks—Regional,Financial Services,PB
2014Q1,2014,Q1,2014-05-08,2014-03-31,67137000.0,169111000.0,0.0,1.01,169111000.0,1.0,18913133000.0,2840754000.0,8359278000.0,32372000.0,16072379000.0,0.0,968839000.0,4378203900.0,4193025900.0,42.920768742634394,258.22556530334856,0.00870728292345853,0.05797122876532076,0.0,42.920768742634394,0.02363351420080725,25.88952758838869,16.303245229903037,1.541211910640626,0.236724905789654,0.0,0.003630027372640182,0.008941458826520175,16.62844433461016,0.0035497556116165416,39.729257447754556,1.0,0.03061224489795921,0.8348454034252633,0.32166505091190634,0.5446875464824815,0.010861118749028656,0.06615743755061854,0.0,0.39927054935677114,0.26651346113197855,0.3548253936510101,Banks—Regional,Financial Services,PB
2013Q4,2013,Q4,2014-02-28,2013-12-31,62971000.0,167294000.0,0.0,0.98,167294000.0,1.0,18642028000.0,2786818000.0,8421086000.0,0.0,15855210000.0,0.0,917595000.0,4058481360.0,3812411360.0,43.527708359365235,0.0,0.007237410007108668,0.04841363878086047,0.0,43.527708359365235,0.022596021699300063,24.25957511925114,16.1125016277334,1.4563137456410862,0.251385558431659,0.0,0.003900473747648307,0.00897402364163384,0.0,0.0033779050219214348,72.59733400114482,1.0,0.07692307692307687,0.9981496813612244,0.554536958438559,0.5982856965465119,0.151123985935554,0.1391692897716994,0.0,0.4014386346803894,0.3072217150562674,0.4006236799798226,Banks—Regional,Financial Services,PB
2013Q3,2013,Q3,2013-11-08,2013-09-30,55278000.0,145331000.0,0.0,0.91,145331000.0,1.0,16054279000.0,2389112000.0,6673679000.0,597267000.0,13665167000.0,0.0,870454000.0,3731672960.0,4152691960.0,39.59154182685934,11.173694511834741,0.04304185818621939,0.28923131272204905,0.0,39.59154182685934,0.02313746697517739,25.677061053732515,16.876845037808895,1.5619497788299586,0.23475885524078297,0.0,0.0034775287489287373,0.009052477535739848,0.7918502110446417,0.0034431941789475565,50.742065214435286,1.0,0.02247191011235957,1.7317764439148609,0.5642571363181647,0.4837406842401239,0.03242237172064475,0.026632493871183417,0.0,0.3282496525609079,0.19596921545914683,0.2916817720046726,Banks—Regional,Financial Services,PB
2013Q2,2013,Q2,2013-08-07,2013-06-30,53844000.0,140767000.0,0.0,0.89,140767000.0,1.0,16270718000.0,2345282000.0,6647857000.0,772189000.0,13925436000.0,0.0,828153000.0,3218555000.0,3834283000.0,38.92584232365145,8.609106060821897,0.053241043204116746,0.3693670953002667,0.0,38.92584232365145,0.022958433143647546,22.8644142448159,14.943888826981652,1.3723530901614391,0.24099249684273086,0.0,0.004031622886668086,0.008651554282976325,0.6197200426320499,0.0033092577721524027,74.82575440554238,1.0,0.03488372093023259,0.7102518063345242,0.5631874028567986,0.43388198956181595,0.09161477437515994,0.09205962884088835,0.0,0.31211033219331974,0.15978053409139517,0.29213701164233197,Banks—Regional,Financial Services,PB
2013Q1,2013,Q1,2013-05-09,2013-03-31,49305000.0,128953000.0,0.0,0.86,128953000.0,1.0,15081314000.0,2149455000.0,5626417000.0,526665000.0,12931859000.0,0.0,787285000.0,2697811920.0,3179057920.0,37.717677405769635,10.683104060455888,0.04388364303004367,0.3079027009172092,0.0,37.717677405769635,0.02293837275030182,20.92089303854893,13.67920048676605,1.255114398766199,0.2485751952134672,0.0,0.004542940858531012,0.008550514895452744,0.8063892607255086,0.0032692774648150685,24.263080492850076,1.0,0.011764705882352951,0.6638117972245984,0.5433716284790282,0.45173682134638854,0.048722369512532324,0.02152654042182903,0.0,0.2993362259319375,0.16077774800011052,0.2743030090352933,Banks—Regional,Financial Services,PB
2012Q4,2012,Q4,2013-02-28,2012-12-31,48266000.0,122962000.0,0.0,0.85,122962000.0,1.0,14583573000.0,2089389000.0,5692919000.0,246904000.0,12494184000.0,0.0,750236000.0,2369934000.0,2385790000.0,37.02817799989367,23.057216570002915,0.023437877672364653,0.16359232292311293,0.0,37.02817799989367,0.02310053321808433,19.27371057725151,12.275380184809183,1.1342713108951945,0.2513777814610699,0.0,0.005119551852498846,0.008431541433639068,2.409677445484885,0.0033096141802835288,515.2030434782608,1.0,0.03658536585365857,1.2091168144877578,0.4815578793197226,0.44875374272401025,-0.059355421087659975,0.04526160776160776,0.0,0.3026291387917669,0.07009736152135343,0.2756922470973437,Banks—Regional,Financial Services,PB
2012Q3,2012,Q3,2012-11-09,2012-09-30,46176000.0,130721000.0,0.0,0.82,130721000.0,1.0,13712119000.0,2038176000.0,5482971000.0,0.0,11673943000.0,0.0,714103000.0,2394442820.0,2384113820.0,36.42331748811609,0.0,0.014372103976052134,0.09669037413844536,0.0,36.42331748811609,0.022655550845461826,18.317200908805777,12.963676043832294,1.1747968870205516,0.23670304920304922,0.0,0.004564736275473056,0.009533245736855113,0.0,0.0033675320349830684,20.941793804334516,1.0,0.05128205128205118,0.5281302259341748,0.5743977781860364,0.4475310328189769,0.3431803703170917,0.2489451476793249,0.0,0.2893598770506451,0.15519701184789,0.2575079446220097,Banks—Regional,Financial Services,PB
2012Q2,2012,Q2,2012-08-09,2012-06-30,36972000.0,97322000.0,0.0,0.78,97322000.0,1.0,10737351000.0,1643817000.0,4220363000.0,0.0,9093534000.0,0.0,678857000.0,1994575680.0,2364478680.0,34.638760114632504,0.0,0.04864635607050566,0.31775617358866587,0.0,34.638760114632504,0.022491554716857168,20.494602248206984,13.487069133398247,1.2133806135354483,0.25037866493562694,0.0,0.004641087371525557,0.009063874320584286,0.0,0.0034433073855925918,65.20778344448803,1.0,0.012987012987012998,0.4699614543663776,0.3647884797325453,0.3893928750171454,0.01598271236337443,0.013292405514292761,0.0,0.3549401547730815,0.04299193607221406,0.22966594244213956,Banks—Regional,Financial Services,PB
2012Q1,2012,Q1,2012-05-09,2012-03-31,36487000.0,95791000.0,0.0,0.77,95791000.0,1.0,10889955000.0,1609533000.0,4132288000.0,0.0,9280422000.0,0.0,651142000.0,2163500400.0,2624624400.0,34.07284389686269,0.0,0.05625284952968125,0.380601702481403,0.0,34.07284389686269,0.02266930842672999,22.58563330584293,14.823775591306491,1.3441789637118344,0.25277496094499413,0.0,0.004262998980725865,0.008796271426282294,0.0,0.0033505188956244538,45.21705436077497,1.0,-0.0008993023128055075,0.5145251167937188,0.3925723865779149,0.26713727452509217,0.017408021072308606,0.002224907982200736,0.0,0.39717349109116,0.048935752882726405,0.2262571054195658,Banks—Regional,Financial Services,PB
2011Q4,2011,Q4,2012-02-29,2011-12-31,36406000.0,94152000.0,0.0,0.7706930860747703,94152000.0,1.0,9822671000.0,1567265000.0,4058546000.0,0.0,8255406000.0,0.0,623878000.0,1906053300.0,1791098300.0,33.17805580253186,0.0,0.00996113989769178,0.062430412214909414,0.0,33.17805580253186,0.02322900083904126,20.244427096609737,13.088867906389059,1.2161652943184467,0.25113992199088064,0.0,0.004796822838060195,0.009585172912744406,0.0,0.0037063238705643303,56.670431706011776,1.0,0.0009001117854159156,0.8413031366936788,0.7707204594054088,0.9806984367492714,-0.030550149816204863,0.0009072663789074314,0.0,0.5657113319304327,0.18577294823836776,0.21825876038795392,Banks—Regional,Financial Services,PB
2011Q3,2011,Q3,2011-11-09,2011-09-30,36373000.0,97119000.0,0.0,0.77,97119000.0,1.0,9567087000.0,1541339000.0,4029047000.0,0.0,8025748000.0,0.0,596615000.0,1532365200.0,1419742200.0,32.87137982512263,0.0,0.010310139334992982,0.06399500693877207,0.0,32.87137982512263,0.023598312895475947,15.778222592901493,10.532298683089104,0.9941779193285837,0.2256343991422209,0.0,0.0053557728927803895,0.010151365823264698,0.0,0.0038018887044719047,22.00630735427168,1.0,0.02666666666666669,0.5514182128385583,0.5102269160022295,0.6547097666497171,-0.00042198435570193495,0.03650404650632623,0.0,1.3132673002656885,0.34526532153507666,0.23189452451575354,Banks—Regional,Financial Services,PB
2011Q2,2011,Q2,2011-08-09,2011-06-30,35092000.0,97160000.0,0.0,0.75,97160000.0,1.0,9657147000.0,1511648000.0,3906028000.0,0.0,8145499000.0,0.0,568449000.0,2053580480.0,2241564480.0,32.2560600887675,0.0,0.0345748076528192,0.22088078706153813,0.0,32.2560600887675,0.023214399119371707,21.13606916426513,14.629976062920322,1.3585044137259468,0.23384247121851134,0.0,0.003995947604644157,0.01006094242947736,0.0,0.0036337854233760756,61.02039816960837,1.0,0.041666666666666706,0.5281736004599148,0.47039981845624473,0.6468233743990837,0.030547305897327112,0.03583446484444182,0.0,0.4330078181305972,0.38712434671898116,0.1881922356604973,Banks—Regional,Financial Services,PB
2011Q1,2011,Q1,2011-05-09,2011-03-31,33878000.0,94280000.0,0.0,0.72,94280000.0,1.0,9722947000.0,1480498000.0,3813976000.0,0.0,8242449000.0,0.0,541563000.0,1998770410.0000002,2166396410.0,31.679926390345152,0.0,0.03220700472809324,0.21151463899309556,0.0,31.679926390345152,0.02288284077384772,21.200364976665256,14.749766884113585,1.3500662682421727,0.241631737410709,0.0,0.004095517903929746,0.009696648557273839,0.0,0.00348433453355243,27.967347764034255,1.0,0.02590889688395633,0.575927611247653,0.53071424440283,0.8633357297295631,0.009270559016849722,0.03292883712421489,0.0,0.3940898148703567,0.3759998626420655,0.21934643916785965,Banks—Regional,Financial Services,PB
2010Q4,2010,Q4,2011-03-01,2010-12-31,32798000.0,93414000.0,0.0,0.7018167034001669,93414000.0,1.0,9476572000.0,1452339000.0,3747369000.0,0.0,8024233000.0,0.0,515871000.0,1835672240.0,2143395240.0,31.077375730212054,0.0,0.04924755491753769,0.32134233123258416,0.0,31.077375730212054,0.022582881820291268,19.650932836619777,13.99225745472285,1.2639419859963825,0.24910055491188487,0.0,0.004450685597337354,0.009857361923699836,0.0,0.0034609561347710965,67.00022775385065,1.0,0.017125657101691217,0.5543245747058132,0.5299791161815406,0.8701393667240784,-0.005398153767528029,0.01964807560778462,0.0,0.8125418138800463,0.3590110033981571,0.21592438070580527,Banks—Regional,Financial Services,PB
2010Q3,2010,Q3,2010-11-09,2010-09-30,32166000.0,93921000.0,0.0,0.69,93921000.0,1.0,9238502000.0,1429570000.0,3651265000.0,0.0,7808932000.0,0.0,491243000.0,1514400800.0,1537673800.0,30.65115780445969,0.0,0.017746491801376458,0.114685534811167,0.0,30.65115780445969,0.0225004721699532,16.124197996188286,11.770198346079711,1.059340081283183,0.22483367530933285,0.0,0.0047754861196586795,0.01016625855577019,0.0,0.0034817332939907357,26.527945066302312,1.0,0.014705882352941025,0.5325900330241289,0.5078230322529721,0.901453306928135,0.00026625202351537874,0.01323001323001323,0.0,0.27715837728606213,0.35717376807111184,0.2181345680075182,Banks—Regional,Financial Services,PB
2010Q2,2010,Q2,2010-08-09,2010-06-30,31746000.0,93896000.0,0.0,0.68,93896000.0,1.0,9608822000.0,1404134000.0,3674835000.0,0.0,8204688000.0,0.0,466309000.0,1619697500.0,1718502500.0,30.125166273331903,0.0,0.0257263585484256,0.17605157342532834,0.0,30.125166273331903,0.022608953276539133,17.249909474312005,12.755130567630568,1.1535206041588624,0.22758772758772758,0.0,0.004460709484332723,0.009771853407212663,0.0,0.0033038389097019387,69.53281961020005,1.0,0.030303030303030328,0.5479511088181033,0.5372197844907856,0.9157247261748098,0.034666666666666665,0.0241305890702626,0.0,0.28509146942504326,0.34064391299578667,0.20834842934210554,Banks—Regional,Financial Services,PB
2010Q1,2010,Q1,2010-05-10,2010-03-31,30998000.0,90750000.0,0.0,0.66,90750000.0,1.0,9218733000.0,1377907000.0,3617123000.0,0.0,7840826000.0,0.0,441788000.0,1908207470.0,1846817470.0,29.598672480828302,0.0,0.01173089620883911,0.07848425183992824,0.0,29.598672480828302,0.022496438438878677,21.02707955922865,15.38976280727789,1.384859406331487,0.2328537324988709,0.0,0.003782607558914964,0.009844085949772057,0.0,0.0033625011159342613,34.04412891830654,1.0,0.005102554875854726,0.5133289168910935,0.5078620607762688,0.6676442808498614,-0.04272151898734177,0.014033825116948543,0.0,0.3056170888479745,0.33870083547284174,0.10074701396941521,Banks—Regional,Financial Services,PB
2009Q4,2009,Q4,2010-03-01,2009-12-31,30569000.0,94800000.0,0.0,0.6566494103494941,94800000.0,1.0,8850400000.0,1351245000.0,3670883000.0,0.0,7499155000.0,0.0,418008000.0,1883999910.0,1807441910.0,29.02594891843705,0.0,0.013378491367621802,0.08762659621312198,0.0,29.02594891843705,0.02262284041754086,19.8734167721519,15.407765301449182,1.3942696624224327,0.2360234224214073,0.0,0.00382961801733844,0.010711380276597668,0.0,0.0034539681822290517,-317.9746683544304,1.0,0.04230065134840331,0.6870856659199157,0.7177970451938529,1.5257919592922737,0.023216656412913254,0.042527794829820616,0.0,0.5688354298630309,0.809141855049165,0.7328215972053796,Banks—Regional,Financial Services,PB
2009Q3,2009,Q3,2009-11-06,2009-09-30,29322000.0,92649000.0,0.0,0.63,92649000.0,1.0,8957332000.0,1327035000.0,3637767000.0,0.0,7630297000.0,0.0,394654000.0,1593925593.75,1819113593.75,28.964681808880705,0.0,0.03864097032464578,0.26082205819741,0.0,28.964681808880705,0.02209587539138003,17.203915787002558,13.58984375,1.2011179763532989,0.21628811131573564,0.0,0.003978855741364495,0.010343370101722253,0.0,0.0032735193917117285,58.84901582979509,1.0,0.10526315789473695,0.5609755957970043,0.6235088473089588,1.3471124071270095,0.02200675094314647,0.1060731799321011,0.0,0.28,0.4745019719470892,0.4580508068732249,Banks—Regional,Financial Services,PB
2009Q2,2009,Q2,2009-08-10,2009-06-30,26510000.0,90654000.0,0.0,0.57,90654000.0,1.0,8838599000.0,1298743000.0,3792361000.0,0.0,7539856000.0,0.0,371674000.0,1375312150.0,1352887150.0,28.169244116690162,0.0,0.013626028287967358,0.09273197237636699,0.0,28.169244116690162,0.02041204456924888,15.171003485781101,12.969748679743493,1.058956352411524,0.23915503583553377,0.0,0.004609862568290406,0.010256602884687946,0.0,0.0029993441268237196,-217.3719219219219,1.0,0.03636363636363619,0.43747966597982857,0.6570376556958915,1.580240850119653,0.01749817610415848,0.040505534186356856,0.0,0.17345280627302878,0.3945247735325957,0.43817222323049615,Banks—Regional,Financial Services,PB
2009Q1,2009,Q1,2009-05-11,2009-03-31,25478000.0,89095000.0,0.0,0.55,89095000.0,1.0,8799197000.0,1280548000.0,3738949000.0,0.0,7518649000.0,0.0,351504000.0,1260452100.0,1217880100.0,27.786052163346785,0.0,0.013717842662233838,0.09426120692078704,0.0,27.786052163346785,0.019896169452453167,14.147282114596779,12.368043998744014,0.9843067967776297,0.2487243896695188,0.0,0.005027561142545598,0.010125355756894635,0.0,0.0028954914863254,52.913483900759836,1.0,0.11735948864888708,0.41752821267255424,0.6234763321862576,1.5426744816589342,0.1501323178209514,0.12312100506942913,0.0,0.20181737939363534,0.46683926789546976,0.6343075784378235,Banks—Regional,Financial Services,PB
2008Q4,2008,Q4,2009-03-02,2008-12-31,22685000.0,77465000.0,0.0,0.4922319142472768,77465000.0,1.0,9072364000.0,1255106000.0,3875475000.0,0.0,7817258000.0,0.0,332363000.0,1363684740.0,1472903740.0,27.23399730937812,0.0,0.03545492663213248,0.25628114278793984,0.0,27.23399730937812,0.018074170627819484,17.603882269411994,15.02848512232753,1.0865096175143774,0.27930350451840424,0.0,0.004646235170161103,0.008538568337866514,0.0,0.0025004508196540616,65.61223729792148,1.0,0.4916118613553842,0.41478928213616223,0.4501982452002299,1.5640993013239215,0.09224088095540234,0.4685699488573833,0.0,0.09015382087989918,0.28657084246103104,0.6388568624220229,Banks—Regional,Financial Services,PB
2008Q3,2008,Q3,2008-11-06,2008-09-30,15447000.0,70923000.0,0.0,0.33,70923000.0,1.0,6787909000.0,1229180000.0,3512793000.0,0.0,5558729000.0,0.0,316014000.0,1565749350.0,1718095350.0,26.683599261912516,0.0,0.045954652603622116,0.25377568785694526,0.0,26.683599261912516,0.012566914528384777,22.076750137473034,25.34067051854729,1.273816161994175,0.3728232019162297,0.0,0.003678111059091291,0.010448431173723748,0.0,0.00227566397840631,46.89135844988171,1.0,-0.36538461538461536,-0.013733778292920128,0.46689182820122055,2.0049485675606387,0.057967987827617584,-0.3409139394973759,0.0,-0.25482109510932827,0.15282192873949063,0.6553246823820292,Banks—Regional,Financial Services,PB
2008Q2,2008,Q2,2008-08-08,2008-06-30,23437000.0,67037000.0,0.0,0.52,67037000.0,1.0,6793734000.0,1217605000.0,3567449000.0,0.0,5576129000.0,0.0,306326000.0,1198893960.0,1161746960.0,27.147172924284313,0.0,0.01977616433024902,0.11034284517557007,0.0,27.147172924284313,0.019248442639443825,17.884063427659353,12.788475060801298,0.9846329146151667,0.24567990783803387,0.0,0.004802760037259676,0.009867474940879346,0.0,0.0034497965330994706,40.11020274339244,1.0,0.0,0.5368847462489152,0.4190172376071005,2.1139357074717227,0.03653709373163868,0.021754294184322957,0.0,0.18759274867449588,0.14051429752719544,0.7263476637748281,Banks—Regional,Financial Services,PB
2008Q1,2008,Q1,2008-05-09,2008-03-31,22938000.0,64674000.0,0.0,0.52,64674000.0,1.0,6464733000.0,1146065000.0,3441955000.0,0.0,5318668000.0,0.0,288647000.0,1264236679.08,1342527679.08,25.981070984194655,0.0,0.03685303012514206,0.2078808793567555,0.0,25.981070984194655,0.020014571599342095,19.5478349735597,13.778846009678263,1.103110800068059,0.24082308832505014,0.0,0.0043694350048599125,0.010004125460401844,0.0,0.003548174379359519,39.863677841962534,1.0,0.3429742248243561,0.5294117424069738,0.3808453638995828,2.046316562250381,-0.003190456373976973,0.34297423887587825,0.0,0.18181821210004656,0.13407081930589385,0.46382188137695857,Banks—Regional,Financial Services,PB
2007Q4,2007,Q4,2008-02-29,2007-12-31,17080000.0,64881000.0,0.0,0.38720028306426313,64881000.0,1.0,6372343000.0,1127431000.0,3594715000.0,0.0,5244912000.0,0.0,273407000.0,1296438101.82,1262342101.82,25.55864182291717,0.0,0.022652735422434102,0.1280353298782808,0.0,25.55864182291717,0.015149485866540835,19.981783601054236,18.975967532494145,1.1499046077498312,0.3231264637002342,0.0,0.004257048595110073,0.010181655318930572,0.0,0.002680332806944008,30.93238456337087,1.0,-0.28296243876988314,0.14007343564876026,0.37117661898268467,2.1037872599370386,-0.00987364180197778,-0.28379738342837973,0.0,-0.005192059716961114,0.24072782531800793,1.2240724045976006,Banks—Regional,Financial Services,PB
2007Q3,2007,Q3,2007-11-09,2007-09-30,23848000.0,65528000.0,0.0,0.54,65528000.0,1.0,6170524000.0,1111245000.0,3451065000.0,0.0,5059279000.0,0.0,261846000.0,1480342519.7600002,1483256519.7600002,25.162374182185193,0.0,0.023478232966924688,0.13036999041615485,0.0,25.162374182185193,0.02146061399601348,22.590991938713227,15.518518531533044,1.3321477439808505,0.20806776249580677,0.0,0.003351926958636885,0.010619519509202136,0.0,0.003864825742513926,44.09455855355654,1.0,0.03846153846153849,0.6363636320966268,0.508639242503012,1.8818167433758293,0.005200263848195248,0.0371852302874788,0.0,0.3170731578491659,0.1912317173622872,1.0389977361212188,Banks—Regional,Financial Services,PB
2007Q2,2007,Q2,2007-08-09,2007-06-30,22993000.0,65189000.0,0.0,0.52,65189000.0,1.0,6184914000.0,1081576000.0,3455803000.0,0.0,5103338000.0,0.0,242959000.0,1421227702.4399998,1447192702.4399998,24.930860620834157,0.0,0.029121827724686227,0.16653106207977988,0.0,24.930860620834157,0.021258792724690636,21.801649088649924,15.452830235723914,1.3140340599643483,0.2143260992475971,0.0,0.003467424672020876,0.010540001041243257,0.0,0.0037175941330792957,43.21942897579369,1.0,0.040000000000000036,0.7666666244442837,0.5853966278446114,3.0919926810369587,0.12863796118353849,0.13663552325868802,0.0,0.3249999959661637,0.2663331632147916,1.283612039287978,Banks—Regional,Financial Services,PB
2007Q1,2007,Q1,2007-05-10,2007-03-31,20229000.0,57759000.0,0.0,0.5,57759000.0,1.0,6326699000.0,1066569000.0,3530907000.0,0.0,5260130000.0,0.0,224894000.0,1377951886.44,1453138886.44,26.889623233309734,0.0,0.03334772209014527,0.19781279973447569,0.0,26.889623233309734,0.018966424113207866,23.856920764556175,17.02941181521578,1.291948187543422,0.24301745019526422,0.0,0.0035676136796769474,0.009129405397664722,0.0,0.003197401994310145,10.789863488896545,1.0,0.19457613540537283,0.8545454387211228,0.6764725415597479,3.732994794919941,0.2936815463524985,0.2184676544994579,0.0,0.30769230543548465,0.22286093362357529,1.4606431462383256,Banks—Regional,Financial Services,PB
