Quarters,Year,Quarter,FillingDate,Date,NetIncome,Revenue,OperatingIncome,EPSDiluted,GrossProfit,GrossProfitRatio,TotalAssets,CommonStockEquity,CurrentAssets,CurrentLiability,TotalLiability,Inventory,RetainedEarnings,MarketCap,EnterpriseValue,bookValuePerShare,currentRatio,debtToAssets,debtToEquity,roic,shareholdersEquityPerShare,roe,priceToSalesRatio,peRatio,pbRatio,payoutRatio,inventoryTurnover,dividendYield,assetTurnover,quickRatio,returnOnAssets,priceToFreeCashFlowsRatio,grossProfitMargin,epsdilutedGrowth,fiveYNetIncomeGrowthPerShare,fiveYRevenueGrowthPerShare,fiveYShareholdersEquityGrowthPerShare,grossProfitGrowth,netIncomeGrowth,operatingIncomeGrowth,threeYNetIncomeGrowthPerShare,threeYRevenueGrowthPerShare,threeYShareholdersEquityGrowthPerShare,Industry,Sector,Symbol
2023Q1,2023,Q1,2023-05-03,2023-03-31,358300000.0,3036100000.0,472600000.0,1.8,2970500000.0,0.9783933336,62423800000.0,9247400000.0,12631700000.0,242600000.0,53176400000.0,0.0,13430400000.0,7837279072.0,11144679072.0,46.67782538291626,52.068013190436936,0.05498704019941112,0.371185414278608,0.029590981021698534,46.67782538291626,0.03874602590998551,2.581363944534106,5.468377806307564,0.8475116326751304,0.19313424504605078,0.0,0.008829594986253412,0.04863689810617104,52.068013190436936,0.005739797961674874,64.50435450205761,0.9783933335529132,0.2949640287769785,0.4673636322342277,0.17280620319280243,0.09035311884510956,0.17309059316009795,0.2814735336194564,0.1580494976721392,1.2837537956912284,0.06422310463702777,-0.03197948604554925,Insurance—Life,Financial Services,UNM
2022Q4,2022,Q4,2023-02-23,2022-12-31,279600000.0,3005700000.0,408100000.0,1.39,2532200000.0,0.8424659813,61434900000.0,9197500000.0,3041400000.0,192900000.0,52237400000.0,0.0,12912100000.0,8157806162.0,11468406162.0,46.25918016510969,15.766718506998444,0.055860756670882514,0.3731231312856755,0.02503442380379779,46.25918016510969,0.030399565099211743,2.7141119080413882,7.29417575286123,0.8869590825767871,0.23533619456366237,0.0,0.008065894027551668,0.04892495959137233,68.5054432348367,0.004551159031755566,25.062384522273426,0.8424659813021925,-0.3186274509803922,0.1796979426375676,0.1921526643304955,0.0817272701509216,-0.09725490196078432,-0.31921110299488675,-0.27423083763115774,-0.023879669335821533,0.024664079017685036,-0.045570753442393135,Insurance—Life,Financial Services,UNM
2022Q3,2022,Q3,2022-11-02,2022-09-30,410700000.0,2961900000.0,562300000.0,2.04,2805000000.0,0.947027246,60866700000.0,8659500000.0,13091600000.0,218700000.0,52207200000.0,0.0,12698300000.0,7759999999.999999,11045900000.0,43.2975,59.860996799268406,0.056339509124036624,0.3960043882441249,0.03707259987700301,43.2975,0.047427680582019745,2.619939903440359,4.723642561480399,0.8961256423581038,0.16094472851229608,0.0,0.008518041237113402,0.048662076307734774,59.860996799268406,0.006747531901680229,30.940988835725673,0.9470272460245113,0.11475409836065571,0.833743757431629,0.1835622539108226,0.032420332112693975,-0.03185724640182239,0.1088012958963283,0.14638124362895005,0.7658216210743802,0.03552446796142601,-0.06452567636737412,Insurance—Life,Financial Services,UNM
2022Q2,2022,Q2,2022-08-03,2022-06-30,370400000.0,3040900000.0,490500000.0,1.83,2897300000.0,0.9527771383,63121100000.0,9705100000.0,13429100000.0,238400000.0,53416000000.0,0.0,12353700000.0,6843180834.000001,10134580834.0,48.247665816396285,56.33011744966443,0.054542775712083595,0.3547413215731935,0.031185437950881436,48.247665816396285,0.038165500613079724,2.2503800960242035,4.618777560745141,0.7051118313051901,0.16279697624190065,0.0,0.008811691735574556,0.048175649663900026,56.33011744966443,0.00586808531536998,15.688172475928475,0.9527771383471998,0.4640000000000001,0.709170390206811,0.21871687007306767,0.17814910731706363,99.60069444444444,0.4611439842209073,0.36629526462395545,0.38235690968437336,0.05787545658950121,0.07743303824578772,Insurance—Life,Financial Services,UNM
2022Q1,2022,Q1,2022-05-06,2022-03-31,253500000.0,28800000.0,359000000.0,1.25,28800000.0,1.0,66471700000.0,10623100000.0,13614000000.0,0.0,55848600000.0,0.0,12043800000.0,6384833488.0,9721133488.0,52.42640730241703,0.0,0.051794974402640526,0.32409560297841494,0.02073041663384585,52.42640730241703,0.023863090811533358,221.69560722222224,6.296679968441815,0.60103298359236,0.2445759368836292,0.0,0.009710511654928219,0.0004332670896035456,0.0,0.0038136530282812083,21.002741736842104,1.0,0.6025641025641025,0.2483352481790996,-0.9883823127159744,0.3205325158853754,-0.9901930738584125,0.5873512836568566,0.481634337598019,-0.045563096586554705,-0.9898049106673626,0.23999548423464168,Insurance—Life,Financial Services,UNM
2021Q4,2021,Q4,2022-02-25,2021-12-31,159700000.0,2936700000.0,242300000.0,0.78,2936700000.0,1.0,70115600000.0,11416400000.0,13902200000.0,0.0,58699200000.0,0.0,11853200000.0,5003756667.0,8370956667.0,56.05807129869371,0.0,0.04909321178168624,0.30151361199677656,0.013584958809169078,56.05807129869371,0.013988647910024176,1.7038705577689244,7.833056773638072,0.4382954930626117,0.38447088290544773,0.0,0.012270780552726667,0.04188368922179943,0.0,0.0022776671667931246,13.887750949208993,1.0,-0.5125,-0.26799641946478225,0.19372621024856088,0.4470833525476799,0.0018080098246571604,-0.5139987827145466,0.0,-0.31687544377758575,0.08621346825657045,0.4109120452592886,Insurance—Life,Financial Services,UNM
2021Q3,2021,Q3,2021-11-03,2021-09-30,328600000.0,2931400000.0,0.0,1.6,2931400000.0,1.0,70597900000.0,11118200000.0,0.0,0.0,59479700000.0,0.0,11754800000.0,5127276000.0,8446976000.0,54.34115347018573,0.0,0.04874649245940743,0.3095285208037272,0.0,54.34115347018573,0.02955514381824396,1.7490878078733711,3.9008490566037737,0.4611606195247432,0.1865489957395009,0.0,0.011955666127588997,0.04152248154690154,0.0,0.004654529384018505,11.915584475947014,1.0,0.7977528089887641,0.5907621982537236,0.21198362604899681,0.3569150649449702,-0.0036707225885391883,0.7966101694915254,0.0,2.2348671115794403,0.07120800454229283,0.39645447331873607,Insurance—Life,Financial Services,UNM
2021Q2,2021,Q2,2021-08-04,2021-06-30,182900000.0,2942200000.0,0.0,0.89,2942200000.0,1.0,70807900000.0,10947500000.0,0.0,0.0,59860400000.0,0.0,11487600000.0,5807800000.0,9126100000.0,53.53300733496332,0.0,0.04860192153700364,0.31435487554236125,0.0,53.53300733496332,0.016707010733044075,1.9739650601590646,7.938490978676872,0.5305138159397123,0.31875341716785127,0.0,0.01003822445676504,0.04155186073870289,0.0,0.0025830451121979328,8.547167034584254,1.0,0.18666666666666668,-0.10524577909205042,0.2343273343930967,0.3849480657041402,-0.03302987478226575,0.1954248366013072,0.0,-0.308307049357923,0.09909447560328888,0.25127964299202893,Insurance—Life,Financial Services,UNM
2021Q1,2021,Q1,2021-05-06,2021-03-31,153000000.0,3042700000.0,0.0,0.75,3042700000.0,1.0,69256600000.0,10570100000.0,0.0,0.0,58686500000.0,0.0,11363200000.0,5681029739.0,8466029739.0,51.78038076100274,0.0,0.04832463620795707,0.31662898175040916,0.0,51.78038076100274,0.014474792102250689,1.8671015016268446,9.282728331699346,0.5374622509720816,0.38169934640522873,0.0,0.010279826489744768,0.04393371895241753,0.0,0.0022091757319879983,-29.450646651114567,1.0,0.1363636363636363,-0.14728084017465026,0.31039383209488614,0.3908253343874373,-0.288007488007488,0.12998522895125553,0.0,-0.39189643986716705,0.14068173953861268,0.20954434347771017,Insurance—Life,Financial Services,UNM
2020Q4,2020,Q4,2021-02-17,2020-12-31,135400000.0,4273500000.0,0.0,0.66,4273500000.0,1.0,70625800000.0,10871000000.0,0.0,0.0,59754800000.0,0.0,11269600000.0,4677466000.0,7826166000.0,53.31535066208926,0.0,0.04737220675730399,0.307763775181676,0.0,53.31535066208926,0.012455155919418637,1.0945281385281385,8.636384785819795,0.4302700763499218,0.42909896602658787,0.0,0.012421255440445745,0.06050904910103673,0.0,0.0019171464252440327,-6.673514053359966,1.0,-0.41592920353982293,-0.2866077434303528,0.8700019578547447,0.49474239959157884,0.4262590528318259,-0.414106447425357,0.0,-0.44293360768866236,0.652816309770133,0.2467291578232446,Insurance—Life,Financial Services,UNM
2020Q3,2020,Q3,2020-10-28,2020-09-30,231100000.0,2996300000.0,0.0,1.13,2996300000.0,1.0,69616000000.0,10892200000.0,0.0,0.0,58723800000.0,0.0,11192300000.0,3429953999.9999995,6704754000.0,53.44553483807655,0.0,0.04853194667892439,0.31018527019334935,0.0,53.44553483807655,0.021217017682378214,1.1447298334612688,3.7104651665945476,0.3149000201979398,0.25097360450021633,0.0,0.016909847770553193,0.043040393013100434,0.0,0.00331963916341071,8.481587537091986,1.0,-0.1307692307692309,0.36541963729377347,0.35747980041488786,0.5284210939464619,-0.020784992973626588,-0.1295668549905838,0.0,0.012604159495156659,0.1749836536685178,0.274398217621515,Insurance—Life,Financial Services,UNM
2020Q2,2020,Q2,2020-07-29,2020-06-30,265500000.0,3059900000.0,0.0,1.3,3059900000.0,1.0,69305200000.0,10561400000.0,0.0,0.0,58743800000.0,0.0,11019200000.0,3377724000.0,7005124000.0,51.87328094302554,0.0,0.054728938088339694,0.3591379930691007,0.0,51.87328094302554,0.02513871267066866,1.1038674466485834,3.180531073446328,0.31981782718200236,0.2184557438794727,0.0,0.017171326017164222,0.044151088230031804,0.0,0.0038308813768663822,5.685446894462212,1.0,0.6455696202531646,0.44355786656062474,0.38021797314354866,0.5125163707215192,0.045190599808717036,0.6490683229813664,0.0,0.2103886469497635,0.2115848984752137,0.26668220322202424,Insurance—Life,Financial Services,UNM
2020Q1,2020,Q1,2020-05-05,2020-03-31,161000000.0,2927600000.0,0.0,0.79,2927600000.0,1.0,65335900000.0,9803100000.0,0.0,0.0,55532800000.0,0.0,10812000000.0,3051533000.0,6028433000.0,48.219872110181996,0.0,0.050724027678504466,0.3380665299752119,0.0,48.219872110181996,0.016423376278932176,1.042332627408116,4.738405279503105,0.3112824514694331,0.3590062111801242,0.0,0.018941299340364336,0.044808443749913905,0.0,0.002464188906864373,16.877948008849557,1.0,-0.45138888888888884,-0.0644848492129742,0.36802106483484837,0.39588368140871455,-0.034846536775129396,-0.45644834571235654,0.0,-0.20978923876096603,0.17707118137757114,0.21457701013195316,Insurance—Life,Financial Services,UNM
2019Q4,2019,Q4,2020-02-18,2019-12-31,296200000.0,3033300000.0,0.0,1.44,3033300000.0,1.0,67013400000.0,9965000000.0,0.0,0.0,57048400000.0,0.0,10728700000.0,5995296000.0,9237796000.0,48.467898832684824,0.0,0.04964081810503571,0.3338283993978926,0.0,48.467898832684824,0.02972403411941796,1.9764929284937196,5.060175557056043,0.6016353236327145,0.1988521269412559,0.0,0.009824368971940667,0.0452640815120558,0.0,0.004420011520084043,13.582455822383325,1.0,0.24137931034482762,2.3005920488103087,0.410377157324179,0.4279242695965653,0.019219784281442154,0.22396694214876034,0.0,0.34481101732145086,0.22131706809721155,0.25115059988476096,Insurance—Life,Financial Services,UNM
2019Q3,2019,Q3,2019-10-30,2019-09-30,242000000.0,2976100000.0,0.0,1.16,2976100000.0,1.0,66955700000.0,9631600000.0,0.0,0.0,57324100000.0,0.0,10491500000.0,6184666616.0,9544966616.0,46.2840068467807,0.0,0.05133692874542421,0.35687736201669507,0.0,46.2840068467807,0.02512562814070352,2.0781111575551896,6.389118404958677,0.6421224527596661,0.24545454545454545,0.0,0.009604398052164951,0.044448792261151775,0.0,0.0036143300719729612,22.779619211786372,1.0,-0.12781954887218056,0.3338542709412718,0.3899162169732717,0.26975596455469325,-0.013458414824145589,-0.13940256045519203,0.0,0.151837489188387,0.20978258743118536,0.15572567282492436,Insurance—Life,Financial Services,UNM
2019Q2,2019,Q2,2019-07-31,2019-06-30,281200000.0,3016700000.0,0.0,1.33,3016700000.0,1.0,65843700000.0,9453100000.0,0.0,0.0,56390600000.0,0.0,10308900000.0,7266062000.0,10546462000.0,44.780198957839886,0.0,0.05074441442385528,0.35345019094265373,0.0,44.780198957839886,0.029746855528874128,2.4086127225113536,6.459870199146515,0.7686433021971629,0.19630156472261737,0.0,0.007596962426139496,0.04581607655705861,0.0,0.0042707199018281175,18.67402210228733,1.0,0.015267175572519097,0.41062104733672916,0.38299247608491843,0.2440424388906263,0.00974025974025974,0.001067995728017088,0.0,0.3326326385599243,0.22601379769444166,0.15850487420686574,Insurance—Life,Financial Services,UNM
2019Q1,2019,Q1,2019-05-01,2019-03-31,280900000.0,2987600000.0,0.0,1.31,2987600000.0,1.0,63921700000.0,9060500000.0,0.0,0.0,54861200000.0,0.0,10083100000.0,7446925000.0,10343525000.0,42.27951469902006,0.0,0.0462863159146268,0.3265493074333646,0.0,42.27951469902006,0.031002704045030628,2.492611125987415,6.627736739053043,0.8219110424369517,0.19829120683517265,0.0,0.0074795972834424945,0.04673843154984927,0.0,0.004394438821245367,15.238234090444035,1.0,0.13913043478260884,0.4854353236797467,0.384990347661987,0.2246174071179029,0.037073035267981114,0.1276595744680851,0.0,0.49127595355624604,0.22562282937161096,0.13563128167048275,Insurance—Life,Financial Services,UNM
2018Q4,2018,Q4,2019-02-19,2018-12-31,249100000.0,2880800000.0,0.0,1.15,2880800000.0,1.0,61875600000.0,8621800000.0,0.0,0.0,53253800000.0,0.0,9863100000.0,6375460000.0,9252760000.0,39.731797235023045,0.0,0.04802054444724577,0.3446264121181192,0.0,39.731797235023045,0.028891878726020087,2.213086642599278,6.398494580489763,0.7394581177944279,0.22240064231232437,0.0,0.008689569066388935,0.046557932367524514,0.0,0.004025819547608427,15.76133498145859,1.0,1.8846153846153846,0.3549889167590269,0.34028803001539204,0.19804278251371588,-0.016053009085320036,1.8749560941341763,0.0,0.23322109828651316,0.18448333064753122,0.11391562095443124,Insurance—Life,Financial Services,UNM
2018Q3,2018,Q3,2018-10-25,2018-09-30,-284700000.0,2927800000.0,0.0,-1.3,2927800000.0,1.0,62249800000.0,8518200000.0,0.0,0.0,53731600000.0,0.0,9670800000.0,8587446999.999999,11356747000.0,38.91365920511649,0.0,0.047927864828481374,0.35025005282806226,0.0,38.91365920511649,-0.03342255406071705,2.9330715895894524,-7.540785914998243,1.0081292996172901,-0.19985950122936424,0.0,0.006625950646332956,0.047033082837213934,0.0,-0.004573508669907373,24.444768004554508,1.0,-2.007751937984496,-2.6625467775035516,0.38412250873147913,0.1801968263817407,0.01297443171989067,-1.997197898423818,0.0,-2.5660732962699124,0.23494582483560025,0.11284240586120496,Insurance—Life,Financial Services,UNM
2018Q2,2018,Q2,2018-07-31,2018-06-30,285500000.0,2890300000.0,0.0,1.29,2890300000.0,1.0,62366600000.0,9446400000.0,0.0,0.0,52920200000.0,0.0,10012400000.0,8167392000.0,11265592000.0,42.78260869565217,0.0,0.05127263631495063,0.33850990853658536,0.0,42.78260869565217,0.03022315379403794,2.8257938622288346,7.151831873905429,0.8646036585365855,0.17828371278458843,0.0,0.006232099549035971,0.046343716027489074,0.0,0.004577770793982677,22.327479496992893,1.0,0.04878048780487809,0.570797595649439,0.33603118285477435,0.3556747017594464,-0.0032073389433025243,0.043875685557586835,0.0,0.4313784996155512,0.20215944347332945,0.24745138263800207,Insurance—Life,Financial Services,UNM
2018Q1,2018,Q1,2018-05-02,2018-03-31,273500000.0,2899600000.0,0.0,1.23,2899600000.0,1.0,63012300000.0,9499500000.0,0.0,0.0,53512800000.0,0.0,9777800000.0,10564659000.0,13177659000.0,42.809824245155475,0.0,0.04637031182800818,0.30758460971630086,0.0,42.809824245155475,0.02879098899942102,3.6434884121947855,9.656909506398538,1.1121279014684984,0.19159049360146252,0.0,0.004959932923533074,0.04601641266863771,0.0,0.004340422425462965,39.01277326440177,1.0,0.033613445378151294,0.5616067843269259,0.34097132257240836,0.34746108375250406,0.02127359819667512,0.024728362682652678,0.0,0.4560032902570163,0.2413641920241932,0.2392719526763201,Insurance—Life,Financial Services,UNM
2017Q4,2017,Q4,2018-02-21,2017-12-31,266900000.0,2839200000.0,0.0,1.19,2839200000.0,1.0,64013100000.0,9574900000.0,0.0,0.0,54438200000.0,0.0,9542200000.0,12289871000.0,15150771000.0,42.7641804376954,0.0,0.04590154202811612,0.30687526762681594,0.0,42.7641804376954,0.027874964751590094,4.328638701042547,11.51168134132634,1.2835508464840364,0.19445485200449605,0.0,0.004222989810063913,0.044353421409055335,0.0,0.004169459063847868,50.61726112026359,1.0,0.062499999999999854,0.3935865253986951,0.30443943357991005,0.3577366958060045,0.007129935085665638,0.05786761791518034,0.0,2.076152034227928,0.2122296533126936,0.2598856683923915,Insurance—Life,Financial Services,UNM
2017Q3,2017,Q3,2017-10-26,2017-09-30,252300000.0,2819100000.0,0.0,1.12,2819100000.0,1.0,63805700000.0,9448600000.0,0.0,0.0,54357100000.0,0.0,9327200000.0,11519589000.0,14403489000.0,41.93786063027075,0.0,0.04629680420401312,0.3126389094680693,0.0,41.93786063027075,0.02670236860487268,4.086264765350644,11.414574910820452,1.2191847469466377,0.20531113753468094,0.0,0.004496688206497645,0.0441825730303092,0.0,0.0039541921803224475,55.62331723804925,1.0,0.04672897196261686,0.35409412909054955,0.32532394511630364,0.34592239447827305,-0.0010276399716513112,0.02937576499388005,0.0,0.2844481141080701,0.2160680575410197,0.15052374035446356,Insurance—Life,Financial Services,UNM
2017Q2,2017,Q2,2017-07-28,2017-06-30,245100000.0,2822000000.0,0.0,1.07,2822000000.0,1.0,63381600000.0,9316600000.0,0.0,0.0,54065000000.0,0.0,9126700000.0,10608325000.0,13459725000.0,40.95208791208791,0.0,0.04683378141290217,0.31861408668398344,0.0,40.95208791208791,0.026307880557284846,3.7591513111268604,10.820404936760507,1.1386476826310028,0.1868625050999592,0.0,0.0043173639570808775,0.04452396279046285,0.0,0.003867052898633042,33.83835725677831,1.0,4.3500000000000005,0.41051162234364524,0.3424390305491904,0.3835612333017917,0.005522893283449136,0.06611570247933884,0.0,0.14089371247309385,0.2004706203914797,0.137693366922788,Insurance—Life,Financial Services,UNM
2017Q1,2017,Q1,2017-04-27,2017-03-31,229900000.0,2806500000.0,0.0,0.2,2806500000.0,1.0,62524700000.0,9107400000.0,0.0,0.0,53417300000.0,0.0,8927400000.0,10756566000.0,13634166000.0,39.70095902353967,0.0,0.047734735232636064,0.327711531282254,0.0,39.70095902353967,0.025243208819201966,3.832733297701764,11.697005219660722,1.181079781276764,0.20226185297955632,0.0,0.004322940983209698,0.04488626094967269,0.0,0.00367694687059674,38.32050587816174,1.0,-0.8130841121495328,0.36074103697146004,0.3606786594417243,0.4095929292919969,0.0035758984444841766,-0.07298387096774193,0.0,0.13571598064051457,0.21539683192107506,0.14993007477988193,Insurance—Life,Financial Services,UNM
2016Q4,2016,Q4,2017-02-22,2016-12-31,248000000.0,2796500000.0,0.0,1.07,2796500000.0,1.0,61941500000.0,8968000000.0,0.0,0.0,52973500000.0,0.0,8744000000.0,10169795000.0,13068795000.0,38.73866090712743,0.0,0.04842310890114059,0.33445584299732384,0.0,38.73866090712743,0.027653880463871544,3.6366154121222958,10.25180947580645,1.1340092551293488,0.1870967741935484,0.0,0.004562530513151937,0.045147437501513524,0.0,0.004003777758045898,30.240246803449303,1.0,0.05940594059405946,1.787571198648255,0.450360858886203,0.41252394905154716,0.012014620200484927,0.05084745762711865,0.0,0.2645104847308419,0.21957522340289962,0.16809649534604898,Insurance—Life,Financial Services,UNM
2016Q3,2016,Q3,2016-10-27,2016-09-30,236000000.0,2763300000.0,0.0,1.01,2763300000.0,1.0,63905100000.0,9361200000.0,0.0,0.0,54543900000.0,0.0,8542400000.0,8253783120.000001,11185683120.0,40.04757178548205,0.0,0.04725444448095692,0.3225868478400205,0.0,40.04757178548205,0.025210443105584755,2.9869298013245036,8.743414322033898,0.881701397256762,0.19830508474576272,0.0,0.005670127179207975,0.04324068032128891,0.0,0.0036929759909615978,47.164474971428575,1.0,0.010000000000000009,0.464267604010929,0.3847438214852529,0.2623138813451632,0.000724296526998153,-0.0033783783783783786,0.0,0.290591603984082,0.22335242717246054,0.2145868081022418,Insurance—Life,Financial Services,UNM
2016Q2,2016,Q2,2016-07-28,2016-06-30,236800000.0,2761300000.0,0.0,1.0,2761300000.0,1.0,63853100000.0,9157000000.0,0.0,0.0,54696100000.0,0.0,8353200000.0,7531051000.0,10830551000.0,38.65344027015618,0.0,0.053142290664039804,0.3705689636343781,0.0,38.65344027015618,0.025859997815878562,2.727357041972984,7.95085620777027,0.8224364966692148,0.1866554054054054,0.0,0.0058690347469430235,0.04324457230737427,0.0,0.0037085121943962,30.90295855560115,1.0,0.13636363636363635,0.33240606220249147,0.3922454773710369,0.30358210246651024,0.013172378366478315,0.12440645773979107,0.0,0.21431069941610076,0.18965565405015994,0.22483160115352932,Insurance—Life,Financial Services,UNM
2016Q1,2016,Q1,2016-04-28,2016-03-31,210600000.0,2725400000.0,0.0,0.88,2725400000.0,1.0,61967900000.0,8920300000.0,0.0,0.0,53047600000.0,0.0,8160600000.0,7408432000.0,10081632000.0,37.22996661101836,0.0,0.04508624626621202,0.3132069549230407,0.0,37.22996661101836,0.023609071443785525,2.71829162691715,8.79443494776828,0.8305137719583423,0.21462488129154797,0.0,0.006101156088089895,0.043980835238889814,0.0,0.0033985337569935404,26.832423035132198,1.0,-0.053763440860215096,0.2195629751226904,0.38792013707511563,0.2960422559355681,0.0011019688510138113,-0.06855373728438743,0.0,0.11363587194555996,0.16729906951555948,0.17183221473816992,Insurance—Life,Financial Services,UNM
2015Q4,2015,Q4,2016-02-24,2015-12-31,226100000.0,2722400000.0,0.0,0.93,2722400000.0,1.0,60589700000.0,8663900000.0,0.0,0.0,51925800000.0,0.0,7995200000.0,8086141000.0,10800741000.0,35.668587896253605,0.0,0.046666347580529365,0.32635418229665625,0.0,35.668587896253605,0.026096792437585843,2.970225168968557,8.940890092879256,0.9333142118445503,0.19902697921273774,0.0,0.005565077334169661,0.04493172932033002,0.0,0.0037316573609045764,30.421899924755454,1.0,0.12048192771084348,0.2892458310253904,0.35173569379637,0.24715757529029486,0.02430581684099631,0.10942100098135427,0.0,0.0882094821304703,0.15293931210721237,0.13245595212289005,Insurance—Life,Financial Services,UNM
2015Q3,2015,Q3,2015-10-29,2015-09-30,203800000.0,2657800000.0,0.0,0.83,2657800000.0,1.0,61503800000.0,8581100000.0,0.0,0.0,52922700000.0,0.0,7814100000.0,7872432000.0,10486332000.0,34.9678076609617,0.0,0.0442769389858838,0.3173485916723963,0.0,34.9678076609617,0.02374986889792684,2.962010685529385,9.657055937193327,0.9174152497931499,0.22423945044160942,0.0,0.005805067608078419,0.04321359005459825,0.0,0.003313616394434165,31.14094936708861,1.0,-0.07777777777777785,0.21519311137982358,0.3842119541883243,0.26595632581469664,-0.016976735584569295,-0.09139545251894783,0.0,0.004205088321908557,0.147150750126219,0.12223071728953441,Insurance—Life,Financial Services,UNM
2015Q2,2015,Q2,2015-07-30,2015-06-30,224300000.0,2703700000.0,0.0,0.9,2703700000.0,1.0,61706800000.0,8515700000.0,0.0,0.0,53191100000.0,0.0,7656000000.0,8876725000.0,11486825000.0,34.296012887635925,0.0,0.0442852327458238,0.3209013938959804,0.0,34.296012887635925,0.026339584532099534,3.2831767577763804,9.893808515381187,1.0423952229411557,0.18368256798930005,0.0,0.004641351399305486,0.04381526833347378,0.0,0.0036349316444865072,29.142235718975705,1.0,0.0714285714285715,0.42689714347308944,0.43662295653798,0.28048746414632314,0.0212661479187127,0.05354626585251292,0.0,0.18268016379774332,0.17842173351262708,0.1586865605000228,Insurance—Life,Financial Services,UNM
2015Q1,2015,Q1,2015-04-30,2015-03-31,212900000.0,2647400000.0,0.0,0.84,2647400000.0,1.0,63014500000.0,8687900000.0,0.0,0.0,54326600000.0,0.0,7472900000.0,8483094999.999999,11154195000.0,34.54433399602386,0.0,0.043723270041022305,0.3171307220386975,0.0,34.54433399602386,0.024505346516419387,3.20431177759311,9.961360967590418,0.9764264091437516,0.19868482855800845,0.0,0.004986387633287143,0.042012552666449786,0.0,0.0033785874679637226,23.008123135340384,1.0,1.7499999999999998,0.22399336638480694,0.36540559133208234,0.3072655961736247,0.004439048450127101,1.7628090290218559,0.0,0.14939048263388352,0.1707536369973017,0.22650560957544755,Insurance—Life,Financial Services,UNM
2014Q4,2014,Q4,2015-02-25,2014-12-31,-279100000.0,2635700000.0,0.0,-1.12,2635700000.0,1.0,62497100000.0,8552400000.0,0.0,0.0,53944700000.0,0.0,7332800000.0,8788514295.68,11466614295.68,33.94290570212002,0.0,0.04449166441322877,0.3251251110799308,0.0,33.94290570212002,-0.03263411440063608,3.3344137404408696,-7.872191235829452,1.0276079574949721,-0.1494088140451451,0.0,0.004744829284797051,0.04217315683447712,0.0,-0.004465807213454704,53.23146151229558,1.0,-2.2873563218390807,-2.8458103978950056,0.3921929046246486,0.3268333391636052,0.010078945351421783,-2.2623247399366804,0.0,0.18565208372905492,0.25594098192750386,0.23765680284063553,Insurance—Life,Financial Services,UNM
2014Q3,2014,Q3,2014-10-30,2014-09-30,221100000.0,2609400000.0,0.0,0.87,2609400000.0,1.0,61960600000.0,9244000000.0,0.0,0.0,52716600000.0,0.0,8658000000.0,8718768000.0,11581868000.0,36.451104100946374,0.0,0.047186437833074565,0.3162808308091735,0.0,36.451104100946374,0.023918217221981827,3.341292251092205,9.858398914518318,0.9431813067935959,0.18995929443690637,0.0,0.004817194355899824,0.04211385945261989,0.0,0.0035683966908002826,39.95769019248396,1.0,-0.07446808510638293,0.3068266206624606,0.3545316321575469,0.46552290202642066,-0.016619559072922556,-0.08824742268041237,0.0,0.2644547138673914,0.20528053621378226,0.14895192506184957,Insurance—Life,Financial Services,UNM
2014Q2,2014,Q2,2014-07-31,2014-06-30,242500000.0,2653500000.0,0.0,0.94,2653500000.0,1.0,62218100000.0,9243700000.0,0.0,0.0,52974400000.0,0.0,8478900000.0,8926368000.0,11721168000.0,35.99571651090343,0.0,0.04671952373987634,0.31446282332832093,0.0,35.99571651090343,0.026234083754340793,3.3639977388355002,9.202441237113401,0.9656704566353299,0.15422680412371134,0.0,0.004189833983989905,0.042648361168213106,0.0,0.0038975796432227923,23.546209443418622,1.0,0.06818181818181812,0.1703981275183278,0.3021231503115265,0.5940262929511135,0.01623836697177435,0.059414591524683265,0.0,0.2587418922030941,0.23421652290302702,0.2139507242076171,Insurance—Life,Financial Services,UNM
2014Q1,2014,Q1,2014-05-08,2014-03-31,228900000.0,2611100000.0,0.0,0.88,2611100000.0,1.0,61078600000.0,8955700000.0,0.0,0.0,52122900000.0,0.0,8273800000.0,9159414000.0,12154614000.0,34.52467232074017,0.0,0.050286024892515546,0.34295476623826165,0.0,34.52467232074017,0.02555914110566455,3.5078756079813105,10.003728702490172,1.022746853958931,0.1673219746614242,0.0,0.004181490213238532,0.042749833820683515,0.0,0.0037476301028510806,26.418846264782232,1.0,0.047619047619047665,0.7702188780097562,0.35973502442350325,0.7782404823790972,0.009628025674735132,0.03481012658227848,0.0,0.22435821314835463,0.2282154949422003,0.20186608458482375,Insurance—Life,Financial Services,UNM
2013Q4,2013,Q4,2014-02-26,2013-12-31,221200000.0,2586200000.0,0.0,0.84,2586200000.0,1.0,59403600000.0,8659100000.0,0.0,0.0,50744500000.0,0.0,8083200000.0,9159388000.0,11830288000.0,33.1639218690157,0.0,0.04654600057908948,0.31931725006062983,0.0,33.1639218690157,0.025545380004850387,3.5416394710385894,10.351930379746834,1.0577759813375525,0.17043399638336348,0.0,0.004115995522844976,0.043536081988297004,0.0,0.0037236800463271587,42.30664203233256,1.0,0.07692307692307684,5.704613876880845,0.41009047869630766,0.7147477361470741,0.017828328545003738,0.07535245503159942,0.0,0.1733860993500619,0.19460023583489622,0.15958154849249465,Insurance—Life,Financial Services,UNM
2013Q3,2013,Q3,2013-11-05,2013-09-30,205700000.0,2540900000.0,0.0,0.78,2540900000.0,1.0,59585800000.0,8669900000.0,0.0,0.0,50915900000.0,0.0,7899700000.0,8004074230.96,10853374230.96,32.97217746671831,0.0,0.0488757388505315,0.33590929537826275,0.0,32.97217746671831,0.023725763849640712,3.150094152056358,9.727849089645115,0.9232026010634495,0.18667963052989792,0.0,0.004797556705742138,0.042642710175914394,0.0,0.003452164777514106,30.6434694906585,1.0,-0.04878048780487796,1.44274711807471,0.3340908766509961,0.650769478805743,-0.02344440601099197,-0.05901189387008234,0.0,0.14467845795035106,0.23502563012218772,0.1937075679604918,Insurance—Life,Financial Services,UNM
2013Q2,2013,Q2,2013-08-06,2013-06-30,218600000.0,2601900000.0,0.0,0.82,2601900000.0,1.0,59366200000.0,8380600000.0,0.0,0.0,50985600000.0,0.0,7732400000.0,7897766801.58,10801166801.58,31.558167044149506,0.0,0.04971178886302307,0.35214662434670546,0.0,31.558167044149506,0.026084051261246213,3.0353844504323764,9.03221271909881,0.9423867982698135,0.1587374199451052,0.0,0.004393647074139748,0.04382796945063016,0.0,0.0036822299557660756,43.110080794650656,1.0,0.03797468354430369,0.18334143065685157,0.26512021386590506,0.4223821715376042,-0.008724474245656812,0.028222013170272814,0.0,0.3002502028186473,0.2926718149066108,0.17826633153725113,Insurance—Life,Financial Services,UNM
2013Q1,2013,Q1,2013-05-02,2013-03-31,212600000.0,2624800000.0,0.0,0.79,2624800000.0,1.0,61611400000.0,8557800000.0,0.0,0.0,53053600000.0,0.0,7548500000.0,7555579584.3,10600079584.3,31.770731460337004,0.0,0.05107009417088396,0.3676762719390498,0.0,31.770731460337004,0.02484283343850055,2.8785353490932644,8.884736105714957,0.8828880768772348,0.16792097836312322,0.0,0.004724984973248414,0.042602505380497764,0.0,0.0034506601051104177,28.500866029045643,1.0,-0.07058823529411758,0.6793084910807047,0.3310093564188071,0.4433807868912627,-0.01256489353697991,-0.0910645575032065,0.0,0.1412209440913558,0.263983487296197,0.2023038049640823,Insurance—Life,Financial Services,UNM
2012Q4,2012,Q4,2013-02-22,2012-12-31,233900000.0,2658200000.0,0.0,0.85,2658200000.0,1.0,62236100000.0,8612600000.0,0.0,0.0,53623500000.0,0.0,7371600000.0,5693120881.74,9282820881.74,31.496666894098304,0.0,0.058920787131584405,0.4257715440169055,0.0,31.496666894098304,0.027157884959245756,2.141720292581446,6.084994529435656,0.6610223256322133,0.1526293287729799,0.0,0.006270725800764824,0.04271154522857313,0.0,0.0037582689146652827,13.370410713339595,1.0,0.02838586973617666,0.8494458009412009,0.2761295416563963,0.3594713325829447,0.011491628614916287,0.016072980017376195,0.0,0.42536726517607826,0.29377990167463275,0.23120949262190119,Insurance—Life,Financial Services,UNM
2012Q3,2012,Q3,2012-11-01,2012-09-30,230200000.0,2628000000.0,0.0,0.826538,2628000000.0,1.0,62119600000.0,8673300000.0,0.0,0.0,53446300000.0,0.0,7173400000.0,5425127567.839999,8611327567.84,31.159196698355956,0.0,0.052154231514691014,0.3735371773142864,0.0,31.159196698355956,0.026541224216849412,2.064355999939117,5.8917545263249345,0.6254975116553099,0.1585577758470895,0.0,0.006727952392561412,0.04230548812291129,0.0,0.0037057547054391853,19.74928128081543,1.0,0.08754999999999998,0.5903908209086053,0.3007436765384314,0.43092998377815883,0.0038580541655525422,0.06377079482439926,0.0,0.2396117465655694,0.24286794701437692,0.2527608558502102,Insurance—Life,Financial Services,UNM
2012Q2,2012,Q2,2012-08-02,2012-06-30,216400000.0,2617900000.0,0.0,0.76,2617900000.0,1.0,60678700000.0,8385900000.0,0.0,0.0,52292800000.0,0.0,6979700000.0,5419846481.48,8389246481.48,29.599042620150637,0.0,0.04956269662995417,0.35862578852597815,0.0,29.599042620150637,0.025805220668026093,2.0703030984682376,6.261375325184843,0.646304687806914,0.13955637707948243,0.0,0.00557211354660977,0.043143640190050216,0.0,0.003566325580475521,15.494129449628359,1.0,0.04109589041095894,0.7359314217707792,0.20932146379764888,0.4007853967367624,0.0025274767357255008,0.01168770453482936,0.0,-0.05332232388325457,0.16441830914369257,0.31075741104942267,Insurance—Life,Financial Services,UNM
2012Q1,2012,Q1,2012-05-02,2012-03-31,213900000.0,2611300000.0,0.0,0.73,2611300000.0,1.0,59571800000.0,8179900000.0,0.0,0.0,51391900000.0,0.0,6793500000.0,7109713866.24,9932213866.24,28.164839790648255,0.0,0.04910041328279488,0.35758383354319734,0.0,28.164839790648255,0.026149463929876892,2.72267218099797,8.309623499579242,0.8691687998924192,0.14679756895745674,0.0,0.004416492785891258,0.04383449887362813,0.0,0.0035906250944238716,21.590385260370482,1.0,1.5394062098216263,0.4163374257118989,0.18546981532954407,0.3091790592079152,0.00249539312039312,1.502820874471086,0.0,0.47747867842789904,0.21455395031660707,0.45066860679124315,Insurance—Life,Financial Services,UNM
2011Q4,2011,Q4,2012-02-24,2011-12-31,-425400000.0,2604800000.0,0.0,-1.35334,2604800000.0,1.0,60179000000.0,8577000000.0,0.0,0.0,51602000000.0,0.0,7031200000.0,6589480261.0,9355380261.0,27.425135646824877,0.0,0.04789876867345752,0.3360732190742684,0.0,27.425135646824877,-0.049597761455054214,2.5297451861947176,-3.87252013457922,0.7682733194590183,-0.07216737188528444,0.0,0.004658941036928011,0.043284202130311235,0.0,-0.0070689110819388825,16.270321632098767,1.0,-2.9613623188405795,-2.6892442612790997,0.11626500577575336,0.21827966491997777,0.023255813953488372,-3.0690661478599224,0.0,-11.764810290090605,0.1857127831586647,0.4180225562482649,Insurance—Life,Financial Services,UNM
2011Q3,2011,Q3,2011-11-02,2011-09-30,205600000.0,2545600000.0,0.0,0.69,2545600000.0,1.0,60040900000.0,9460100000.0,0.0,0.0,50580800000.0,0.0,7487300000.0,6249973487.68,9126673487.68,31.725525938767337,0.0,0.048781747109053995,0.3096056067060602,0.0,31.725525938767337,0.021733385482183065,2.4552064297925833,7.599675933463035,0.6606667464064863,0.1556420233463035,0.0,0.0051200217189846745,0.042397765523168374,0.0,0.0034243324134048624,36.12701437965318,1.0,-0.08000000000000007,4.628963605624803,0.07477592735782705,0.4005583081536463,-0.00736985767206083,-0.10530896431679722,0.0,1.1530141844345574,0.1786030648391759,0.5883552116520114,Insurance—Life,Financial Services,UNM
2011Q2,2011,Q2,2011-08-03,2011-06-30,229800000.0,2564500000.0,0.0,0.75,2564500000.0,1.0,58015800000.0,9082800000.0,0.0,0.0,48933000000.0,0.0,7313700000.0,7804937158.2,10463237158.2,29.65171138589578,0.0,0.04704752843190993,0.3005130576474215,0.0,29.65171138589578,0.02530056810675122,3.0434537563657633,8.491010833550915,0.8593095915576695,0.12358572671888599,0.0,0.0036387224425199214,0.04420347560492142,0.0,0.003960989937223998,24.80119846901811,1.0,0.041666666666666706,0.9236029316427342,0.0073644325330213785,0.36240101538653646,0.0005462135695056767,0.019520851818988466,0.0,0.0784581375543097,0.08102876966833913,0.3364548572124902,Insurance—Life,Financial Services,UNM
2011Q1,2011,Q1,2011-05-04,2011-03-31,225400000.0,2563100000.0,0.0,0.72,2563100000.0,1.0,57116800000.0,8983800000.0,0.0,0.0,48133000000.0,0.0,7112300000.0,8209484692.5,10757884692.5,28.72588948432344,0.0,0.04560829738360692,0.28996638393552837,0.0,28.72588948432344,0.025089605734767026,3.20295138406617,9.105462170031055,0.9138098235156615,0.1326530612244898,0.0,0.003642128723050786,0.044874712869068294,0.0,0.003946299512577736,27.274035523255815,1.0,0.0,1.8828849661686609,-0.09058610422427178,0.28409274552334984,-0.011569164320697234,-0.001771479185119575,0.0,0.5334494518760736,0.11943471512589637,0.3050501219903109,Insurance—Life,Financial Services,UNM
2010Q4,2010,Q4,2010-12-31,2010-12-31,225800000.0,2593100000.0,0.0,0.72,2593100000.0,1.0,57307700000.0,8944400000.0,0.0,0.0,48363300000.0,0.0,7060800000.0,7574618506.0,10377418506.0,28.599904777831462,0.0,0.049843214786145666,0.31935065515853495,0.0,28.599904777831462,0.02524484593712267,2.9210668720836064,8.386424386625333,0.8468559664147399,0.13020372010628875,0.0,0.003881383594000371,0.04524871875856124,0.0,0.003940133699310913,26.76543641696113,1.0,0.058823529411764594,0.5416673146490953,-0.08643307324069842,0.14028327961695797,0.025792159499980222,0.022644927536231884,0.0,0.5610556255744535,0.08845236732992513,0.23444016444003968,Insurance—Life,Financial Services,UNM
2010Q3,2010,Q3,2010-09-30,2010-09-30,220800000.0,2527900000.0,0.0,0.68,2527900000.0,1.0,59054700000.0,8924100000.0,0.0,0.0,50130600000.0,0.0,6864400000.0,7156298993.4,9964098993.4,27.62165403965135,0.0,0.04887671938050655,0.32343877814009253,0.0,27.62165403965135,0.024741990788987124,2.8309264580877405,8.102693606657608,0.8019070823276296,0.13677536231884058,0.0,0.004220058444714563,0.04280607640035425,0.0,0.003738906471457818,29.16177258924205,1.0,0.07863571616652867,2.7967483850329757,-0.10120976244678298,0.11522460433317125,0.006890783079741895,0.05293276108726753,0.0,0.31425905876262994,0.0779773139135802,0.26847470907263954,Insurance—Life,Financial Services,UNM
2010Q2,2010,Q2,2010-06-30,2010-06-30,209700000.0,2510600000.0,0.0,0.630426,2510600000.0,1.0,56792200000.0,8871700000.0,0.0,0.0,47920500000.0,0.0,6673800000.0,7187837974.099999,9598437974.099998,26.78356004875099,0.0,0.043877504305168666,0.28088190538453733,0.0,26.78356004875099,0.023636957967469594,2.862996086234366,8.5691916715546,0.8101984934229065,0.13113972341440153,0.0,0.0038259070528705564,0.044206774874014386,0.0,0.003692408464542666,18.582828268097206,1.0,-0.08633913043478247,0.0915204896181119,-0.15739150404824867,0.007102326767248752,-0.01990943160524672,-0.08746736292428199,0.0,0.438822460071898,-0.008027339910617683,0.2675416658027574,Insurance—Life,Financial Services,UNM
2010Q1,2010,Q1,2010-03-31,2010-03-31,229800000.0,2561600000.0,0.0,0.69,2561600000.0,1.0,54997200000.0,8780200000.0,0.0,0.0,46217000000.0,0.0,6491600000.0,8230333299.86,10694933299.86,26.42487807920239,0.0,0.045753238346679465,0.28658800482904717,0.0,26.42487807920239,0.02617252454386005,3.2129658416068083,8.953800369734552,0.937374239750803,0.1205395996518712,0.0,0.0033655988148707395,0.0465769166430291,0.0,0.004178394536449128,29.227035865980113,1.0,0.14999999999999997,0.3300110977374681,-0.12264141711502315,0.09669879099602319,0.026035408155090922,0.15245737211634905,0.0,0.33001109484741614,0.016469470066811622,0.2283008630818061,Insurance—Life,Financial Services,UNM
2009Q4,2009,Q4,2010-02-26,2009-12-31,199400000.0,2496600000.0,0.0,0.6,2496600000.0,1.0,54477000000.0,8500100000.0,0.0,0.0,45976900000.0,0.0,6289500000.0,6485914304.0,8963914304.0,25.581890882781543,0.0,0.04680140242671219,0.2999494123598546,0.0,25.581890882781543,0.023458547546499453,2.597898864055115,8.131788244734201,0.7630397647086504,0.1374122367101304,0.0,0.004224539319476029,0.0458285147860565,0.0,0.003660260293334802,16.91683438706312,1.0,-0.09090909090909098,0.3059386823621505,-0.17835274450559918,0.036478272101090475,-0.00830188679245283,-0.09814563545906829,0.0,-0.2547270587411998,0.007017750764428707,0.1363990265733741,Insurance—Life,Financial Services,UNM
2009Q3,2009,Q3,2009-11-04,2009-09-30,221100000.0,2517500000.0,0.0,0.66,2517500000.0,1.0,54475200000.0,8243000000.0,0.0,0.0,46232200000.0,0.0,6117500000.0,7105456792.64,9465056792.64,24.872422021207846,0.0,0.047364672364672365,0.313017105422783,0.0,24.872422021207846,0.02682275870435521,2.822425736897716,8.034211660606061,0.8619988830086134,0.12302125734961555,0.0,0.0038280438251590524,0.04621368989925691,0.0,0.004058727641201868,28.942797526028514,1.0,-0.17500000000000002,0.17043328930639204,-0.15882216424968365,0.05984650133021078,-0.04204718417047184,-0.17252994011976047,0.0,4.511299865669549,-0.04364986739206922,0.09802048271606513,Insurance—Life,Financial Services,UNM
2009Q2,2009,Q2,2009-08-05,2009-06-30,267200000.0,2628000000.0,0.0,0.8,2628000000.0,1.0,51339800000.0,7478400000.0,0.0,0.0,43861400000.0,0.0,5923600000.0,5252384748.0,7499284748.0,22.581632856420747,0.0,0.04471384773606442,0.3069640564826701,0.0,22.581632856420747,0.03572956782199401,1.9986243333333333,4.914282136976047,0.7023407076379974,0.09318862275449102,0.0,0.004740703736427803,0.051188356791417186,0.0,0.005204539168442417,16.55859,1.0,0.6000000000000001,39.34159913374267,0.13847087959888804,0.3056321194127375,0.07313487688349872,0.6203759854457247,0.0,1.0687999554113075,-0.045170322853386104,0.03755358779417646,Insurance—Life,Financial Services,UNM
2009Q1,2009,Q1,2009-04-30,2009-03-31,164900000.0,2448900000.0,0.0,0.5,2448900000.0,1.0,49179500000.0,6422600000.0,0.0,0.0,42756900000.0,0.0,5667000000.0,4135060000.0,6546560000.0,19.415074992865883,0.0,0.05005337589849429,0.3832715722604553,0.0,19.415074992865883,0.02567496029645315,1.6885377108089346,6.26904184354154,0.6438296017189301,0.15160703456640387,0.0,0.006045861486894991,0.04979513821816001,0.0,0.0033530231092223388,14.214712959779993,1.0,2.846153846153846,1.260984963351981,-0.16934670916519534,-0.19883416414607172,0.053879588587167015,2.944976076555024,0.0,0.9939251183779678,-0.17854860098123557,-0.13211540531281618,Insurance—Life,Financial Services,UNM
2008Q4,2008,Q4,2009-02-24,2008-12-31,41800000.0,2323700000.0,0.0,0.13,2323700000.0,1.0,49417400000.0,6397900000.0,0.0,0.0,43019500000.0,0.0,5527100000.0,6152969280.0,8552969280.0,19.34040860350273,0.0,0.04957565553833265,0.38292252145235156,0.0,19.34040860350273,0.006533393769830725,2.6479189568360804,36.80005550239235,0.9617170133950204,0.5933014354066986,0.0,0.00403057432459666,0.04702189916911857,0.0,0.0008458559130994346,20.206795665024632,1.0,-0.5932530060167266,1.1071419334668657,-0.062445486620863896,-0.2169198467809671,-0.04871658410774962,-0.6129629629629629,0.0,-0.7301901302520399,-0.22604451086952743,-0.22889447629810272,Insurance—Life,Financial Services,UNM
2008Q3,2008,Q3,2008-10-31,2008-09-30,108000000.0,2442700000.0,0.0,0.319609,2442700000.0,1.0,49937800000.0,6735900000.0,0.0,0.0,43201900000.0,0.0,5510100000.0,8464633414.1,10925733414.1,19.973823050431115,0.0,0.05127178209692858,0.3801125313618076,0.0,19.973823050431115,0.01603349218367256,3.4652775265484914,19.594058828935186,1.2566447563206105,0.24166666666666667,0.0,0.0030834176417520705,0.048914850073491424,0.0,0.0021626903868412306,26.42720391539182,1.0,-0.5367985507246377,-0.13445909191124109,-0.20097615938330832,-0.2525145132412677,-0.08694352035285763,-0.550561797752809,0.0,0.7791674195200549,-0.1679510002584172,-0.1935566611448667,Insurance—Life,Financial Services,UNM
2008Q2,2008,Q2,2008-08-01,2008-06-30,240300000.0,2675300000.0,0.0,0.69,2675300000.0,1.0,51767800000.0,7664300000.0,0.0,0.0,44103500000.0,0.0,5428200000.0,7064319575.0,9508519575.0,22.1868409739943,0.0,0.049032410108213985,0.33118484401706616,0.0,22.1868409739943,0.03135315684406926,2.6405709920382763,7.349479374739908,0.9217175182338896,0.1077819392426134,0.0,0.0036663120524243835,0.051678842832803405,0.0,0.004641881632984211,16.54794934410869,1.0,0.49999999999999983,0.9322986240266036,-0.19567606803485632,-0.21360629464668662,0.05301897189640242,0.4733292458614347,0.0,0.1993577688046122,-0.13904130075568435,-0.16574125591020564,Insurance—Life,Financial Services,UNM
2008Q1,2008,Q1,2008-05-02,2008-03-31,163100000.0,2540600000.0,0.0,0.46,2540600000.0,1.0,52069200000.0,7638400000.0,0.0,0.0,44430800000.0,0.0,5213800000.0,7637938306.77,10225838306.77,22.011330446461358,0.0,0.05132976884607407,0.3499031210724759,0.0,22.011330446461358,0.02135263929618768,3.0063521635715973,11.707446822148988,0.9999395562905844,0.1637032495401594,0.0,0.003495707732587216,0.04879276040346309,0.0,0.0031323699999231793,27.83505213837464,1.0,0.02222222222222224,1.4607843123284785,-0.2892196133761486,-0.187623657526016,-0.03892566672971439,0.0161993769470405,0.0,-0.09615384625659636,-0.16682271551571123,-0.0864745178201116,Insurance—Life,Financial Services,UNM
2007Q4,2007,Q4,2008-02-25,2007-12-31,160500000.0,2643500000.0,0.0,0.45,2643500000.0,1.0,52432700000.0,8039900000.0,0.0,0.0,44392800000.0,0.0,5077400000.0,8255636179.83,10746736179.83,23.168320022060204,0.0,0.051307676316497144,0.3346061518178087,0.0,23.168320022060204,0.01996293486237391,3.122994582874976,12.859246386028037,1.0268331919339793,0.16822429906542055,0.0,0.0032704929592180724,0.05041701075855334,0.0,0.0030610668533186352,16.678052888545455,1.0,-0.13461538461538464,-0.1305265273021585,-0.2553738687802979,-0.1821458882356656,0.012757643092483334,-0.14171122994652408,0.0,0.0064865092120480776,-0.16698840460586747,-0.06131018954064696,Insurance—Life,Financial Services,UNM
2007Q3,2007,Q3,2007-11-05,2007-09-30,187000000.0,2610200000.0,0.0,0.52,2610200000.0,1.0,52566600000.0,7830800000.0,0.0,0.0,44735800000.0,0.0,4943900000.0,8990384625.0,11305984625.0,21.77548660772675,0.0,0.04680158123218926,0.3141696889206722,0.0,21.77548660772675,0.02388006333963324,3.444327877174163,12.019230782085563,1.1480799694794912,0.1443850267379679,0.0,0.003003208552937745,0.04965510419163499,0.0,0.0035573919561090123,14.078272196993423,1.0,0.20930232558139542,0.15555555590696876,-0.2791987506959181,-0.20779215654700206,-0.020783313325330132,0.2182410423452769,0.0,-0.08771929835040299,-0.19624981566296842,-0.0721179756324624,Insurance—Life,Financial Services,UNM
2007Q2,2007,Q2,2007-08-07,2007-06-30,153500000.0,2665600000.0,0.0,0.43,2665600000.0,1.0,52071200000.0,7371600000.0,0.0,0.0,44699600000.0,0.0,4783900000.0,9108829535.96,11444729535.96,21.130319240266132,0.0,0.04729485781007543,0.334079440013023,0.0,21.130319240266132,0.020823159151337565,3.4171779471638652,14.835227257263844,1.2356651928970643,0.16677524429967427,0.0,0.0028104598838891276,0.05119144555915746,0.0,0.0029478867396948794,27.06932997313521,1.0,-0.15686274509803924,0.10000000114657973,-0.22961607625029049,-0.16663343283174648,0.02499423210028455,-0.13909141895681434,0.0,21.000000022931594,0.09619846857666177,0.22171960145442113,Insurance—Life,Financial Services,UNM
2007Q1,2007,Q1,2007-05-07,2007-03-31,178300000.0,2600600000.0,0.0,0.51,2600600000.0,1.0,52324800000.0,7376600000.0,0.0,0.0,44948200000.0,0.0,4656000000.0,7896632683.450001,10260832683.45,21.513359530581447,0.0,0.04777275785096168,0.33886885557031693,0.0,21.513359530581447,0.02417102730255131,3.03646569385911,11.07211537219574,1.0704976118333651,0.1435782389231632,0.0,0.0032418881599562367,0.04970109775861542,0.0,0.003407561997370272,28.182129491256248,1.0,-0.35443037974683544,0.7333333352776219,-0.18804952329940453,-0.07733983428528463,0.01649468417761101,-0.3542194856935893,0.0,1.2722513094286294,-0.14896758847761232,-0.11224815373220629,Insurance—Life,Financial Services,UNM
