Quarters,Year,Quarter,FillingDate,Date,NetIncome,Revenue,OperatingIncome,EPSDiluted,GrossProfit,GrossProfitRatio,TotalAssets,CommonStockEquity,CurrentAssets,CurrentLiability,TotalLiability,Inventory,RetainedEarnings,MarketCap,EnterpriseValue,bookValuePerShare,currentRatio,debtToAssets,debtToEquity,roic,shareholdersEquityPerShare,roe,priceToSalesRatio,peRatio,pbRatio,payoutRatio,inventoryTurnover,dividendYield,assetTurnover,quickRatio,returnOnAssets,priceToFreeCashFlowsRatio,grossProfitMargin,epsdilutedGrowth,fiveYNetIncomeGrowthPerShare,fiveYRevenueGrowthPerShare,fiveYShareholdersEquityGrowthPerShare,grossProfitGrowth,netIncomeGrowth,operatingIncomeGrowth,threeYNetIncomeGrowthPerShare,threeYRevenueGrowthPerShare,threeYShareholdersEquityGrowthPerShare,Industry,Sector,Symbol
2023Q1,2023,Q1,2023-05-22,2023-03-31,1235400.0,0.0,1235400.0,0.04,0.0,0.0,25470477.0,10045403.0,97064.0,667074.0,15425074.0,0.0,-15329353.0,221018719.815,220966436.815,0.490183236269235,0.14550709516485427,0.0,0.0,0.12298162652110622,0.490183236269235,0.12298162652110622,0.0,44.72614534057795,22.00197640801469,0.0,0.0,0.0,0.0,38.11525557884133,0.048503214132974426,-2873.9934698906413,0.0,-0.8260869565217391,0.0,0.0,0.0,0.0,-0.8505992537218672,1.4063734247437798,0.0,0.0,0.0,Shell Companies,Financial Services,LGST
2022Q4,2022,Q4,2023-04-17,2022-12-31,8269035.0,0.0,-3040061.0,0.23,0.0,0.0,357138356.0,342080652.0,274356.0,350454.0,15057704.0,0.0,-14784691.0,371363500.0,371234314.0,9.515456244784422,0.7828588060059237,0.0,0.0,-0.028107494225836367,9.515456244784422,0.024172764380722706,0.0,11.227534410000684,1.0856021754776122,0.0,0.0,0.0,0.0,0.3686246982485576,0.023153589809323086,-26791.97027631484,0.0,1.090909090909091,386.098844684889,0.0,32058.69339450091,0.0,0.5791884506792639,-0.5120709584745897,386.098844684889,0.0,32058.69339450091,Shell Companies,Financial Services,LGST
2022Q3,2022,Q3,2022-11-14,2022-09-30,5236256.0,0.0,-2010528.0,0.11,0.0,0.0,354542198.0,339466165.0,418473.0,281783.0,15076033.0,0.0,-14658903.0,486283663.28499997,486140616.28499997,7.082047997788929,1.485089590216585,0.0,0.0,-0.019228116922289675,7.082047997788929,0.015424971734664632,0.0,23.217145193292687,1.432495233464578,0.0,0.0,0.0,0.0,1257.232593875429,0.014769062835222791,-11415.645412578055,0.0,3.6413502109704643,45533.66086956522,0.0,24985.468791402916,0.0,3.6006164313754434,-1.7763281448503663,45533.66086956522,0.0,24985.468791402916,Shell Companies,Financial Services,LGST
2022Q2,2022,Q2,2022-08-15,2022-06-30,1138164.0,0.0,-724168.0,0.0237,0.0,0.0,352979285.0,337853301.0,594755.0,259234.0,15125984.0,0.0,-14048042.0,479812663.33,479627018.33,7.048399930795549,2.2942785282794693,0.0,0.0,-0.0117855501144582,7.048399930795549,0.0033688112462751992,0.0,105.39181157768125,1.4201804804328373,0.0,0.0,0.0,0.0,1360.0460394855613,0.003224449842715274,-10453.207192218035,0.0,1.3235294117647056,0.0,0.0,0.0,0.0,1.333288232327581,-0.34162328399132963,0.0,0.0,0.0,Shell Companies,Financial Services,LGST
2022Q1,2022,Q1,2022-05-17,2022-03-31,487794.0,0.0,-539770.0,0.0102,0.0,0.0,352829802.0,337646303.0,734159.0,178999.0,15183499.0,0.0,-14255040.0,478853996.67,478622450.67,7.044081474576366,4.1014698406136345,0.0,0.0,0.03000615444269273,7.044081474576366,0.0014446892966572774,0.0,245.41814611803343,1.4182118756087787,0.0,0.0,0.0,0.0,1.2935602992195487,0.0013825192691630963,-4236.333849427168,0.0,18.000000000000004,0.0,0.0,0.0,0.0,18.03786238211666,-17.853300733496333,0.0,0.0,0.0,Shell Companies,Financial Services,LGST
2021Q4,2021,Q4,2022-04-01,2021-12-31,-28630.0,0.0,-28630.0,-0.0006,0.0,0.0,952.1659999999993,-14227.709,791.191,59.375,15179.875,0.0,-14229.052,493713329.90000004,493712985.31900007,-0.00029682286020043716,13.325322105263158,0.0,0.0,2.012270563025994,-0.00029682286020043716,2.012270563025994,0.0,-4311.153771393643,-34700.83130741569,0.0,0.0,0.0,0.0,5.803469473684211,-30.068286412243268,-691.6438038121336,0.0,-298.99999999999994,0.0,0.0,0.0,0.0,-247.95652173913044,-247.95652173913044,0.0,0.0,0.0,Shell Companies,Financial Services,LGST
2021Q3,2021,Q3,2021-12-17,2021-09-30,-115.0,0.0,-115.0,-2e-06,0.0,0.0,166789.0,13586.0,0.0,153203.0,153203.0,0.0,-11414.0,493713329.90000004,493794863.90000004,0.0002834353288138757,0.0,0.4888451876322779,6.0013248932724865,-0.001208999158957107,0.0002834353288138757,-0.008464595907551891,0.0,-1073289.8476086957,36339.85940674224,,0.0,,0.0,0.0,-0.0006894939114689818,0.0,0.0,0.0,0.0,0.0,0.0,0.0,0.0,0.0,0.0,0.0,0.0,Shell Companies,Financial Services,LGST
2021Q2,2021,Q2,2021-06-30,2021-06-30,,,,,,,146910.0,13701.0,0.0,133209.0,133209.0,0.0,-11299.0,0.0,81534.0,0.0,0.0,0.5549928527670002,5.950952485220057,,0.0,,0.0,0.0,0.0,0.0,0.0,,,0.0,,0.0,0.0,0.0,0.0,0.0,0.0,0.0,0.0,0.0,0.0,0.0,0.0,Shell Companies,Financial Services,LGST
2021Q1,2021,Q1,2021-04-30,2021-04-30,,,,,,,43439.0,18017.0,8652.0,25422.0,25422.0,0.0,-6983.0,0.0,25422.0,0.0,0.3403351427897097,0.5852344667234513,1.411000721540767,,0.0,,0.0,0.0,0.0,0.0,0.0,,,0.0,,0.0,0.0,0.0,0.0,0.0,0.0,0.0,0.0,0.0,0.0,0.0,0.0,Shell Companies,Financial Services,LGST
