Quarters,Year,Quarter,FillingDate,Date,NetIncome,Revenue,OperatingIncome,EPSDiluted,GrossProfit,GrossProfitRatio,TotalAssets,CommonStockEquity,CurrentAssets,CurrentLiability,TotalLiability,Inventory,RetainedEarnings,MarketCap,EnterpriseValue,bookValuePerShare,currentRatio,debtToAssets,debtToEquity,roic,shareholdersEquityPerShare,roe,priceToSalesRatio,peRatio,pbRatio,payoutRatio,inventoryTurnover,dividendYield,assetTurnover,quickRatio,returnOnAssets,priceToFreeCashFlowsRatio,grossProfitMargin,epsdilutedGrowth,fiveYNetIncomeGrowthPerShare,fiveYRevenueGrowthPerShare,fiveYShareholdersEquityGrowthPerShare,grossProfitGrowth,netIncomeGrowth,operatingIncomeGrowth,threeYNetIncomeGrowthPerShare,threeYRevenueGrowthPerShare,threeYShareholdersEquityGrowthPerShare,Industry,Sector,Symbol
2023Q1,2023,Q1,2023-05-12,2023-03-31,-373156.0,0.0,-590268.0,-0.17,0.0,0.0,14430169.0,1986980.0,14430169.0,3293189.0,12443189.0,0.0,-11579207.0,87040.5849,558947.5849,0.914269465117071,4.381822300511753,0.04504451749664193,0.3271296137857452,-0.17339851248005872,0.914269465117071,-0.18780058178743622,0.0,-0.05831380501720461,0.04380546603388056,0.0,0.0,0.0,0.0,4.314928781797826,-0.02585943380150295,-0.4400945757090056,0.0,-1.9772329246935205,0.0,0.0,0.0,-1.0,-0.420599600266489,0.999998438438254,0.0,0.0,0.0,,,PBAXW
2022Q4,2022,Q4,2023-03-24,2022-12-31,-262675.0,254831.0,-377998501501.0,-0.0571,254831.0,1.0,42367032.0,2468691.0,42367032.0,30748341.0,39898341.0,0.0,-10755924.0,771336.0468,945466.0468,0.13794322531848255,1.3778639959794905,0.015342117899597026,0.26329743171583647,115342.98868666744,0.13794322531848255,-0.10640254288608822,3.0268532745231154,-0.7341163479585039,0.31244738478813266,0.0,0.0,0.0,0.0060148419176495535,0.015476282118765367,-0.006199985875810229,-2.0673708035379255,1.0,-2.277404921700224,0.0,0.0,0.0,0.0,-4.108395952902195,-134999.09160792534,0.0,0.0,0.0,,,PBAXW
2022Q3,2022,Q3,2022-11-10,2022-09-30,84505.0,0.0,-2799987.0,0.0447,0.0,0.0,180451041.0,170425074.0,785290.0,875967.0,10025967.0,0.0,-9057744.0,1470800.0,962885.0,9.269789175958662,0.8964835433298286,0.0,0.0,-0.009577204790457402,9.269789175958662,0.0004958483984580813,0.0,4.351221821194012,0.008630185485499629,0.0,0.0,0.0,0.0,205.66126691987256,0.00046829876697691093,-8.435953174380122,0.0,-0.4614457831325302,0.0,0.0,0.0,0.0,-0.7784027586568593,-1.5514804578470691,0.0,0.0,0.0,,,PBAXW
2022Q2,2022,Q2,2022-08-11,2022-06-30,381345.0,0.0,-1097397.0,0.083,0.0,0.0,179724777.0,170340569.0,846025.0,234208.0,9384208.0,0.0,-8159978.0,1840338.5,1286563.5,9.265192765841718,3.612280536958601,0.0,0.0,0.022020145841895603,9.265192765841718,0.0022387209473275858,0.0,1.206478713500898,0.010803876673677191,0.0,0.0,0.0,0.0,765.7517249624266,0.0021218276431635243,-7.774753175867211,0.0,4.9523809523809526,0.0,0.0,0.0,0.0,1.0000010088572846,-1.0000029031961313,0.0,0.0,0.0,,,PBAXW
2022Q1,2022,Q1,2022-05-13,2022-03-31,-377996973220.0,0.0,377996163666.0,-0.021,0.0,0.0,179776795.0,170452138.0,1097607.0,174657.0,9324657.0,0.0,-8048409.0,0.0,-790482.0,0.0,6.284357340387158,0.0,0.0,2217608657.3115277,0.0,-2217.6135638732794,0.0,0.0,0.0,0.0,0.0,,0.0,4.525910785138872,-2102.590455125201,0.0,0.0,0.0,0.0,0.0,0.0,0.0,-1196449.4172416849,1138440.7905791646,0.0,0.0,0.0,,,PBAXW
2021Q4,2021,Q4,2022-03-24,2021-12-31,-315932.0,0.0,-332030.0,0.0,0.0,0.0,180078207.0,-7669865.0,1361073.0,98072.0,9248072.0,0.0,-7670412.0,0.0,-1098573.0,0.0,13.87830369524431,0.0,0.0,0.04114363035845027,0.0,0.0411913377875621,0.0,0.0,0.0,0.0,0.0,,0.0,11.201698751937352,-0.0017544155134774303,0.0,0.0,0.0,0.0,0.0,0.0,0.0,0.0,0.0,0.0,0.0,0.0,,,PBAXW
2021Q3,2021,Q3,2021-11-19,2021-09-30,0.0,0.0,0.0,0.0,0.0,0.0,301000.0,24000.0,24000.0,277000.0,277000.0,0.0,-1000.0,0.0,0.0,0.0,0.08664259927797834,0.0,0.0,,0.0,0.0,0.0,0.0,0.0,0.0,0.0,,0.0,0.0,0.0,0.0,0.0,0.0,0.0,0.0,0.0,0.0,0.0,0.0,0.0,0.0,0.0,,,PBAXW
2021Q2,2021,Q2,2021-06-30,2021-06-30,,,,,,,25000.0,24000.0,24000.0,1000.0,1000.0,0.0,-1000.0,0.0,0.0,0.0,24.0,0.0,0.0,,0.0,,0.0,0.0,0.0,0.0,0.0,,,0.0,,0.0,0.0,0.0,0.0,0.0,0.0,0.0,0.0,0.0,0.0,0.0,0.0,,,PBAXW
