Quarters,Year,Quarter,FillingDate,Date,NetIncome,Revenue,OperatingIncome,EPSDiluted,GrossProfit,GrossProfitRatio,TotalAssets,CommonStockEquity,CurrentAssets,CurrentLiability,TotalLiability,Inventory,RetainedEarnings,MarketCap,EnterpriseValue,bookValuePerShare,currentRatio,debtToAssets,debtToEquity,roic,shareholdersEquityPerShare,roe,priceToSalesRatio,peRatio,pbRatio,payoutRatio,inventoryTurnover,dividendYield,assetTurnover,quickRatio,returnOnAssets,priceToFreeCashFlowsRatio,grossProfitMargin,epsdilutedGrowth,fiveYNetIncomeGrowthPerShare,fiveYRevenueGrowthPerShare,fiveYShareholdersEquityGrowthPerShare,grossProfitGrowth,netIncomeGrowth,operatingIncomeGrowth,threeYNetIncomeGrowthPerShare,threeYRevenueGrowthPerShare,threeYShareholdersEquityGrowthPerShare,Industry,Sector,Symbol
2023Q1,2023,Q1,2023-06-07,2023-03-31,-30248000.0,0.0,-41035000.0,-0.12,-838000.0,0.0,331774000.0,277729000.0,271889000.0,40416000.0,54773000.0,42126000.0,-88846000.0,199325369.10000002,106934369.10000002,1.1357154832931902,6.727261480601742,0.02782617082712931,0.033241037126119345,-0.13849563729497255,1.1357154832931902,-0.10891192493401841,0.0,-1.6474260207286433,0.7176973564157866,0.0,0.019892702843849405,0.0,0.0,5.41570170229612,-0.09117049557831536,-4.198621752959515,0.0,-0.7857142857142858,-2.7500238960833254,0.0,99.2195894415456,0.9319086698626797,-0.8158242285988714,0.347946990402339,-2.7500238960833254,0.0,99.2195894415456,Auto Manufacturers,Consumer Cyclical,HYZN
2022Q4,2022,Q4,2023-05-31,2022-12-31,-16658000.0,787000.0,-62932000.0,-0.0672,-12307000.0,-15.6378653113,374896000.0,307770000.0,312854000.0,45869000.0,67837000.0,35553000.0,-58598000.0,384462000.0,333532000.0,1.2408079342041607,6.820597789356646,0.025671119457129445,0.031270104298664586,-0.06564616018101496,1.2408079342041607,-0.054124833479546414,488.5158831003812,-5.76993036378917,1.24918608051467,0.0,0.36829522121902514,0.0,0.002099248858350049,5.751640541542218,-0.04443365626733814,-10.771657514288917,-15.637865311308767,-2.516930022573363,0.681951647292197,-0.8537595745335786,-0.22481450295300962,-0.5012198097096853,-2.516707639078576,-0.17537634006947816,0.681951647292197,-0.8537595745335786,-0.22481450295300962,Auto Manufacturers,Consumer Cyclical,HYZN
2022Q3,2022,Q3,2023-05-01,2022-09-30,10983000.0,5000.0,-53542000.0,0.0443,-8198000.0,-1639.6,431096000.0,388430000.0,374257000.0,30014000.0,62132000.0,39825000.0,-15731000.0,421878800.0,361073800.0,1.5652149385084058,12.469414273339108,0.022725796574312913,0.025222047730607832,0.04042348805129922,1.5652149385084058,0.02827536493061813,84375.76,9.602995538559592,1.086112813119481,0.0,0.2059761456371626,0.0,1.1598344684246665e-05,10.412374225361498,0.02547692393341622,-8.271160255656197,-1639.6,-0.9015555555555556,13.150781744005675,0.0,0.0,-5.191842900302115,-0.9063115781931093,-0.6799071285140562,13.150781744005675,0.0,0.0,Auto Manufacturers,Consumer Cyclical,HYZN
2022Q2,2022,Q2,2023-05-01,2022-06-30,117229000.0,46000.0,-31872000.0,0.45,-1324000.0,-28.7826086957,480914000.0,412373000.0,428602000.0,23335000.0,78302000.0,40134000.0,9064000.0,729284640.0,376321640.0,1.6624189699100202,18.36734518962931,0.022827366223482786,0.026621529537578844,-0.2217658010513482,1.6624189699100202,0.28427903863735016,15854.013913043478,1.5552564638442707,1.768507249504696,0.0,0.034135645587282604,0.0,9.565119751140537e-05,15.666038140132848,0.24376291811009868,-17.17701768848482,-28.782608695652176,11.112359550561798,0.0,0.0,0.0,-18.470588235294116,11.635909998185447,-0.1914766355140187,0.0,0.0,0.0,Auto Manufacturers,Consumer Cyclical,HYZN
2022Q1,2022,Q1,2022-05-13,2022-03-31,-11022000.0,356000.0,-26750000.0,-0.0445,-68000.0,-0.191011236,517400000.0,368847000.0,464557000.0,31092000.0,155809000.0,26082000.0,-36656000.0,1584336600.0,1188661600.0,1.48764620472695,14.941367554354818,0.02253189022033243,0.031606601111029774,-0.07162980267880148,1.48764620472695,-0.029882308924838754,4450.383707865169,-35.93577844311377,4.295376131566747,0.0,0.0162564220535235,0.0,0.0006880556629300348,13.13919979415927,-0.021302667182064167,-46.49557153338225,-0.19101123595505617,0.7775000000000001,-0.34772990301654316,0.0,129.65546134747376,0.995507399577167,0.7773738108222747,0.34239638133634887,-0.34772990301654316,0.0,129.65546134747376,Auto Manufacturers,Consumer Cyclical,HYZN
2021Q4,2021,Q4,2022-03-30,2021-12-31,-49509000.0,5087000.0,-40678000.0,-0.2,-15136000.0,-2.9754275604,530177000.0,375297000.0,495223000.0,31205000.0,160320000.0,19245000.0,-28117000.0,1521671360.0,1087241360.0,1.600659376279514,15.869988783848742,0.020212117839891207,0.02855338571851094,-0.1171284380223271,1.600659376279514,-0.13191951974036564,299.12942009042655,-7.683811832192127,4.054579066712497,0.0,1.0508183943881528,0.0,0.009594908870056604,14.34846979650697,-0.09338202147584675,-38.75487367563162,-2.9754275604482014,-2.5384615384615383,0.0,0.0,0.0,-2521.6666666666665,-2.530228101625765,0.1800774006288801,0.0,0.0,0.0,Auto Manufacturers,Consumer Cyclical,HYZN
2021Q3,2021,Q3,2021-11-15,2021-09-30,32354000.0,962000.0,-49612000.0,0.13,-6000.0,-0.006237006237006237,562818000.0,402425000.0,543820000.0,33294000.0,162079000.0,15260000.0,515000.0,1627180160.0,1131844160.0,1.716361573631773,16.333873971286117,0.004758198920432537,0.0066546561471081565,-0.12166334380464024,1.716361573631773,0.08039758961297136,1691.4554677754677,12.573253384434691,4.043437062806734,0.0,0.06343381389252949,0.0,0.0017092559228738243,15.1380128551691,0.057485723626465396,-27.036756613053303,-0.006237006237006237,0.0,38.88557022881763,0.0,0.0,0.0,0.0,0.0,38.88557022881763,0.0,0.0,Auto Manufacturers,Consumer Cyclical,HYZN
2021Q1,2021,Q1,2021-05-24,2021-03-31,-8147000.0,0.0,-3773000.0,-0.032985,0.0,0.0,66441000.0,-2856000.0,56420000.0,18923000.0,69621000.0,626000.0,-22418000.0,2590969252.41,2594328252.41,-0.011563024135517283,2.981556835596893,0.7695850453786066,-17.903361344537814,-0.07550983649208477,-0.011563024135517283,2.852591036414566,0.0,-79.50685075518597,-907.2021191911764,0.0,0.0,0.0,0.0,2.5346932304602863,-0.12262006893333935,-193.06775353278687,0.0,0.0,0.0,0.0,0.0,0.0,0.0,0.0,0.0,0.0,0.0,Auto Manufacturers,Consumer Cyclical,HYZN
2020Q3,2020,Q3,2020-12-02,2020-09-30,-556000.0,0.0,-540000.0,-0.003642,0.0,0.0,,,,,,,,1564662500.0,,,0.0,0.0,0.0,0.0,,0.0,0.0,-703.53529676259,0.0,,0.0,,0.0,0.0,0.0,0.0,0.0,0.0,0.0,0.0,0.0,0.0,0.0,0.0,0.0,0.0,0.0,Auto Manufacturers,Consumer Cyclical,HYZN
