Quarters,Year,Quarter,FillingDate,Date,NetIncome,Revenue,OperatingIncome,EPSDiluted,GrossProfit,GrossProfitRatio,TotalAssets,CommonStockEquity,CurrentAssets,CurrentLiability,TotalLiability,Inventory,RetainedEarnings,MarketCap,EnterpriseValue,bookValuePerShare,currentRatio,debtToAssets,debtToEquity,roic,shareholdersEquityPerShare,roe,priceToSalesRatio,peRatio,pbRatio,payoutRatio,inventoryTurnover,dividendYield,assetTurnover,quickRatio,returnOnAssets,priceToFreeCashFlowsRatio,grossProfitMargin,epsdilutedGrowth,fiveYNetIncomeGrowthPerShare,fiveYRevenueGrowthPerShare,fiveYShareholdersEquityGrowthPerShare,grossProfitGrowth,netIncomeGrowth,operatingIncomeGrowth,threeYNetIncomeGrowthPerShare,threeYRevenueGrowthPerShare,threeYShareholdersEquityGrowthPerShare,Industry,Sector,Symbol
2023Q1,2023,Q1,2023-04-26,2023-03-31,86507000.0,277143000.0,148345000.0,0.18,166406000.0,0.6004337111,5770527000.0,2175484000.0,98414000.0,96219000.0,3595043000.0,0.0,86507000.0,5020639880.0,8351959880.0,4.545402121133612,1.0228125422213907,0.5772990924399106,1.531300620919299,0.01971930407898144,4.545402121133612,0.03976448459285382,18.115701569225994,14.509345717687586,2.30782661697351,1.2542568809460506,0.0,0.021611189528295743,0.04802732921967092,1.0046872239370603,0.014991178448692815,32.759184648209896,0.6004337111166438,0.058823529411764594,1.6280872060821534,0.0,0.0,0.0421413227953932,0.04485886487988115,0.029130187448836595,1.2222229447936674,0.07053050971800179,-0.1518209467039747,Oil & Gas Midstream,Energy,AM
2022Q4,2022,Q4,2023-02-15,2022-12-31,82793000.0,259221000.0,144146000.0,0.17,159677000.0,0.6159879022,5791320000.0,2192318000.0,88993000.0,102077000.0,3599002000.0,0.0,82793000.0,5162939470.0,8524221470.0,4.581713839073926,0.8718222518295012,0.5803999778979576,1.5332091421043845,0.018607198800468943,4.581713839073926,0.03776505050818357,19.91713429853291,15.589903343277811,2.3550139487063464,1.302549732465305,0.0,0.020887713409508558,0.04476026190920205,0.8588320581521792,0.01429604995061575,-32.96580448871436,0.6159879022147126,0.0,4.453639399382708,0.0,0.0,0.06323744839525902,-0.014533292070369224,0.04628003193728678,1.5985221778338308,0.05448287529375526,-0.271157431623056,Oil & Gas Midstream,Energy,AM
2022Q3,2022,Q3,2022-10-26,2022-09-30,84014000.0,248702000.0,137770000.0,0.17,150180000.0,0.6038552163,5563821000.0,2211855000.0,80785000.0,106382000.0,3351966000.0,0.0,84014000.0,4392262800.0,7535431800.0,4.622862935250596,0.7593859863510745,0.5649299285509005,1.4210556297768162,0.01890270350565756,4.622862935250596,0.03798350253520235,17.66074579215286,13.070032375556455,1.9857824314885018,1.2832742162020616,0.0,0.02454611777783424,0.044699856447574425,0.7541595382677521,0.015100054441003763,37.205854997331706,0.603855216282941,0.0,9.977363111787998,0.0,0.0,0.0016474025064528823,0.05817746709490522,0.07300850493784854,1.3071863790042755,-0.034559777892372454,-0.3354851861021134,Oil & Gas Midstream,Energy,AM
2022Q2,2022,Q2,2022-07-27,2022-06-30,79395000.0,246575000.0,128396000.0,0.17,149933000.0,0.6080624556,5585501000.0,2230119000.0,77057000.0,123772000.0,3355382000.0,0.0,26960000.0,4328768850.0,7486734850.0,4.662428891300121,0.6225721487897101,0.5653863458264532,1.4160526859777438,0.017883362133200666,4.662428891300121,0.03560123921638263,17.555586941092972,13.630483185339129,1.9410483700645573,1.378336167264941,0.0,0.025280398143689282,0.0441455475524935,0.6178214782018551,0.014214481386718936,39.864889120144404,0.6080624556422995,0.0,20.063560648697848,0.0,0.0,0.011837034937474272,-0.008058470764617692,-0.005868962633755052,0.21438777941186252,-0.010924056572005932,-0.4051409852500335,Oil & Gas Midstream,Energy,AM
2022Q1,2022,Q1,2022-04-27,2022-03-31,80040000.0,236159000.0,129154000.0,0.17,148179000.0,0.6274543845,5580594000.0,2259954000.0,80290000.0,139129000.0,3320640000.0,0.0,-52435000.0,5192012020.0,8325196020.0,4.731441276593963,0.5770903262439894,0.5614427424750842,1.3863928203848397,0.017730443224881858,4.731441276593963,0.03541665007340857,21.98523884332166,16.216929097951024,2.297397212509635,1.3529110444777612,0.0,0.020856461730610554,0.042317896625341314,0.5707724485908761,0.01434255923294187,45.57194786272272,0.627454384546005,0.06250000000000006,10.456464900120453,0.0,0.0,-0.011507364713416587,0.017983873019103095,-0.1478808191702734,3.4094761481905156,1.2459256479629566,-0.7023443850335529,Oil & Gas Midstream,Energy,AM
2021Q4,2021,Q4,2022-02-16,2021-12-31,78626000.0,234158000.0,151568000.0,0.16,149904000.0,0.6401831242,5544001000.0,2286698000.0,83804000.0,114009000.0,3257303000.0,0.0,-132475000.0,4621638560.0,7744548560.0,4.789478093674205,0.7350647755878922,0.5632953529409537,1.3656853681596783,0.02054967787572057,4.789478093674205,0.034384076952881405,19.737265265333665,14.695007249510338,2.0210970403612545,1.36845318342533,0.0,0.023280920522698773,0.042236283867914164,0.7269952372181143,0.01418217637406631,46.96739423379844,0.6401831242152735,-0.15789473684210525,6.169981917931572,0.0,0.0,-0.05014637113637228,-0.1197958064191118,0.06872748041545328,0.4413428908730444,0.0,0.0,Oil & Gas Midstream,Energy,AM
2021Q3,2021,Q3,2021-10-27,2021-09-30,89327000.0,242472000.0,141821000.0,0.19,157818000.0,0.6508710284074037,5533633000.0,2312593000.0,87490000.0,118690000.0,3221040000.0,0.0,-211101000.0,4974945640.0,8070505640.0,4.843715048110556,0.7371303395399781,0.5594082585527447,1.3385667084523736,0.019301046730117326,4.843715048110556,0.03862633848671167,20.517608796067176,13.923409607397538,2.1512413295378825,1.2074400797071434,0.0,0.021680035884774008,0.04381786793594732,0.7325722470300784,0.01614255950837361,42.87046205814936,0.6508710284074037,0.11764705882352934,11.542856217456045,0.0,0.0,-0.05278699741316704,0.11348366428580332,-0.06326329764397387,0.9324706830358684,0.0,0.0,Oil & Gas Midstream,Energy,AM
2021Q2,2021,Q2,2021-07-28,2021-06-30,80223000.0,250455000.0,151399000.0,0.17,166613000.0,0.6652412609051527,5540742000.0,2328436000.0,92438000.0,117837000.0,3212306000.0,0.0,-300428000.0,4959043100.0,8046099100.0,4.8784512560497815,0.7844564949888405,0.5572780685330593,1.3260978613970924,0.020628521987879293,4.8784512560497815,0.034453598896426615,19.80013615220299,15.453931852461265,2.1297742776696458,1.357914812460267,0.0,0.0219671412010918,0.045202429566292744,0.7814183999932109,0.014478746709375748,31.371457219674205,0.6652412609051527,0.0,19.18808203776699,0.0,0.0,0.054799723975512325,-0.03856617250512338,0.13333632763667122,1.1753225608769844,0.0,0.0,Oil & Gas Midstream,Energy,AM
2021Q1,2021,Q1,2021-04-28,2021-03-31,83441000.0,241789000.0,133587000.0,0.17,157957000.0,0.6532844753069825,5546760000.0,2356866000.0,91167000.0,79750000.0,3189894000.0,0.0,-380651000.0,4305955500.0,7409122500.0,4.942573136206354,1.1431598746081504,0.5595028449040521,1.316760477685197,0.018314250479270794,4.942573136206354,0.03540337040799095,17.808731993597725,12.901198151987632,1.8269835875268259,1.765702712095972,0.0,0.03421586683838233,0.04359103332395849,1.1310470219435738,0.015043196388522308,28.584030350101564,0.6532844753069825,0.06250000000000006,28.40140933702066,0.0,0.0,0.12488961686369462,0.0913311883648539,0.16179783098371064,1.5443087841730454,0.0,0.0,Oil & Gas Midstream,Energy,AM
2020Q4,2020,Q4,2021-02-17,2020-12-31,76458000.0,221521000.0,114983000.0,0.16,140420000.0,0.6338902406543849,5610912000.0,2418286000.0,93931000.0,94005000.0,3192626000.0,0.0,-464092000.0,3674840430.0,6765826430.0,5.073685623949664,0.9992128078293708,0.5510024038872825,1.2784368763661536,0.0161735744531035,5.073685623949664,0.0316166077957694,16.589128931342852,12.015879404378873,1.5196053857980403,1.918935886368987,0.0,0.03992499886586912,0.039480391066550324,0.9834796021488219,0.013626661761938167,20.995009141081162,0.6338902406543849,-0.2727272727272727,5.984114084124794,0.0,0.0,-0.16695340586846383,-0.2753277033751315,-0.24262105034350567,4.056001726057124,0.0,0.0,Oil & Gas Midstream,Energy,AM
2020Q3,2020,Q3,2020-10-28,2020-09-30,105507000.0,251215000.0,151817000.0,0.22,168562000.0,0.6709870031646199,5673504000.0,2485491000.0,108008000.0,61259000.0,3188013000.0,0.0,-540550000.0,2559223860.0,5678647860.0,5.215286899521169,1.7631368451982565,0.5502449632537494,1.2560162157094916,0.020333163209297095,5.215286899521169,0.04244915793297984,10.187384750114443,6.064109158634024,1.0296653095907409,1.3913958315562,0.0,0.05736192221965295,0.04427863274618296,1.7546319724448654,0.018596444102269075,17.91032227362115,0.6709870031646199,0.22222222222222227,13.841629981010506,0.0,0.0,0.12431632026893626,0.19296480139301908,0.12685747368733577,12.84010189925169,0.0,0.0,Oil & Gas Midstream,Energy,AM
2020Q2,2020,Q2,2020-07-29,2020-06-30,88441000.0,237342000.0,134726000.0,0.18,149924000.0,0.6316791802546536,5715055000.0,2523182000.0,100669000.0,98145000.0,3191873000.0,0.0,-646057000.0,2431863600.0,5517651600.0,5.291509030358446,1.0257170513016456,0.5404646149512122,1.2241625851801416,0.017640080233263127,5.291509030358446,0.03505137560429648,10.246242131607554,6.874254022455648,0.9638082389617554,1.669542406802275,0.0,0.06071722114677814,0.0415292591234905,1.0191451423913598,0.015475091665784493,13.07481666272393,0.6316791802546536,1.222222222222222,21.277328335424176,0.0,0.0,-0.10566283099793006,1.2250790847294577,1.2595056668027829,22.301554234301452,0.0,0.0,Oil & Gas Midstream,Energy,AM
2020Q1,2020,Q1,2020-04-29,2020-03-31,-392933000.0,261313000.0,-519164000.0,-0.81,167637000.0,0.6415180262750035,5781359000.0,2588955000.0,151372000.0,83560000.0,3192404000.0,0.0,-734498000.0,1014516300.0,4118278300.0,5.359012467320634,1.8115366203925323,0.5368568186130631,1.1988474114073053,-0.0666421354347538,5.359012467320634,-0.15177281953529512,3.8823797514857663,-0.6454766461457806,0.3918632421189244,-0.37923513677904375,0.0,0.14688181944439926,0.04519923429767984,1.7965653422690282,-0.06796550776383199,19.2372774333011,0.6415180262750035,-1.7931034482758623,-137.66245083598633,0.0,0.0,0.06728932691573077,-1.7181496828284646,-1.6955135693628864,-44.89936208738189,0.0,0.0,Oil & Gas Midstream,Energy,AM
2019Q4,2019,Q4,2020-02-12,2019-12-31,-144559000.0,256899000.0,-192603000.0,-0.29,157068000.0,0.6113998108205949,6282878000.0,3143414000.0,108558000.0,242084000.0,3139464000.0,0.0,-341565000.0,3795326370.0,6686340370.0,6.2862873792853815,0.44843112308124455,0.460338239895793,0.9200980208143121,-0.021677720724376983,6.2862873792853815,-0.04598789723529895,14.773612859528452,-6.563628639517429,1.2073899174591702,-1.0754778325804688,0.0,0.04096353905922457,0.04088874557169501,0.441326151253284,-0.02300840474699652,60.63790333919157,0.6113998108205949,0.49122807017543857,-13.58665366615094,0.0,0.0,-0.002913786208078615,0.5006200838063127,0.4234979301922542,-13.58665366615094,0.0,0.0,Oil & Gas Midstream,Energy,AM
2019Q3,2019,Q3,2019-10-29,2019-09-30,-289477000.0,272658000.0,-334089000.0,-0.57,157527000.0,0.5777457474198446,6445504000.0,3523030000.0,109224000.0,259628000.0,2922474000.0,0.0,-197006000.0,3747500600.0,6405250600.0,6.956749253088845,0.42069422404363166,0.4123416880976259,0.7543932353684186,-0.044484121831787106,6.956749253088845,-0.08216705506339714,13.744326592287775,-3.2364407189517648,1.063715211054121,-0.5329749859228885,0.0,0.04116983997280748,0.04230204496033204,0.40874636017686844,-0.04491146076396819,65.9388137173825,0.5777457474198446,-5.07142857142857,-39.32113712961143,0.0,0.0,0.015170164912710329,-5.178725062794122,-3.8411102890527338,-39.32113712961143,0.0,0.0,Oil & Gas Midstream,Energy,AM
2019Q2,2019,Q2,2019-07-31,2019-06-30,69274000.0,264152000.0,117591000.0,0.14,155173000.0,0.5874382931039704,6769009000.0,3972359000.0,115367000.0,237504000.0,2796650000.0,0.0,92471000.0,5934815360.0,8453358360.0,7.8378721271625205,0.4857476084613312,0.3732206590359091,0.6359782688321977,0.012573426937352637,7.8378721271625205,0.01743900790437118,22.467425421726883,21.4179033981003,1.4940279466181179,2.1967837861246644,0.0,0.025641909776279878,0.03902373301616233,0.47272888035569927,0.010233994370520116,103.40840814050739,0.5874382931039704,2.5,15.417175687304217,0.0,0.0,3.92988308552548,6.18014096185738,10.08512443438914,15.417175687304217,0.0,0.0,Oil & Gas Midstream,Energy,AM
2019Q1,2019,Q1,2019-05-01,2019-03-31,9648000.0,55889000.0,10608000.0,0.04,31476000.0,0.5631877471416558,6668427000.0,4035550000.0,116719000.0,118062000.0,2632877000.0,0.0,23197000.0,3632979870.0,6021003870.0,15.895689644985564,0.9886246209618675,0.35840416338065934,0.5922345157413488,0.002190619224029604,15.895689644985564,0.0023907521899121558,65.00348673263075,94.13815998134329,0.9002440485187893,3.5513059701492535,0.0,0.009431100976620605,0.008381136960785504,0.9588521285426301,0.0014468179677156246,67.80224459706618,0.5631877471416558,-0.6492893211146437,5.385345075870263,0.0,0.0,-0.8115096712377987,-0.54890592855807,-0.6634197417266872,5.385345075870263,0.0,0.0,Oil & Gas Midstream,Energy,AM
2018Q4,2018,Q4,2019-02-13,2018-12-31,21388000.0,0.0,31517000.0,0.1140541261165178,166990000.0,0.0,47705000.0,0.0,2909000.0,16844000.0,16844000.0,0.0,0.0,4004079660.0,4001257660.0,0.0,0.17270244597482784,0.0,0.0,0.0,0.0,0.0,0.0,46.802876145502154,0.0,1.2817935290817282,0.0,0.006846766879757832,0.0,0.16753740204227024,0.44833874855885125,154.0563910584433,0.0,0.267268067961309,3.974515060457681,0.0,0.0,0.0,0.18637674728200576,0.16673453522378115,3.974515060457681,0.0,0.0,Oil & Gas Midstream,Energy,AM
2018Q3,2018,Q3,2018-10-31,2018-09-30,18028000.0,0.0,27013000.0,0.09,0.0,0.0,42258000.0,0.0,4442000.0,14162000.0,17132000.0,0.0,0.0,5422376960.0,5418130960.0,0.0,0.3136562632396554,0.0,0.0,0.0,0.0,0.0,0.0,75.19382294209008,0.0,1.3191147104504104,0.0,0.004385715005693738,0.0,0.2998164101115662,0.42661744521747363,236.3515369191875,0.0,0.28571428571428553,5.490580337162734,0.0,0.0,0.0,0.2530756933342601,0.24852098354594196,5.490580337162734,0.0,0.0,Oil & Gas Midstream,Energy,AM
2018Q2,2018,Q2,2018-08-01,2018-06-30,14387000.0,0.0,21636000.0,0.07,0.0,0.0,39408000.0,0.0,6271000.0,14133000.0,16324000.0,0.0,0.0,5496594480.0,5491294480.0,0.0,0.443713295124885,0.0,0.0,0.0,0.0,0.0,0.0,95.51321470772226,0.0,1.4264961423507334,0.0,0.0037337664393244452,0.0,0.3750088445482205,0.3650781567194478,484.02557942937653,0.0,0.0,8.28050046501064,0.0,0.0,0.0,0.12354549004295197,3.2631799163179918,8.28050046501064,0.0,0.0,Oil & Gas Midstream,Energy,AM
2018Q1,2018,Q1,2018-04-25,2018-03-31,12805000.0,0.0,-9560000.0,0.07,0.0,0.0,43090000.0,0.0,14637000.0,20789000.0,21647000.0,0.0,0.0,4820407320.0,4805925320.0,0.0,0.7040742700466593,0.0,0.0,0.0,0.0,0.0,0.0,94.1118180398282,0.0,1.1516595080046856,0.0,0.003059285039837671,0.0,0.6966184039636346,0.29716871663959155,207.40071078220464,0.0,1.3333333333333337,10.55575515044128,0.0,0.0,0.0,1.1677670560352125,-0.06923162957163628,10.55575515044128,0.0,0.0,Oil & Gas Midstream,Energy,AM
2017Q4,2017,Q4,2018-02-13,2017-12-31,5907000.0,0.0,-8941000.0,0.03,0.0,0.0,29759000.0,0.0,5987000.0,14151000.0,14151000.0,0.0,0.0,5406696240.0,5400709240.0,0.0,0.42307964101476925,0.0,0.0,0.0,0.0,0.0,0.0,228.82581005586593,0.0,1.8596580328423904,0.0,0.0020317398115933367,0.0,0.42307964101476925,0.19849457307033166,371.517641723356,0.0,0.925916415227579,0.381351206454451,0.0,0.0,0.0,0.9835460040295501,-0.0010076130765785938,0.381351206454451,0.0,0.0,Oil & Gas Midstream,Energy,AM
2017Q3,2017,Q3,2017-11-01,2017-09-30,2978000.0,0.0,-8932000.0,0.015577,0.0,0.0,21535000.0,0.0,2468000.0,9511000.0,12855000.0,0.0,0.0,5870034690.0,5867615690.0,0.0,0.2594890127221112,0.0,0.0,0.0,0.0,0.0,0.0,492.7833017125588,0.0,0.0,0.0,0.0,0.0,0.2543370833771423,0.13828651033201764,499.79009706257983,0.0,2.5577,0.07236421299853052,0.0,0.0,0.0,2.837137569401604,0.30403615396602773,0.07236421299853052,0.0,0.0,Oil & Gas Midstream,Energy,AM
2017Q2,2017,Q2,2017-08-02,2017-06-30,-1621000.0,0.0,-12834000.0,-0.01,0.0,0.0,27077000.0,0.0,11749000.0,5414000.0,8137000.0,0.0,0.0,6177120600.0,6165729600.0,0.0,2.1701145179165127,0.0,0.0,0.0,0.0,0.0,0.0,-952.6712831585442,0.0,0.0,0.0,0.0,0.0,2.1701145179165127,-0.059866307197990916,-1151.5884787472037,0.0,0.4356659142212189,-2.045807648136372,0.0,0.0,0.0,0.5086389815095483,-0.23084300374028963,-2.045807648136372,0.0,0.0,Oil & Gas Midstream,Energy,AM
2017Q1,2017,Q1,2017-06-02,2017-03-31,-3299000.0,0.0,-10427000.0,-0.01772,0.0,0.0,28592000.0,0.0,17039000.0,13299000.0,13944000.0,0.0,0.0,6286968093.01,6270213093.01,0.0,1.2812241521918941,0.0,0.0,0.0,0.0,0.0,0.0,-476.42983426871785,0.0,0.0,0.0,0.0,0.0,1.2812241521918941,-0.11538192501398993,879.78842611391,0.0,-1.7704347826086957,-3.977436823104693,0.0,0.0,0.0,-1.771515434985968,-23.534117647058824,-3.977436823104693,0.0,0.0,Oil & Gas Midstream,Energy,AM
2016Q4,2016,Q4,2016-12-31,2016-12-31,4276000.0,0.0,-425000.0,0.023,0.0,0.0,17369000.0,0.0,9826000.0,7100000.0,7100000.0,0.0,0.0,6286968093.01,6277359093.01,0.0,1.383943661971831,0.0,0.0,0.0,0.0,0.0,0.0,367.57297082612257,0.0,0.0,0.0,0.0,0.0,1.383943661971831,0.24618573320283263,-146.78546130162732,0.0,0.541968356127648,0.0,0.0,0.0,0.0,0.5397911415196255,-1.0731707317073171,0.0,0.0,0.0,Oil & Gas Midstream,Energy,AM
2016Q3,2016,Q3,2016-09-30,2016-09-30,2777000.0,0.0,-205000.0,0.014916,0.0,0.0,,,,,,,,6286968093.01,,,0.0,0.0,0.0,0.0,,0.0,0.0,565.9856043401153,0.0,0.0,0.0,0.0,0.0,0.0,0.0,2324.2026221848428,0.0,0.7914965169349027,0.0,0.0,0.0,0.0,0.7916129032258065,-0.41379310344827586,0.0,0.0,0.0,Oil & Gas Midstream,Energy,AM
2016Q2,2016,Q2,2016-06-30,2016-06-30,1550000.0,0.0,-145000.0,0.008326,0.0,0.0,,,,,,,,6286968093.01,,,0.0,0.0,0.0,0.0,,0.0,0.0,1014.0271117758066,0.0,0.0,0.0,0.0,0.0,0.0,0.0,4032.69281142399,0.0,0.3988575268817205,0.0,0.0,0.0,0.0,0.3989169675090253,-2.625,0.0,0.0,0.0,Oil & Gas Midstream,Energy,AM
2016Q1,2016,Q1,2016-03-31,2016-03-31,1108000.0,0.0,-40000.0,0.005952,0.0,0.0,,,,,,,,6286968093.01,,,0.0,0.0,0.0,0.0,,0.0,0.0,1418.5397321773467,0.0,0.0,0.0,0.0,0.0,0.0,0.0,7361.789336077283,0.0,0.0,0.0,0.0,0.0,0.0,0.0,0.0,0.0,0.0,0.0,Oil & Gas Midstream,Energy,AM
