Quarters,Year,Quarter,FillingDate,Date,NetIncome,Revenue,OperatingIncome,EPSDiluted,GrossProfit,GrossProfitRatio,TotalAssets,CommonStockEquity,CurrentAssets,CurrentLiability,TotalLiability,Inventory,RetainedEarnings,MarketCap,EnterpriseValue,bookValuePerShare,currentRatio,debtToAssets,debtToEquity,roic,shareholdersEquityPerShare,roe,priceToSalesRatio,peRatio,pbRatio,payoutRatio,inventoryTurnover,dividendYield,assetTurnover,quickRatio,returnOnAssets,priceToFreeCashFlowsRatio,grossProfitMargin,epsdilutedGrowth,fiveYNetIncomeGrowthPerShare,fiveYRevenueGrowthPerShare,fiveYShareholdersEquityGrowthPerShare,grossProfitGrowth,netIncomeGrowth,operatingIncomeGrowth,threeYNetIncomeGrowthPerShare,threeYRevenueGrowthPerShare,threeYShareholdersEquityGrowthPerShare,Industry,Sector,Symbol
2023Q1,2023,Q1,2023-05-15,2023-03-31,-2933767.0,10119068.0,-2155891.0,-0.13,2218302.0,0.2192199914,64682343.0,19599798.0,17035527.0,14751986.0,45082545.0,2261133.0,-54608804.0,274221238.36,275383304.36,0.8869972823209301,1.1547954966877003,0.12253636204860421,0.4043888105377413,-0.09085811916479186,0.8869972823209301,-0.14968353245273242,27.09945603290738,-23.367673571214073,13.99102370136672,0.0,3.494162439803408,0.0,0.15644250858383407,0.8993968676488712,-0.04535653570867091,-37.104894714558675,0.2192199914063232,-0.3,-0.4676431892299844,0.0,349.56092257453355,-0.28607639423042885,-0.28139010857739116,-1.1882797282579458,-1.4399936058816911,0.8335326198211986,2.4371172491951723,Oil & Gas E&P,Energy,EP
2022Q4,2022,Q4,2023-03-31,2022-12-31,-2289519.0,11021726.0,-985199.0,-0.1,3107198.0,0.2819157362,71545075.0,23235881.0,22734973.0,17620660.0,48309194.0,1840274.0,-52149213.0,271065825.6,267125461.60000002,1.0543613739112379,1.2902452575556194,0.11187461890283852,0.3444706056120704,-0.03383140463790715,1.0543613739112379,-0.0985337719710305,24.593772844652463,-29.598556028580678,11.665829481567753,0.0,4.300733477732121,0.0,0.15405289602394015,1.1194064808015136,-0.032001070653710266,-44.112037806715776,0.2819157362467548,-19.181818181818183,0.5389355105707658,0.0,21.39335614246781,-0.7627731494640825,-18.203433895630614,-4.2972185129034095,0.8244307286183863,0.45477110669819515,2.1235320128935355,Oil & Gas E&P,Energy,EP
2022Q3,2022,Q3,2022-11-14,2022-09-30,133085.0,14749792.0,298797.0,0.0055,13098003.0,0.8880127259,66242382.0,24270533.0,24393881.0,13061730.0,41971849.0,1605357.0,-49859695.0,284715686.45,277679477.45,1.1209691778118747,1.867584232716493,0.13130012444298877,0.3583618456174819,0.005442862818011884,1.1209691778118747,0.005483398325038844,19.303030608838416,534.8380479580719,11.730920225361347,0.0,1.0289231616394359,0.0,0.222663973647566,1.6625190537547476,0.002009061207974073,84.89178949009889,0.8880127258743716,-0.9770833333333333,1.1965216205355893,0.0,17.320671230116346,-0.12508613537715874,-0.9759526081080104,-0.9486950150731369,1.0322398769810743,0.9959113492765053,3.9700981830322495,Oil & Gas E&P,Energy,EP
2022Q2,2022,Q2,2022-08-15,2022-06-30,5534280.0,16564260.0,5823937.0,0.24,14970620.0,0.90379045,64091033.0,22839731.0,23206711.0,12474059.0,41251302.0,1192589.0,-50075636.0,242444393.89999998,239020714.89999998,1.1182259264028296,1.8603977261932143,0.14062585010917206,0.3946130538927976,0.16902170741829217,1.1182259264028296,0.2423093336782294,14.63659673900313,10.951939272136574,10.615028430063383,0.0,1.3362860130355052,0.0,0.25844894714054617,1.7062228100732888,0.08635030114119084,50.318677222245164,0.9037904500412334,0.6,14.547530340545013,0.0,11.993751134344551,0.2662583117491894,0.5754705889553542,0.5596732791923034,1.653670219494672,0.9655681013864709,6.8339769871406855,Oil & Gas E&P,Energy,EP
2022Q1,2022,Q1,2022-05-16,2022-03-31,3512779.0,13158406.0,3734075.0,0.15,11822722.0,0.8984919602,52818798.0,13931364.0,15440677.0,10694151.0,38887434.0,975678.0,-55609916.0,373295048.72999996,376898521.72999996,0.7012424366478417,1.4438431811931587,0.1695813297379467,0.6429436485903318,0.15292513202184166,0.7012424366478417,0.25214896402103915,28.369321385128256,26.566932386722875,26.795297914116663,0.0,1.3689803398252292,0.0,0.24912354120591687,1.2946310557986322,0.06650622757450861,144.45340657227214,0.8984919601963947,1.3658536585365852,4.689250742044292,0.0,5.61177425907857,3.0436884586799065,1.3567294030646944,1.5051502237077905,2.3397105944459877,7.571533805761649,6.994984801507206,Oil & Gas E&P,Energy,EP
2021Q4,2021,Q4,2022-03-31,2021-12-31,-9847181.0,11004221.0,-7392009.0,-0.41,2923747.0,0.2656932281,50089651.0,10834153.0,13118020.0,12054487.0,39255498.0,1037880.0,-59233343.0,239830645.464,245659954.464,0.5453427136593031,1.0882271472854879,0.18848564147512228,0.8714276049082933,-0.4001926372593914,0.5453427136593031,-0.9089017849387949,21.794422836836883,-6.088814795422161,22.136538542883788,0.0,7.785557097159595,0.0,0.21969051052082594,0.9412077013314627,-0.196591128175359,237.13606831968343,0.2656932280803884,-0.7083333333333333,-3.905967115299467,0.0,2.940416453212408,-0.36064732406439565,-1.6426694576951204,-4.2148045221180634,-6.186807054955891,6.514958001717944,17.16380871840947,Oil & Gas E&P,Energy,EP
2021Q3,2021,Q3,2021-11-15,2021-09-30,-3726225.0,10127933.0,2299365.0,-0.24,4572980.0,0.4515215493625402,46642304.0,3730138.0,11744073.0,9917786.0,42912166.0,1531063.0,-50613748.0,135797781.0,146208219.0,0.22524029019295977,1.1841426100543004,0.29153677742849066,3.6454273273535724,0.12651027585646074,0.22524029019295977,-0.9989509771488347,13.408242432093498,-9.110948815490207,36.40556488794785,0.0,3.628167488862313,0.0,0.21714049546094463,1.0088165846691994,-0.07988938539571287,49.98111176297819,0.4515215493625402,0.3333333333333333,-24.98125181552711,0.0,2.6972725714532895,1.8500646300010346,0.2931995716205845,2.1120012264408263,-2.1405039366572995,81.12598026322675,1.275971605350525,Oil & Gas E&P,Energy,EP
2021Q2,2021,Q2,2021-08-23,2021-06-30,-5271962.0,4901464.0,-2067772.0,-0.36,1604518.0,0.3273548474496599,43089729.0,-6203932.0,6499624.0,19676922.0,49293661.0,1690674.0,-46887523.0,108059136.4,129583679.4,-0.4087761323252626,0.3303171095560576,0.5231274487709124,-3.633408618921033,-0.12044796438261544,-0.4087761323252626,0.8497775281869627,22.046298085633193,-5.124237257400566,-17.417846681749573,0.0,1.950077897927099,0.0,0.11375017002311619,0.23464599798688027,-0.12234846034886875,-5.4972729828392755,0.3273548474496599,-2.0,-7.775095118312338,0.0,-7.403056775572192,1.3318906632406886,-4.286870976152751,-1.4034023283493269,-3.2427593696451877,0.0,-10.938670126593985,Oil & Gas E&P,Energy,EP
2021Q1,2021,Q1,2021-05-17,2021-03-31,-997180.0,2456458.0,-860352.0,-0.12,688076.0,0.28010900247429427,17092459.0,-12953516.0,6219002.0,13266932.0,30045975.0,806409.0,-41615561.0,51546916.080000006,57260715.080000006,-1.6283958394276843,0.4687596197824787,0.5633172500223637,-0.7433099245023513,0.31593790761348545,-1.6283958394276843,0.07698141570211517,20.984244827308263,-12.923172366072324,-3.9793764164108034,0.0,2.1929095533407987,0.0,0.14371589248802644,0.39166802091093855,-0.058340347635176426,-63.789451377897464,0.28010900247429427,0.930872788649312,-3.8028117941377713,0.0,-25.111999677163304,1.43458373939477,0.9277871046994288,0.9370566826538248,-0.3857026523967021,0.0,-644.578012203827,Oil & Gas E&P,Energy,EP
2020Q4,2020,Q4,2020-12-31,2020-12-31,-13808891.0,2034631.0,-13668679.0,-1.73593,-1583299.0,-0.7781750106038884,11249601.0,-18441038.0,2222533.0,6072710.0,29690639.0,531309.0,-40618381.0,12409442.76,21896846.759999998,-2.3182361880687705,0.3659870140349202,0.8573725414794712,-0.5230236497533381,1.6725905179792713,-2.3182361880687705,0.7488131091102356,6.099112202654928,-0.22466400017206306,-0.6729253938959401,0.0,6.809464925307119,0.0,0.18086250347901228,0.23207579482636254,-1.2275005131293102,51.8444794639015,-0.7781750106038884,-5.199749999999999,-100.38230370997265,0.0,-27.375025059012742,-99.58034991594546,-7.4130172806651995,-7.3270203504753315,-6.70403414205147,0.0,-50.23652351679502,Oil & Gas E&P,Energy,EP
2020Q3,2020,Q3,2020-09-30,2020-09-30,-1641372.0,1645403.0,-1641485.0,-0.28,16061.0,0.009761134506257738,22758916.0,-6931447.0,2494576.0,12634686.0,29690363.0,588648.0,-26809490.0,8448912.0,17291280.0,-1.1813691135616042,0.19743870168202043,0.394427485034876,-1.295074751347013,-0.8025663779552583,-1.1813691135616042,0.23680077190231708,5.134858754967628,-1.2868673280645704,-1.21892470648625,0.0,2.7679394137073428,0.0,0.07229707249677444,0.09746708386737905,-0.07211995509803719,-10.23070114150579,0.009761134506257738,0.5,-14.148482563609855,0.0,-12.899657771266535,1.05816189438081,0.44794151726179166,0.42403347969765254,-7.9440783754107285,0.0,-20.307823586393404,Oil & Gas E&P,Energy,EP
2020Q2,2020,Q2,2020-06-30,2020-06-30,-2973185.0,994529.0,-2849966.0,-0.56,-276143.0,-0.2776620892905084,23123289.0,-5815075.0,2715364.0,12127554.0,28938364.0,567478.0,-25168118.0,4385416.58,13003326.58,-1.0873223587803373,0.2239003841994849,0.3850543493185593,-1.5311449981298608,-0.9227228224129134,-1.0873223587803373,0.5112891923148025,4.409541179794656,-0.36874736856266926,-0.7541461769624639,0.0,2.2391564078255017,0.0,0.04300984172277568,0.10009973981562977,-0.12857967566811104,-9.429583890597115,-0.2776620892905084,-2.7500000000000004,-32.91420886331785,0.0,-10.707838271319476,0.4515879824916788,-2.8722650604685724,-5.93822124881308,-26.796195844098293,0.0,-13.634652621808902,Oil & Gas E&P,Energy,EP
2020Q1,2020,Q1,2020-03-31,2020-03-31,1588015.0,1314399.0,577124.0,0.32,-503532.0,-0.3830891532936346,12977534.0,-3248140.0,3179742.0,10338440.0,16225674.0,155388.0,-22194933.0,2483971.744,10232696.743999999,-0.6172059258335911,0.30756497111749936,0.6425649125635117,-2.567287124323459,0.11336678473660555,-0.6172059258335911,-0.4888998011169469,1.889815606980833,0.3910497923508279,-0.7647366628285727,0.0,11.699301104332381,0.0,0.10128264738123591,0.12274356672766878,0.12236646808245696,-2.095794900005653,-0.3830891532936346,1.5407871833437548,11.17119094273166,0.0,-15.996578083702628,0.6349749355719148,1.5099456116672398,1.1954539789537568,7.295971344373554,0.0,-6.819422841100322,Oil & Gas E&P,Energy,EP
2019Q4,2019,Q4,2019-12-31,2019-12-31,-3114087.0,1809214.0,-2952736.0,-0.59173,-1379445.0,-0.7624554088128878,11014580.0,-4938655.0,1706837.0,2238066.0,15953235.0,476305.0,-23782948.0,3578603.3600000003,11390425.36,-0.9384346523387828,0.7626392608618334,0.7092255900815101,-1.581771150242323,-1.0276938305361296,-0.9384346523387828,0.6305536628899974,1.9779878776087296,-0.28729153681319763,-0.7246109234194331,0.0,6.694573854987875,0.0,0.1642562857594207,0.43913539636453974,-0.2827240802645221,12.693503781160882,-0.7624554088128878,-1.9586499999999998,-20.720586275222736,0.0,-13372.163013153824,-0.8116671022545944,-2.288533855428939,-2.6835161325735273,-4.856852009982784,0.0,-7.780733017459147,Oil & Gas E&P,Energy,EP
2019Q3,2019,Q3,2019-09-30,2019-09-30,-946953.0,1695264.0,-801608.0,-0.2,-761423.0,-0.4491471534816996,11795358.0,-1874568.0,2567856.0,1910688.0,13669926.0,468023.0,-20668861.0,3973455.2,12101166.2,-0.37741822281021314,1.3439431241521378,0.6905926043109502,-4.345420918312913,-0.12782331473354702,-0.37741822281021314,0.5051579884005275,2.3438562961285085,-1.0490106689561152,-2.119664477362251,0.0,5.249073229307107,0.0,0.1437229798366442,0.6185756125542213,-0.08028183629526124,-2.875306601520778,-0.4491471534816996,0.5,-3.629174420015974,0.0,-17.35023566663674,-2.2185949190514433,0.5279537999860423,0.5650743424636426,-21.015061773760674,0.0,-7.195241721485152,Oil & Gas E&P,Energy,EP
2019Q2,2019,Q2,2019-06-30,2019-06-30,-2006060.0,1996758.0,-1843092.0,-0.4,-236570.0,-0.11847705130015755,11765723.0,-927615.0,1771075.0,2411941.0,12693338.0,435064.0,-19721908.0,5226689.16,11956441.16,-0.19167472358352375,0.7342944955950415,0.571979469514963,-7.254897775477973,-0.3176574424216457,-0.19167472358352375,2.1625997854713432,2.6175876896449144,-0.6513625165747785,-5.634545754434761,0.0,5.133332107460052,0.0,0.16970975774289435,0.3261862541413741,-0.17050035939142882,-14.322325358353451,-0.11847705130015755,-2.3333333333333335,-22.14237276049714,0.0,-4.320969181525991,-2.5387367229727533,-2.4145585887367194,-2.329531269476244,-9.471335183993421,0.0,-4.0023869802918055,Oil & Gas E&P,Energy,EP
2019Q1,2019,Q1,2019-03-31,2019-03-31,-587502.0,343965.0,-553559.0,-0.12,153743.0,0.44697280246536714,10668384.0,-520685.0,806489.0,7684440.0,11189069.0,472023.0,-17715848.0,4095272.3600000003,10551556.36,-0.11697151199975378,0.10495091379462915,0.6079849581717344,-12.457084417642145,-0.09279289759907415,-0.11697151199975378,1.1283251870132613,11.906072885322635,-1.7426631568913806,-7.865162929602351,0.0,0.40299307449001426,0.0,0.032241527864013894,0.035185387614452064,-0.055069446319142616,-0.7724827245115575,0.44697280246536714,-0.739886907351022,-2.7485006254913786,0.0,-2.69338659813431,-0.25189528490097807,-0.9136561293790003,-1.0707186329850706,-4.056663770074825,0.0,-2.732021779524216,Oil & Gas E&P,Energy,EP
2018Q4,2018,Q4,2018-12-31,2018-12-31,-307005.0,328097.0,-267327.0,-0.06897,205510.0,0.626369640685529,1997273.0,-150183.0,367503.0,740986.0,2147456.0,0.0,-17128346.0,3204995.76,4575388.76,-0.03373850329212292,0.49596483604278624,0.7285053169997291,-9.688340224925591,-0.20487323742892813,-0.03373850329212292,2.0442060685963126,9.768439699235287,-2.609888894317682,-21.340602864505303,0.0,0.0,0.0,0.16427248553402565,0.28233731811397245,-0.1537120864298471,14.702961974098896,0.626369640685529,0.13787499999999997,-1.3184980287312673,0.0,-1.4717223321940565,34.44344995931652,-0.3143800251740348,-0.2637064980003971,-3.0279263548607847,0.0,-1.3838495293806226,Oil & Gas E&P,Energy,EP
2018Q3,2018,Q3,2018-09-30,2018-09-30,-233574.0,24277.0,-211542.0,-0.08,-6145.0,-0.25312023726160565,1723210.0,322636.0,79585.0,294980.0,1400574.0,0.0,-16821341.0,3260120.0,4326619.0,0.09896445529612406,0.2697979524035528,0.6527625768188439,3.4864274290531743,-0.14614472156149674,0.09896445529612406,-0.7239551692929493,134.28842113935,-3.4893866611866047,10.104638044111631,0.0,0.0,0.0,0.014088242292001556,0.2697979524035528,-0.13554587078765792,-2.186668920328364,-0.25312023726160565,0.0,-1.4194710709619047,0.0,0.04481754077072477,0.0,-0.014449699670354012,-0.00541819944677332,-2.8796390099996687,0.0,-0.0031539372200859984,Oil & Gas E&P,Energy,EP
2018Q2,2018,Q2,2018-06-30,2018-06-30,-230247.0,0.0,-210402.0,-0.08,0.0,0.0,304235.0,-96290.0,4235.0,348720.0,400525.0,0.0,-16587767.0,2587256.2,2799273.2,-0.034239670582294865,0.012144413856389081,0.7108057915755912,-2.2458406895835497,-1.7539054033777364,-0.034239670582294865,2.391182885034791,0.0,-2.8092181439931903,-26.869417384982867,0.0,0.0,0.0,0.0,0.012144413856389081,-0.756806416092823,-39.802104518253,0.0,0.0,-1.9606518469730148,0.0,-1.290710460523812,0.0,0.06519559083250441,0.07179819743511692,-3.994581802411773,0.0,-1.3056988406354701,Oil & Gas E&P,Energy,EP
2018Q1,2018,Q1,2018-03-31,2018-03-31,-246305.0,0.0,-226677.0,-0.08,0.0,0.0,359238.0,6889.0,59238.0,302776.0,352349.0,0.0,-16357520.0,1524703.6,1665815.6,0.002530222923327524,0.19564958913520225,0.557708260261999,29.082595442009,-1.0937950868321118,0.002530222923327524,-35.7533749455654,0.0,-1.5475767848805344,221.32437218754538,0.0,0.0,0.0,0.0,0.19564958913520225,-0.6856318095524415,-10.622003316102605,0.0,0.6449651622065415,-1.7906882023243997,0.0,-0.9817812011127839,0.0,0.5985209309300499,0.6176222020920735,-2.0492826947615894,0.0,-0.9385218384162338,Oil & Gas E&P,Energy,EP
2017Q4,2017,Q4,2017-12-31,2017-12-31,-613494.0,0.0,-592809.0,-0.22533,0.0,0.0,377780.0,128194.0,77780.0,202220.0,249586.0,0.0,-16111215.0,1717469.698,1824311.698,0.047083669245616,0.38463060033626745,0.48870241939753295,1.4401766073295161,-1.8950725026852846,0.047083669245616,-4.785668596034136,0.0,-0.6998722473243423,13.39742654102376,0.0,0.0,0.0,0.0,0.38463060033626745,-1.6239451532638043,-24.940384502563063,0.0,-4.633249999999999,-5.9747041868175685,0.0,-0.7141999312742285,0.0,-7.936677883144693,-10.567004878048781,-7.271006754484919,0.0,671.9658285846508,Oil & Gas E&P,Energy,EP
2017Q3,2017,Q3,2017-09-30,2017-09-30,-68649.0,0.0,-51250.0,-0.04,0.0,0.0,352037.0,134293.0,52037.0,47652.0,217744.0,0.0,-15497721.0,1668071.56,1824020.56,0.061186032090853465,1.092021321245698,0.48316512184798754,1.2665738348238553,-0.16837229167008888,0.061186032090853465,-0.5111882227666371,0.0,-6.074638960509256,12.421135576686797,0.0,0.0,0.0,0.0,0.2967976160496936,-0.19500507048974966,-28.915900636191864,0.0,0.0,-0.11227119229459226,0.0,0.7815337341241001,0.0,-0.5761812921890067,-0.9033647775384387,0.2405720377304572,0.0,1.6506564435149496,Oil & Gas E&P,Energy,EP
2017Q2,2017,Q2,2017-06-30,2017-06-30,-43554.0,0.0,-26926.0,-0.04,0.0,0.0,359724.0,187406.0,59724.0,55762.0,172318.0,0.0,-15429073.0,696848.64,791574.64,0.08605874584185168,1.071051970876224,0.32401507822664044,0.6219438011589811,-0.08858344135122154,0.08605874584185168,-0.23240451212874721,0.0,-3.999911833585893,3.7183902329701293,0.0,0.0,0.0,0.0,0.3914852408450199,-0.12107615838809754,-15.453587918302176,0.0,0.0,0.4168440414774324,0.0,0.5519295614676304,0.0,0.5826961770623742,0.6872124901259236,-0.11662269813917313,0.0,0.49105963164218985,Oil & Gas E&P,Energy,EP
2017Q1,2017,Q1,2017-03-31,2017-03-31,-104370.0,0.0,-86084.0,-0.04,0.0,0.0,408923.0,230961.0,108923.0,75076.0,177962.0,0.0,-15385518.0,1306591.2,1342554.2,0.10605964589383428,1.4508364856944962,0.2516023799101542,0.445469148470954,-0.2578546459905286,0.10605964589383428,-0.451894475690701,0.0,-3.129709686691578,5.657194071726395,0.0,0.0,0.0,0.0,0.8914033779103842,-0.2552314249871003,-20.31391791044776,0.0,0.604077996634663,-0.06187315882494035,0.0,0.2818837695583105,0.0,0.525621096839292,0.6017892745296678,-0.3612265341648931,0.0,0.5354164436197733,Oil & Gas E&P,Energy,EP
2016Q4,2016,Q4,2016-12-31,2016-12-31,-220014.0,0.0,-216177.0,-0.10103,0.0,0.0,382743.0,301381.0,82743.0,22518.0,81362.0,0.0,-15281148.0,1371920.76,1362021.76,0.1383972278398936,3.674527045030642,0.1537428509469801,0.19524787561259668,-0.6001165937955445,0.1383972278398936,-0.7300194770075088,0.0,-1.5589016608034034,4.55211430050335,0.0,0.0,0.0,0.0,3.0528022026822987,-0.5748348108260635,-21.25493074706411,0.0,-10.666281755196305,-1.9430813688424295,0.0,0.14510227206298362,0.0,-10.666260141046715,-10.462802905774431,-2.396394145778959,0.0,0.9350313948594516,Oil & Gas E&P,Energy,EP
2016Q3,2016,Q3,2016-09-30,2016-09-30,-18859.0,0.0,-18859.0,-0.00866,0.0,0.0,182264.0,132664.0,789.0,49600.0,49600.0,0.0,-15061134.0,783954.72,783165.72,0.06092066133615472,0.01590725806451613,0.0,0.0,-0.14215612374118072,0.06092066133615472,-0.14215612374118072,0.0,-10.392315605281297,5.9093252125670865,0.0,0.0,0.0,0.0,0.01590725806451613,-0.10347078962384233,-258.38982201713907,0.0,0.7835,0.74095231848138,0.0,-0.5945660980212228,0.0,0.7812282492691754,0.7812282492691754,0.7075445603262531,0.0,-0.356829930817997,Oil & Gas E&P,Energy,EP
2016Q2,2016,Q2,2016-06-30,2016-06-30,-86204.0,0.0,-86204.0,-0.04,0.0,0.0,185298.0,139023.0,3823.0,46275.0,46275.0,0.0,-15042275.0,1045272.96,1041449.96,0.06384077896743832,0.08261480280929227,0.0,0.0,-0.6200700603497263,0.06384077896743832,-0.6200700603497263,0.0,-3.0313934388195443,7.518705250210396,0.0,0.0,0.0,0.0,0.08261480280929227,-0.4652181890792129,-210.4435192268975,0.0,0.0,-0.19282382070889476,0.0,-0.4717693860100905,0.0,-0.5166613885076885,-0.5166613885076885,-0.4314754648970614,0.0,-0.45796259315007154,Oil & Gas E&P,Energy,EP
2016Q1,2016,Q1,2016-03-31,2016-03-31,-56838.0,0.0,-56838.0,-0.04,0.0,0.0,190265.0,147067.0,8790.0,43198.0,43198.0,0.0,-14956071.0,609742.56,600952.56,0.06753466577763573,0.20348164266864208,0.0,0.0,-0.38647691188369926,0.06753466577763573,-0.38647691188369926,0.0,-2.6819318061860025,4.146018889349753,0.0,0.0,0.0,0.0,0.20348164266864208,-0.2987307176832313,-65.45813848631241,0.0,-1.3364485981308412,0.351498703069281,0.0,-0.44882088878817616,1.0,-0.5243382412100732,-0.5251153804872813,0.1948333164557528,0.0,-0.5137185414082052,Oil & Gas E&P,Energy,EP
2015Q4,2015,Q4,2015-12-31,2015-12-31,-37287.0,0.0,-37268.0,-0.01712,-9276.0,0.0,199580.0,191405.0,18105.0,8175.0,8175.0,0.0,-14899233.0,783954.72,765849.72,0.08789512741246076,2.214678899082569,0.0,0.0,-0.19470755727384342,0.08789512741246076,-0.19480682322823334,0.0,-5.256220130340332,4.095790183119563,0.0,0.0,0.0,0.0,2.214678899082569,-0.18682733740855798,-43.889526368827674,0.0,0.0729409216440137,0.9870909993429998,0.0,-0.3326910521154268,0.0,0.07280865348750466,0.07339632023868722,0.4699927184563838,0.0,-0.4664724763888127,Oil & Gas E&P,Energy,EP
2015Q3,2015,Q3,2015-09-30,2015-09-30,-40215.0,0.0,-40220.0,-0.018467,0.0,0.0,217442.0,216192.0,35967.0,1250.0,1250.0,0.0,-14861946.0,1097536.608,1061569.608,0.09927757052090967,28.7736,0.0,0.0,-0.1860383362936649,0.09927757052090967,-0.1860152087033748,0.0,-6.822930548302873,5.076675399644761,0.0,0.0,0.0,0.0,28.7736,-0.18494587062297072,-41.4712491214812,0.0,-0.12658613958028309,0.7192300793905346,0.0,-0.9317311217447628,0.0,-0.126565257584671,-0.12642132974850165,0.34328467047304556,0.0,1.8906326310269785,Oil & Gas E&P,Energy,EP
2015Q2,2015,Q2,2015-06-30,2015-06-30,-35697.0,0.0,-35706.0,-0.016392,0.0,0.0,243907.0,243907.0,62432.0,0.0,0.0,0.0,-14821731.0,1001719.92,939287.92,0.11200458108090733,0.0,0.0,0.0,-0.14639186247217176,0.11200458108090733,-0.14635496316218888,0.0,-7.0154349104966816,4.106974871569902,0.0,0.0,0.0,0.0,0.0,-0.14635496316218888,-15.409653262775745,0.0,0.5902,0.8105437755968421,0.0,-0.9226664508628344,0.0,0.4216767922235723,0.4215778389761866,0.5220434804752699,0.0,1.019820515612549,Oil & Gas E&P,Energy,EP
2015Q1,2015,Q1,2015-03-31,2015-03-31,-61725.0,0.0,-61730.0,-0.04,0.0,0.0,127438.0,85629.0,127438.0,41809.0,41809.0,0.0,-14786034.0,1747681.3199999998,1620243.3199999998,0.041156450650854354,3.0480996914539933,0.0,0.0,-0.7209006294596457,0.041156450650854354,-0.7208422380268367,0.0,-7.078498663426488,20.409923273657288,0.0,0.0,0.0,0.0,3.0480996914539933,-0.4843531756618905,-228.6343956043956,0.0,-0.46842878120411163,0.3678300235849702,0.0,-0.9716565781590467,1.0,-0.08898925565886276,-0.36540588365405885,0.34270008134113994,0.0,-0.5025649420443256,Oil & Gas E&P,Energy,EP
2014Q4,2014,Q4,2014-12-31,2014-12-31,-56681.0,0.0,-45210.0,-0.02724,-18882.0,0.0,82.0,-146.0,82.0,228.0,228.0,0.0,-14724309.0,832229.2000000001,832147.2000000001,-7.017297638679344e-05,0.35964912280701755,0.0,0.0,309.6575342465753,-7.017297638679344e-05,388.2260273972603,0.0,-3.670670947936699,-5700.200000000001,0.0,0.0,0.0,0.0,0.35964912280701755,-691.2317073170732,-18.439074755173486,0.0,0.319,0.379799718014235,0.0,-1.000053834156393,-0.5628207250455223,0.27857397413705326,0.4148936170212766,0.20641221133563045,0.0,-1.0005806130364903,Oil & Gas E&P,Energy,EP
2014Q3,2014,Q3,2014-09-30,2014-09-30,-78568.0,0.0,-77268.0,-0.04,-12082.0,0.0,195298.0,44035.0,3583.0,151263.0,151263.0,0.0,-14667628.0,1144591.2,1292675.2,0.023083350632085935,0.023687220271976624,0.7593523743202696,3.3677756330191895,-0.4017365534094159,0.023083350632085935,-1.7842171000340639,0.0,-3.6420400162916198,25.992760304303395,0.0,0.0,0.0,0.0,0.0018709135743704673,-0.4022980266054952,-33.96513843140746,0.0,-1.2331961719687436,0.4987332503342453,0.0,-0.9820903835725417,-42.77536231884058,-1.2993941877140098,-1.3249684058494313,-0.2319584862309471,0.0,-0.8463776867773971,Oil & Gas E&P,Energy,EP
2014Q2,2014,Q2,2014-06-30,2014-06-30,-34169.0,0.0,-33234.0,-0.017911547808510148,-276.0,0.0,227627.0,110103.0,4162.0,117524.0,117524.0,0.0,-14589060.0,2270105.88,2269310.88,0.05771650175189186,0.035414043089071166,0.0,0.0,-0.30184463638592957,0.05771650175189186,-0.31033668474065196,0.0,-16.60939652901753,20.618020217432765,0.0,0.0,0.0,0.0,0.0073346720669820635,-0.15010960914127058,-79.25240469208211,0.0,0.5522113047872463,-2.197370490445489,-1.0,-0.9326523340142071,0.9406068431245965,0.4912829216728453,0.4983622888711114,0.4602775535871114,0.0,-0.5224428077028699,Oil & Gas E&P,Energy,EP
2014Q1,2014,Q1,2014-03-31,2014-03-31,-67167.0,0.0,-66251.0,-0.04,-4647.0,0.0,246170.0,131772.0,22705.0,114398.0,114398.0,0.0,-14554891.0,4273140.48,4358881.48,0.06907549175635808,0.19847374954107588,0.42685948734614293,0.7974379989679142,-0.27971475858341915,0.06907549175635808,-0.509721336854567,0.0,-15.904910447094556,32.42828886258083,0.0,0.0,0.0,0.0,0.16962709138271648,-0.27284803184790996,-90.7498986981545,0.0,-0.34453781512605053,0.357611626213966,-1.0,-0.9169309064142719,0.7135195117440355,-0.18362204169383403,-0.16748021921863712,0.12518274887409506,0.0,-0.43624555308901714,Oil & Gas E&P,Energy,EP
2013Q4,2013,Q4,2013-12-31,2013-12-31,-56747.0,0.0,-56747.0,-0.02975,-16221.0,0.0,228591.0,136439.0,5126.0,92152.0,92152.0,0.0,-14487724.0,381530.4,470184.4,0.07152195473807592,0.055625488323639206,0.40062819621069945,0.6712157081186464,,0.07152195473807592,-0.4159148044180916,0.0,-1.680839515745326,2.796344153797668,0.0,0.0,0.0,0.0,0.03175188818473826,-0.2482468688618537,-10.70391650768713,0.0,-0.0046539397748194145,0.5582239609619687,-1.0,-0.9183410423813582,-0.21532928748033267,-0.004585044611244866,-0.004585044611244866,0.9775731946644355,0.0,-0.4569978817716887,Oil & Gas E&P,Energy,EP
2013Q3,2013,Q3,2013-09-30,2013-09-30,-56488.0,0.0,-56488.0,-0.029612186666652687,-13347.0,0.0,237233.0,180686.0,13768.0,56547.0,56547.0,0.0,-14430977.0,1030100.2200000001,1027110.2200000001,0.09471936623797635,0.24347887597927387,0.0,0.0,,0.09471936623797635,-0.3126307516907785,0.0,-4.558933844356324,5.701051658678591,0.0,0.0,0.0,0.0,0.2045731869064672,-0.23811189842897068,-18.345833763735776,0.0,-0.07081746857951667,0.5891874971453576,-1.0,-0.8979090317796464,-5.386124401913875,-0.0708219593569912,-0.0708219593569912,0.5497834423794427,0.0,-0.9348656010800376,Oil & Gas E&P,Energy,EP
2013Q2,2013,Q2,2013-06-30,2013-06-30,-52752.0,0.0,-52752.0,-0.027653813591530654,-2090.0,0.0,228862.0,224674.0,5397.0,4188.0,4188.0,0.0,-14374489.0,76303.40000000001,73164.40000000001,0.11777928637518119,1.2886819484240688,0.0,0.0,-0.23479352306007817,0.11777928637518119,-0.23479352306007817,0.0,-0.36161377767667574,0.3396182913910822,0.0,0.0,0.0,0.0,0.7633715377268386,-0.23049698071326827,-778.6061224489797,0.0,0.14691851157074243,0.7869160943715262,-1.0,-0.8809570692755069,0.5900353079639075,0.14691851157074243,0.14691851157074243,0.6803897723654642,0.0,-0.9186793063075167,Oil & Gas E&P,Energy,EP
2013Q1,2013,Q1,2013-03-31,2013-03-31,-61837.0,0.0,-61837.0,-0.03241637987298076,-5098.0,0.0,305556.0,264925.0,4337.0,40631.0,40631.0,0.0,-14321738.0,152606.80000000002,149369.80000000002,0.13887978779451504,0.1067411582289385,0.0,0.0,-0.2334132301594791,0.13887978779451504,-0.2334132301594791,0.0,-0.6169720393938903,0.5760377465320374,0.0,0.0,0.0,0.0,0.07966823361472768,-0.20237534199950255,-8.70596154943237,0.0,-0.003292475177368022,0.6734555394683666,0.0,-0.8772531131584098,-1.5320392402421206,-0.0034075973193567755,-0.03974912985724614,0.3092510415084653,0.0,-0.9043569513796184,Oil & Gas E&P,Energy,EP
2012Q4,2012,Q4,2012-12-31,2012-12-31,-61627.0,0.0,-59473.0,-0.03231,9582.0,0.0,324397.0,314262.0,23236.0,10135.0,10135.0,0.0,-14259901.0,137346.12,116580.12,0.16474337971833497,2.292649235323138,0.0,0.0,,0.16474337971833497,-0.19610070578052707,0.0,-0.5571669884953023,0.43704335872615835,0.0,0.0,0.0,0.0,2.1841144548593983,-0.18997401332318117,-9.882437760828896,0.0,-0.1489854192351427,0.4025426156509585,-1.0,-0.8264963778913429,1.7930149797235786,-0.22941728010852436,-0.2467872790926815,0.26453071212210166,0.0,-0.8736148682142215,Oil & Gas E&P,Energy,EP
2012Q3,2012,Q3,2012-09-30,2012-09-30,-50127.0,0.0,-47701.0,-0.028120461286191202,-12083.0,0.0,337010.0,61222.0,6613.0,275788.0,275788.0,0.0,-14198274.0,142606.48,140339.48,0.03434458237802378,0.023978563244231078,0.0,0.0,,0.03434458237802378,-0.8187742968214041,0.0,-0.7112258862489278,2.329333899578583,0.0,0.0,0.0,0.0,0.01600142138164097,-0.1487403934601347,-3.252069052017058,0.0,0.18008734481574176,-0.048009133012118205,0.0,-0.9660031193552646,0.0,0.1800873448157417,0.1887722997908199,0.6577489474785241,0.0,-0.9733531623482488,Oil & Gas E&P,Energy,EP
2012Q2,2012,Q2,2012-06-30,2012-06-30,-61137.0,0.0,-58801.0,-0.03429689871035314,0.0,0.0,346316.0,98849.0,25464.0,247467.0,247467.0,0.0,-14148147.0,249561.34000000003,228443.34000000003,0.05545273959500298,0.10289856829395434,0.0,0.0,-0.5948568017885867,0.05545273959500298,-0.6184888061588888,0.0,-1.0205004334527372,2.524672379083248,0.0,0.0,0.0,0.0,0.09400849406183451,-0.17653530301805287,-2.937570949326114,0.0,0.24012826727320177,0.9092176410073125,-1.0,-0.9465063134757616,1.0,0.24012826727320183,0.25996450910555396,-3.292716121945834,-1.0,-0.9352938506166655,Oil & Gas E&P,Energy,EP
2012Q1,2012,Q1,2012-03-31,2012-03-31,-80457.0,0.0,-79457.0,-0.045135115879727204,-12161.0,0.0,330171.0,147486.0,9319.0,182685.0,182685.0,0.0,-14087010.0,2528412890.4,2528506817.4,0.08273733423614411,0.05101130361003914,0.30287335956216627,0.6780304571281341,-0.32105654461262456,0.08273733423614411,-0.5455229648915829,0.0,-7856.410537305642,17143.40947886579,0.0,0.0,0.0,0.0,0.04499001012672086,-0.2436828189029321,-77778.17430786269,0.0,-0.31474267054259264,0.9451543649599021,-1.0,-0.8547168626708289,0.3162984201945241,-0.3147857633101284,-0.3200152839153404,0.1765154883430444,-1.0,-0.9005013907836088,Oil & Gas E&P,Energy,EP
2011Q4,2011,Q4,2011-12-31,2011-12-31,-61194.0,0.0,-60194.0,-0.03433,-17787.0,0.0,326930.0,215443.0,13273.0,111487.0,111487.0,0.0,-14006553.0,2273432504.16,2273527526.16,0.12086014604665932,0.1190542395077453,0.3058758755696938,0.46415989380021627,,0.12086014604665932,-0.2840380054121044,0.0,-9287.808053730758,10552.361896928653,0.0,0.0,0.0,0.0,0.10918761828733395,-0.18717768329611845,-43925.97001623,0.0,-0.026888596491228028,-130.67811746084502,-1.0,-0.9124492780176471,-0.14371141975308643,-0.041298688039205673,-0.04197753120185567,0.4901787056861629,-1.0,-0.8620100138488955,Oil & Gas E&P,Energy,EP
2011Q3,2011,Q3,2011-09-30,2011-09-30,-58767.0,0.0,-57769.0,-0.03343108504398827,-15552.0,0.0,374197.0,264136.0,118982.0,110061.0,110061.0,0.0,-13945359.0,1474910659.2,1474853925.2,0.15026040259293286,1.0810550512897392,0.0,0.0,,0.15026040259293286,-0.22248765787321684,0.0,-6274.4,5583.906242238847,0.0,0.0,0.0,0.0,1.0710605936707827,-0.15704829274419624,-25131.81214238247,0.0,-0.007367269377235797,0.708520237865084,-1.0,-0.8957306148947021,0.0,-0.017170056252704458,-0.017471863606742168,0.5362075798497699,-1.0,-0.8380454748044736,Oil & Gas E&P,Energy,EP
2011Q2,2011,Q2,2011-06-30,2011-06-30,-57775.0,0.0,-56777.0,-0.033186590492120804,0.0,0.0,317651.0,210403.0,62436.0,107248.0,107248.0,0.0,-13886592.0,1687990214.4,1687974793.4,0.12085777930443434,0.5821647023720722,0.0,0.0,-0.269848813942767,0.12085777930443434,-0.2745920923180753,0.0,-7304.154973604501,8022.652787270144,0.0,0.0,0.0,0.0,0.5719081008503655,-0.18188200257515325,-63842.292526475045,0.0,0.17543826642608995,0.6254616039943405,-1.0,-0.8647887588410894,1.0,0.1710428145087236,0.18251191453212964,0.744283793150337,-1.0,-0.8778455474469102,Oil & Gas E&P,Energy,EP
2011Q1,2011,Q1,2011-03-31,2011-03-31,-69696.0,0.0,-69453.0,-0.04024755108180885,-11279.0,0.0,363258.0,212179.0,108043.0,151079.0,151079.0,0.0,-13828817.0,1496174112.0,1496232251.0,0.12252762197238178,0.71514240893837,0.2752864355361754,0.4713001757949656,,0.12252762197238178,-0.3284773705220592,0.0,-5366.786157024793,7051.471220054766,0.0,0.0,0.0,0.0,0.6872232408210274,-0.1918636341112928,-11796.875390292364,0.0,0.9696567795162817,0.7135861943431984,-1.0,-0.042070437169413666,0.6011951064281168,0.9696566784825205,0.9696316869710917,0.5945687054746335,0.0,-0.8917057378323048,Oil & Gas E&P,Energy,EP
2010Q4,2010,Q4,2010-12-31,2010-12-31,-2296914.0,0.0,-2287022.0,-1.32641,-28282.0,0.0,377155.0,228090.0,121940.0,149065.0,149065.0,0.0,-13759121.0,1143741987.84,1143673298.84,0.13171579324853336,0.818032401972294,0.0,0.0,,0.13171579324853336,-10.070209127975799,0.0,-124.48681011130587,5014.43284598185,0.0,0.0,0.0,0.0,0.768818971589575,-6.09010618976283,-1654.8725400500045,0.0,-19.166418337014584,-2.7833362877140044,1.0,-0.4822946599653759,0.5844976273377701,-19.21237427291687,-17.416101653970657,-23.52992083049295,-1.0,-0.8612802089127464,Oil & Gas E&P,Energy,EP
2010Q3,2010,Q3,2010-09-30,2010-09-30,-113639.0,0.0,-124186.0,-0.06577320661673632,-68067.0,0.0,2746040.0,2512504.0,125093.0,199336.0,233536.0,0.0,-11462207.0,1026692217.6,1026632392.6,1.4542141757440357,0.6275484608901554,0.0,0.0,,1.4542141757440357,-0.04522938072934411,0.0,-2258.6704775649205,408.6330678876531,0.0,0.0,0.0,0.0,0.5806276839105832,-0.041382864051506894,-949.2478331337805,0.0,0.23982312712678983,-0.39469833836646573,-1.0,1.4605786211844471,0.05325748303104484,0.19971971633603053,0.1331727916797543,-1.4512727775088765,0.0,0.4394918307781469,Oil & Gas E&P,Energy,EP
2010Q2,2010,Q2,2010-06-30,2010-06-30,-141999.0,0.0,-143265.0,-0.08652355650881084,-71896.0,0.0,2430929.0,2376943.0,962325.0,19786.0,53986.0,0.0,-11348568.0,875197804.8,874281394.8,1.4483310585195837,48.636662286465175,0.0,0.0,,1.4483310585195837,-0.05974017887681783,0.0,-1540.8520567046246,368.2031099609877,0.0,0.0,0.0,0.0,48.636662286465175,-0.05841347073485075,-1378.9678588760248,0.0,-0.8436992896069772,-1.3605707171183339,-1.0,1.1248190966425,-6.2402819738167175,-0.8845255474452555,-0.8608019119117819,0.7709760105529357,-1.0,0.3971639308285243,Oil & Gas E&P,Energy,EP
2010Q1,2010,Q1,2010-03-31,2010-03-31,-75350.0,0.0,-76991.0,-0.04692932139017916,-9930.0,0.0,2377216.0,2331442.0,1439501.0,11574.0,45774.0,0.0,-11206569.0,835428913.9200001,834035327.9200001,1.4520635822237835,124.3736823915673,0.0,0.0,,1.4520635822237835,-0.0323190540446642,0.0,-2771.8278497677506,358.3314163165972,0.0,0.0,0.0,0.0,124.3736823915673,-0.031696741061813485,-18369.553286571827,0.0,-0.06827501457271036,0.5441516025902492,-1.0,8.545627605183261,0.5456625183016105,-0.06837000907441017,-0.07259682362775147,0.9429741481000319,-1.0,1.5497600904664788,Oil & Gas E&P,Energy,EP
2009Q4,2009,Q4,2009-12-31,2009-12-31,-70528.0,0.0,-71780.0,-0.04393,-21856.0,0.0,2137695.0,2092912.0,1217480.0,10583.0,44783.0,0.0,-11131219.0,757589135.04,756417570.04,1.3035028518827159,115.04110365680809,0.0,0.0,,1.3035028518827159,-0.03369850237372618,0.0,-2685.419744782214,361.97849457597835,0.0,0.0,0.0,0.0,115.04110365680809,-0.03299254570928032,-12372.842316511513,0.0,0.46533278440024933,0.3089555703330251,-1.0,13.373213676591819,0.6166152119000842,0.27958406112421985,0.2687523558235959,-167.49096829923334,-1.0,-0.055746501048165926,Oil & Gas E&P,Energy,EP
2009Q3,2009,Q3,2009-09-30,2009-09-30,-97899.0,0.0,-98161.0,-0.08216325729028014,-57008.0,0.0,1577445.0,1535724.0,657230.0,7521.0,41721.0,0.0,-11060691.0,590230356.48,589612776.48,1.2888802351286341,87.3859859061295,0.0,0.0,,1.2888802351286341,-0.06374778280472272,0.0,-1507.2430680599393,384.3336149464357,0.0,0.0,0.0,0.0,87.3859859061295,-0.06206175175679659,-5571.4696943495255,0.0,-6.4925381508079,0.019874717686292478,-1.0,23.359154218721905,-1.892485666446801,-6.492538150807899,-0.15641345836671222,0.283632982307065,-1.0,-0.10561433836092148,Oil & Gas E&P,Energy,EP
2009Q2,2009,Q2,2009-06-30,2009-06-30,17824.0,5292.0,-84884.0,0.014959069019519638,-19709.0,-3.7243008314436885,1055875.0,1021123.0,167850.0,552.0,34752.0,0.0,-10962792.0,527890134.72,527734427.72,0.8569933479813145,304.07608695652175,0.0,0.0,,0.8569933479813145,0.01745529186983351,99752.48199546486,7404.204088868941,516.9701737400882,0.0,0.0,0.0,0.005011956907777909,298.5960144927536,0.01688078607789748,-7308.157417246965,-3.7243008314436885,1.2729263325524063,1.1782955700049742,1.338258552794517,81.68060746453344,-0.6583087925957088,1.2729263325524063,-0.2997687843569602,1.1688255898911655,-0.8135400553311541,-0.04122734248160899,Oil & Gas E&P,Energy,EP
2009Q1,2009,Q1,2009-03-31,2009-03-31,-65307.0,4501.0,-65307.0,-0.05480991474740625,-11885.0,-2.6405243279271273,1054653.0,990798.0,84811.0,11655.0,63855.0,0.0,-10980617.0,357455400.0,357393984.0,0.8315426204220163,7.276791076791077,0.0,0.0,,0.8315426204220163,-0.06591353636159944,79416.88513663631,-1368.3655657127108,360.77525388626134,0.0,0.0,0.0,0.00426775441780377,6.7577005577005576,-0.061922736672630714,-5700.497560042101,-2.6405243279271273,0.18607195207296923,0.06949003596709495,-0.9139720534938579,9.605724397910793,0.6659828002922826,0.18601288778651642,0.18601288778651642,0.6099559886607654,1.0477907352332652,5.501058667697068,Oil & Gas E&P,Energy,EP
2008Q4,2008,Q4,2008-12-31,2008-12-31,-80231.0,6161.0,-80231.0,-0.06734,-35582.0,-5.7753611426716445,1115197.0,1043605.0,145355.0,19392.0,71592.0,0.0,-10915310.0,447820125.11999995,447696003.11999995,0.8758617158951858,7.495616749174918,0.0,0.0,,0.8758617158951858,-0.07687870410739696,72686.27254017204,-1395.408648527377,429.1088343961556,0.0,0.0,0.0,0.005524584445618128,7.027640264026402,-0.07194334274572116,-6937.569715259488,-5.7753611426716445,0.06578618277504174,0.3146262885043181,-0.9266923949912305,6.211840390738155,0.2075101895365153,0.0658539709152724,0.11146673163816781,0.8079385504286376,1.0788317807549894,2.4425506332049176,Oil & Gas E&P,Energy,EP
2008Q3,2008,Q3,2008-09-30,2008-09-30,-85887.0,5350.0,-90296.0,-0.07208199960050961,-44899.0,-8.392336448598131,1159526.0,1105483.0,189684.0,1843.0,54043.0,0.0,-10835079.0,729780944.64,729592272.64,0.9277937890992835,102.92132392837765,0.0,0.0,,0.9277937890992835,-0.07769183243885253,136407.65320373833,-2124.247396695658,660.1466912109911,0.0,0.0,0.0,0.004613954322714627,102.92132392837765,-0.07407078409626003,-9370.943213529026,-8.392336448598131,0.44457881190423837,0.6381478808357246,-0.9526397431473194,3.516975318470882,0.34996814917766966,0.44457881190423837,0.41606632435298835,-0.5284741346848364,-0.9040531139720138,0.5698578657833385,Oil & Gas E&P,Energy,EP
2008Q2,2008,Q2,2008-06-30,2008-06-30,-154634.0,9643.0,-154634.0,-0.1297789878121858,-69072.0,-7.162916104946594,1251583.0,1178870.0,294766.0,20513.0,72713.0,0.0,-10749192.0,1243372863.36,1243093289.36,0.9893849694255563,14.369716764978307,0.0,0.0,,0.9893849694255563,-0.13117137597869147,128940.46078606242,-2010.1867366814542,1054.7158408984876,0.0,0.0,0.0,0.007704642840307035,14.154146151221177,-0.12355073534875434,-11642.395042557375,-7.162916104946594,-0.3073208584526259,-0.09461693611706533,-0.8217327440547622,5.975474280218665,0.0,-0.3341558531198233,-0.3341558531198233,-1.540829625947775,-0.9096381792540574,0.45150797160651535,Oil & Gas E&P,Energy,EP
2008Q1,2008,Q1,2008-03-31,2008-03-31,-115904.0,0.0,-115904.0,-0.09927095324233953,0.0,0.0,1411043.0,1321006.0,424273.0,37837.0,90037.0,0.0,-10594557.0,932547133.44,932177263.44,1.131432261689415,11.213177577503503,0.0,0.0,,1.131432261689415,-0.08773919270616484,0.0,-2011.464516841524,705.9370914590851,0.0,0.0,0.0,0.0,11.008615905066469,-0.08214065765536557,-63184.980922826755,0.0,-0.8359710235313396,0.765956905929302,0.0,2.6920094204259017,1.0,-0.8358703055454358,-0.42554578439210383,0.035730677445322816,-1.0,6.879471540856297,Oil & Gas E&P,Energy,EP
2007Q4,2007,Q4,2007-12-31,2007-12-31,-63133.0,5101.0,-81305.0,-0.05407,-16571.0,-3.2485787100568517,1460774.0,1108602.0,487457.0,299972.0,352172.0,0.0,-10478654.0,966172631.04,965788001.04,0.9495097434632461,1.6250083341111836,0.0,0.0,,0.9495097434632461,-0.05694830065253355,189408.4750127426,-3825.9413897644654,871.5234421731153,0.0,0.0,0.0,0.00349198438635956,1.5881448935233955,-0.043218868901007276,-11506.986697155924,-3.2485787100568517,-1.0151311866428143,0.9944074768840799,0.0,6.545561122466715,0.21180555555555555,-1.0504384540435205,0.3764762722782907,0.14932517717073263,-0.8693841624388914,10.013012075046621,Oil & Gas E&P,Energy,EP
2007Q3,2007,Q3,2007-09-30,2007-09-30,-30790.0,0.0,-130396.0,-0.026832,-21024.0,0.0,1538418.0,1159235.0,521316.0,326983.0,379183.0,0.0,-10415521.0,958391164.8000001,957921550.8000001,1.0102274598932113,1.5943214173213898,0.0,0.0,,1.0102274598932113,-0.02656061971903885,0.0,-7781.675582981488,826.744503746005,0.0,0.0,0.0,0.0,1.5943214173213898,-0.020014066398079067,-11759.83367240512,0.0,0.9441002329156961,0.8209006603619852,0.0,0.0,0.44889774306010644,0.9282525212982122,0.6949223127656936,0.6799179521359225,-1.0,18.525159402794067,Oil & Gas E&P,Energy,EP
2007Q2,2007,Q2,2007-06-30,2007-06-30,-429144.0,4606.0,-427419.0,-0.480002,-38149.0,-8.282457663916631,1720587.0,1177525.0,703485.0,525062.0,543062.0,0.0,-10384731.0,939455412.0,939003872.0,1.0366221361445518,1.3398132030122156,0.06368233631894231,0.09305195218785164,,1.0366221361445518,-0.36444576548268615,203963.39817629178,-547.284484928136,797.8220521857285,0.0,0.0,0.0,0.0026769933749354147,1.3398132030122156,-0.249417204709788,-1746.1996505576208,-8.282457663916631,0.5,-0.35433110257917566,0.0,0.0,-10.148158971361777,0.5001869302557974,0.5012351873785671,-3.502869636322776,1.1347527386720235,99.01075052624861,Oil & Gas E&P,Energy,EP
2007Q1,2007,Q1,2007-03-31,2007-03-31,-858609.0,649.0,-856955.0,-0.960004,-3422.0,-5.2727272727272725,1128098.0,594168.0,114496.0,515930.0,533930.0,0.0,-9955588.0,724657368.4799999,724669783.4799999,0.569490277792421,0.2219215785087124,0.0955998503676099,0.18150758707974848,,0.569490277792421,-1.445060992850507,1116575.2981201848,-210.99748793688394,1219.6169576281454,0.0,0.0,0.0,0.0005753046277894296,0.2219215785087124,-0.7611120665048604,18908.215746379647,-5.2727272727272725,-3691.3230769230768,-2.0428941237330713,0.0,0.0,-1.0876155362675064,-3155.6507352941176,-599.4322625698323,-12.9712220081571,-0.9858338151753527,6.263436395467962,Oil & Gas E&P,Energy,EP
