Quarters,Year,Quarter,FillingDate,Date,NetIncome,Revenue,OperatingIncome,EPSDiluted,GrossProfit,GrossProfitRatio,TotalAssets,CommonStockEquity,CurrentAssets,CurrentLiability,TotalLiability,Inventory,RetainedEarnings,MarketCap,EnterpriseValue,bookValuePerShare,currentRatio,debtToAssets,debtToEquity,roic,shareholdersEquityPerShare,roe,priceToSalesRatio,peRatio,pbRatio,payoutRatio,inventoryTurnover,dividendYield,assetTurnover,quickRatio,returnOnAssets,priceToFreeCashFlowsRatio,grossProfitMargin,epsdilutedGrowth,fiveYNetIncomeGrowthPerShare,fiveYRevenueGrowthPerShare,fiveYShareholdersEquityGrowthPerShare,grossProfitGrowth,netIncomeGrowth,operatingIncomeGrowth,threeYNetIncomeGrowthPerShare,threeYRevenueGrowthPerShare,threeYShareholdersEquityGrowthPerShare,Industry,Sector,Symbol
2023Q1,2023,Q1,2023-05-15,2023-03-31,4463801.0,0.0,-252243.0,0.17,0.0,0.0,224895599.0,220300540.0,302892.0,834369.0,4595059.0,0.0,-8053394.0,56034288.449999996,56338724.449999996,41.005867938348025,0.36301923968891464,0.002223253821876701,0.002269626756248532,-0.0024216480574241195,41.005867938348025,0.020262324368337907,0.0,3.13826089301472,0.25435384066693617,0.0,0.0,0.0,0.0,0.2343855056935241,0.01984832526669408,-282.02292273777346,0.0,-0.055555555555555455,0.0,0.0,0.0,0.0,0.13804104931858538,-6.943660641179064,0.0,0.0,0.0,Shell Companies,Financial Services,TGAA
2022Q4,2022,Q4,2023-03-28,2022-12-31,3922355.0,0.0,-31754.0,0.18,0.0,0.0,222740675.0,214434071.0,505990.0,785224.0,8306604.0,0.0,-7801151.0,220054097.92000002,220159846.92000002,9.978477600713795,0.6443893716952105,0.0022447628840129895,0.0023317190112013496,-0.00031814088250815126,9.978477600713795,0.018291659444361338,0.0,14.025636251690631,1.0262086472256546,0.0,0.0,0.0,0.0,0.5020873024767455,0.01760951384384554,-531.3801813009819,0.0,1.9508196721311475,116.49654522299727,0.0,39865.49915676764,0.0,1.3936400357121717,0.8870932758737169,116.49654522299727,0.0,39865.49915676764,Shell Companies,Financial Services,TGAA
2022Q3,2022,Q3,2022-11-09,2022-09-30,1638657.0,0.0,-281241.0,0.061,0.0,0.0,220869864.0,212612607.0,488397.0,735877.0,8257257.0,0.0,-7769396.0,53831598.3,53523229.3,39.57486661026745,0.6636937966535168,0.0,0.0,-0.0031937043512544998,39.57486661026745,0.007707242872949674,0.0,8.212761776869717,0.2531909986880505,0.0,0.0,0.0,0.0,0.41904965096069047,0.007419106302342813,-496.3862375169437,0.0,24.416666666666668,0.0,0.0,71211.6846094766,0.0,24.466338233922855,-0.10007588321807429,0.0,0.0,71211.6846094766,Shell Companies,Financial Services,TGAA
2022Q2,2022,Q2,2022-07-29,2022-06-30,64346.0,0.0,-255656.0,0.0024,0.0,0.0,220092757.0,211933899.0,671239.0,637478.0,8158858.0,0.0,-7488155.0,53240632.65,52823816.65,39.44853459756925,1.0529602590207034,0.0,0.0,0.0008114643415215453,39.44853459756925,0.00030361353376507266,0.0,206.8529226758462,0.251213387292988,0.0,0.0,0.0,0.0,0.6538515838977973,0.0002923585531712886,-139.5523908940788,0.0,1.1818181818181819,0.0,0.0,0.0,0.0,1.1820542999739705,0.5165245807393511,0.0,0.0,0.0,Shell Companies,Financial Services,TGAA
2022Q1,2022,Q1,2022-05-16,2022-03-31,-353444.0,0.0,-528788.0,-0.0132,0.0,0.0,220401363.0,212029554.0,1095481.0,850429.0,8371809.0,0.0,-7165495.0,53186908.5,52388582.5,39.4663394395258,1.2881510390638138,0.0,0.0,-0.0019982645968479647,39.4663394395258,-0.0016669562961020047,0.0,-37.62046356707145,0.25084667442162334,0.0,0.0,0.0,0.0,0.9387332746178694,-0.0016036379956506893,-321.1925002415576,0.0,-7.249999999999999,0.0,0.0,0.0,0.0,-7.3259287178158345,-1.912934980802177,0.0,0.0,0.0,Shell Companies,Financial Services,TGAA
2021Q4,2021,Q4,2022-04-15,2021-12-31,-42451.0,0.0,-181531.0,-0.0016,0.0,0.0,220574.577,-6723.842,1206.552,582.527,8103.907,0.0,-6724.379,263248315.4,262242241.4,-0.00025030986997913375,2.0712378997025027,0.0,0.0,10.233827752644695,-0.00025030986997913375,6.31350349993352,0.0,-1550.3069150314482,-39151.472536088746,0.0,0.0,0.0,0.0,1.7270856114824245,-0.19245644977480791,-10224.823871669385,0.0,0.0,0.0,0.0,0.0,0.0,0.0,0.0,0.0,0.0,0.0,Shell Companies,Financial Services,TGAA
2021Q3,2021,Q3,2022-01-24,2021-09-30,0.0,0.0,0.0,0.0,0.0,0.0,662336.0,14928.0,0.0,647408.0,647408.0,0.0,-10072.0,263248315.4,263275021.4,0.0005557277727597569,0.0,0.040320924727026766,1.7889871382636655,,0.0005557277727597569,0.0,0.0,0.0,17634.53345391211,0.0,0.0,,0.0,0.0,0.0,0.0,0.0,0.0,0.0,0.0,0.0,0.0,0.0,0.0,0.0,0.0,0.0,Shell Companies,Financial Services,TGAA
2021Q1,2021,Q1,2021-03-31,2021-03-31,,,,,,,896918.0,16337.0,0.0,880581.0,880581.0,0.0,-8663.0,0.0,0.0,0.0,0.0,0.0,0.0,,0.0,,0.0,0.0,0.0,0.0,0.0,,,0.0,,0.0,0.0,0.0,0.0,0.0,0.0,0.0,0.0,0.0,0.0,0.0,0.0,Shell Companies,Financial Services,TGAA
