Quarters,Year,Quarter,FillingDate,Date,NetIncome,Revenue,OperatingIncome,EPSDiluted,GrossProfit,GrossProfitRatio,TotalAssets,CommonStockEquity,CurrentAssets,CurrentLiability,TotalLiability,Inventory,RetainedEarnings,MarketCap,EnterpriseValue,bookValuePerShare,currentRatio,debtToAssets,debtToEquity,roic,shareholdersEquityPerShare,roe,priceToSalesRatio,peRatio,pbRatio,payoutRatio,inventoryTurnover,dividendYield,assetTurnover,quickRatio,returnOnAssets,priceToFreeCashFlowsRatio,grossProfitMargin,epsdilutedGrowth,fiveYNetIncomeGrowthPerShare,fiveYRevenueGrowthPerShare,fiveYShareholdersEquityGrowthPerShare,grossProfitGrowth,netIncomeGrowth,operatingIncomeGrowth,threeYNetIncomeGrowthPerShare,threeYRevenueGrowthPerShare,threeYShareholdersEquityGrowthPerShare,Industry,Sector,Symbol
2023Q1,2023,Q1,2023-05-04,2023-03-31,-381000.0,97811000.0,3496000.0,-0.0087,62193000.0,0.6358487287,273911000.0,-118736000.0,156295000.0,176953000.0,392647000.0,26371000.0,-1072099000.0,1401139740.0,1581715740.0,-2.7100632232442425,0.8832571360756811,0.7353885021046982,-1.6964610564613933,0.17836161460341948,-2.7100632232442425,0.003208799353186902,14.32497101552995,-919.3830314960629,-11.800462707182321,0.0,1.3506503355959198,0.0,0.35709044178583554,0.6537103072567292,-0.001390962757976131,-215.99194388777556,0.6358487286705994,-1.0152631578947369,0.9597663182841525,-0.0561994832121284,0.3462246827757116,-0.16551946222275893,-1.015083135391924,-0.850464091706232,0.9357795956047248,0.11694275415807048,0.27400208929527403,Electronic Gaming & Multimedia,Communication Services,AVID
2022Q4,2022,Q4,2023-03-01,2022-12-31,25260000.0,116099000.0,23379000.0,0.57,74529000.0,0.6419435137,287453000.0,-118782000.0,178971000.0,190617000.0,406235000.0,20981000.0,-1071718000.0,1165599240.0,1333490240.0,-2.7096906652066792,0.9389036654653048,0.7066824837451687,-1.7101749423313297,0.39760429106117506,-2.7096906652066792,-0.21265848360862757,10.039700944883247,11.53601781472684,-9.812928221447695,0.0,1.9813164291501835,0.0,0.4038886357074026,0.7574927734672143,0.08787523525585052,63.79155210157618,0.6419435137253551,1.1111111111111107,27.958291243214966,0.01773265034099699,0.5841582810546283,0.06807205606271227,1.101147895524871,0.6600866292693318,0.6141581292389299,-0.01945905718731507,0.24764303418254754,Electronic Gaming & Multimedia,Communication Services,AVID
2022Q3,2022,Q3,2022-11-08,2022-09-30,12022000.0,102985000.0,14083000.0,0.27,69779000.0,0.6775646939,237535000.0,-141401000.0,139881000.0,162270000.0,378936000.0,21993000.0,-1096978000.0,1034511760.0000001,1207622760.0,-3.179265221692598,0.8620262525420596,0.8607363125434147,-1.4459232961577357,0.17932467325870433,-3.179265221692598,-0.0850206151300203,10.04526639801913,21.51288803859591,-7.316155897058721,0.0,1.5098440412858636,0.0,0.4335571599974741,0.6429346151475935,0.050611488833224576,155.94087428399158,0.6775646938874593,0.6875000000000001,153.42189982612345,-0.09519572778148194,0.5164124355123413,0.10120569390524888,0.6305438763054387,0.4133881975110397,2.664934053220318,0.06317977137870241,0.21103479278013906,Electronic Gaming & Multimedia,Communication Services,AVID
2022Q2,2022,Q2,2022-08-02,2022-06-30,7373000.0,97680000.0,9964000.0,0.16,63366000.0,0.6487100737,247122000.0,-136360000.0,152024000.0,166886000.0,383482000.0,19249000.0,-1109000000.0,1161003000.0,1324613000.0,-3.0478319177469824,0.9109451961219036,0.8414548279797023,-1.5249486652977413,0.09749271935218953,-3.0478319177469824,-0.05407010853622763,11.885780098280097,39.36670961616709,-8.514249046641243,0.0,1.7826380591199542,0.0,0.39527035229562724,0.7140203492204259,0.02983546588324795,363.95078369905957,0.6487100737100737,-0.30434782608695654,1.623111002306456,-0.12660648637077723,0.5457121416262045,-0.05089569228925769,-0.303514075193652,-0.24941619585687383,1.6540840628879778,-0.058566306042809366,0.26223687219924824,Electronic Gaming & Multimedia,Communication Services,AVID
2022Q1,2022,Q1,2022-05-04,2022-03-31,10586000.0,100649000.0,13275000.0,0.23,66764000.0,0.6633349561,245107000.0,-130019000.0,153060000.0,174256000.0,375126000.0,17817000.0,-1116373000.0,1562768790.0,1714019790.0,-2.9011089541914896,0.8783628684234689,0.7853549674223911,-1.480522077542513,0.1405415176535535,-2.9011089541914896,-0.08141886954983503,15.526918200876313,36.90649891365955,-12.0195416823695,0.0,1.9018353258124263,0.0,0.41063290726091056,0.7127272518593334,0.043189300999155474,334.4967444349315,0.6633349561346858,-0.30303030303030304,6.029008213325429,-0.12047383043705076,0.5601778330893022,-0.14784229134491428,-0.3042849631966351,-0.07439687630734905,47.62664747961481,-0.08607370203699201,0.26996099584087707,Electronic Gaming & Multimedia,Communication Services,AVID
2021Q4,2021,Q4,2022-03-01,2021-12-31,15216000.0,119064000.0,14342000.0,0.33,78347000.0,0.6580242559,274000000.0,-124074000.0,182522000.0,197365000.0,398074000.0,19922000.0,-1126959000.0,1467636770.0,1604161770.0,-2.753467521803777,0.924794163098827,0.7056313868613139,-1.558287795992714,0.19750740580575835,-2.753467521803777,-0.12263649112626336,12.326452748101861,24.113380159043114,-11.828721327594822,0.0,2.043820901515912,0.0,0.43454014598540147,0.7740328832366428,0.05553284671532847,58.70077473802096,0.6580242558623933,0.03125000000000003,1.6282557300085172,-0.06869741454086796,0.5854460926618771,0.18882296708799295,0.02984771573604061,0.5020946795140343,1.394562158128314,-0.018440541456662848,0.30841558335359737,Electronic Gaming & Multimedia,Communication Services,AVID
2021Q3,2021,Q3,2021-11-09,2021-09-30,14775000.0,101640000.0,9548000.0,0.32,65903000.0,0.648396300669028,248891000.0,-126431000.0,163960000.0,170508000.0,375322000.0,22215000.0,-1142175000.0,1317710880.0,1464229880.0,-2.774800280923536,0.9615971098130293,0.7915272147245179,-1.5581937974072815,0.09376538815244417,-2.774800280923536,-0.11686216196977008,12.964491145218418,22.296292385786803,-10.422371728452676,0.0,1.6086878235426514,0.0,0.4083715361342917,0.7695943885330894,0.059363335757419915,93.8206393734425,0.648396300669028,1.1333333333333335,0.4294444627698424,-0.2466656953781255,0.5910640718525422,0.09586284878113673,1.1089066514416215,0.061124694376528114,14.43491654783209,-0.10399469742853099,0.3340543064843,Electronic Gaming & Multimedia,Communication Services,AVID
2021Q2,2021,Q2,2021-08-03,2021-06-30,7006000.0,94876000.0,8998000.0,0.15,60138000.0,0.6338589316581643,256705000.0,-129742000.0,170614000.0,177136000.0,386447000.0,24242000.0,-1156950000.0,1770010650.0,1925072650.0,-2.8696998518059766,0.9631808328064312,0.8118229095654546,-1.6062570331889443,0.08158259338754707,-2.8696998518059766,-0.05399947588290607,18.656042097052996,63.16052847559235,-13.642541736677405,0.0,1.4329675769325962,0.0,0.36959155450809295,0.7559784572306025,0.027292027814027776,318.1183770668584,0.6338589316581643,0.4999999999999999,-0.5252417835815959,-0.37893986071726715,0.6060125440479801,-0.020808909730363423,0.5955363242997039,-0.14678551109425375,1.7576318679179257,-0.11503342729642704,0.3252699224473062,Electronic Gaming & Multimedia,Communication Services,AVID
2021Q1,2021,Q1,2021-05-05,2021-03-31,4391000.0,94364000.0,10546000.0,0.1,61416000.0,0.6508414225764062,262985000.0,-134574000.0,175030000.0,176716000.0,397559000.0,27616000.0,-1163956000.0,940640490.0,1096662490.0,-3.0201306133441057,0.9904592679779985,0.8047835427876114,-1.5727109248443236,0.09099141205275978,-3.0201306133441057,-0.03262888819534234,9.968213407655462,53.555026759280345,-6.9897639217085015,0.0,1.1930764774044031,0.0,0.3588189440462384,0.7719165214242061,0.016696769777743977,85.05655936341441,0.6508414225764062,-0.375,-0.8137047979388337,-0.41628758256083565,0.6064146247671387,-0.060198928844682476,-0.38041484408071113,-0.02730123593432946,1.4559275052527971,-0.10470448380682122,0.27142406388801865,Electronic Gaming & Multimedia,Communication Services,AVID
2020Q4,2020,Q4,2021-03-09,2020-12-31,7087000.0,104301000.0,10842000.0,0.16,65350000.0,0.6265519985426794,305138000.0,-132924000.0,213492000.0,187771000.0,438062000.0,26568000.0,-1168347000.0,702850560.0,836521560.0,-3.0013547687861273,1.1369806839181769,0.6999128263277599,-1.6067075923083867,0.09627451546683939,-3.0013547687861273,-0.05331618067467124,6.738675180487244,24.793655989840552,-5.287612169359934,0.0,1.466087021981331,0.0,0.34181583414717276,0.9431275330056292,0.023225556961112677,22.939735631058454,0.6265519985426794,-0.11111111111111106,2.439238146210808,-0.33085527417112237,0.6408359001184686,0.1217536090083595,-0.11268311005383748,-0.1734390485629336,8.486283978400794,-0.09502089769608521,0.5393981526220761,Electronic Gaming & Multimedia,Communication Services,AVID
2020Q3,2020,Q3,2020-10-30,2020-09-30,7987000.0,90431000.0,13117000.0,0.18,58257000.0,0.6442149262973981,261402000.0,-144212000.0,167277000.0,155599000.0,405614000.0,28378000.0,-1175434000.0,376802640.0,535869640.0,-3.2761307617165314,1.0750518962204128,0.7965088254871807,-1.4437702826394474,0.12818807133378746,-3.2761307617165314,-0.055383740604110616,4.1667419358405855,11.79424815324903,-2.6128383213602198,0.0,1.1337655930650503,0.0,0.34594609069555704,0.797569393119493,0.030554471656682045,24.2347980447646,0.6442149262973981,3.4999999999999996,-0.35975496255498857,-0.4135837008596537,0.6076875138108877,0.12984368333268687,3.3289972899728997,0.6274193548387097,102.65766013918231,-0.1972440155506574,0.5016785371689948,Electronic Gaming & Multimedia,Communication Services,AVID
2020Q2,2020,Q2,2020-08-03,2020-06-30,1845000.0,79281000.0,8060000.0,0.04,51562000.0,0.6503702021922024,265368000.0,-156492000.0,173376000.0,149008000.0,421860000.0,29650000.0,-1183421000.0,317837130.0,492952130.0,-3.5794963288272834,1.1635348437667776,0.8696489403394532,-1.474688801983488,0.05648050982020696,-3.5794963288272834,-0.011789740050609615,4.0089949672683245,43.06736178861788,-2.0310120006134498,0.0,0.9348735244519393,0.0,0.2987587048928281,0.8510751100612047,0.0069526092068372975,-60.65594083969466,0.6503702021922024,1.2857142857142858,1.4095616462440805,-0.34520407574782663,0.5803755826952423,-0.029895956802317925,1.3150076831142223,18.831858407079647,1.15956708686369,-0.274563854518524,0.4664660764882759,Electronic Gaming & Multimedia,Communication Services,AVID
2020Q1,2020,Q1,2020-05-07,2020-03-31,-5857000.0,86453000.0,-452000.0,-0.14,53151000.0,0.6147964790117173,308435000.0,-161462000.0,214821000.0,203023000.0,469897000.0,32601000.0,-1185266000.0,291099420.0,461743420.0,-3.7328801960512323,1.0581116425232608,0.816463760597857,-1.559661096728642,-0.003897889369625463,-3.7328801960512323,0.03627478911446656,3.367140758562456,-12.42527829947072,-1.8028974000074323,0.0,1.0215024079015982,0.0,0.28029568628722423,0.8043866951035105,-0.018989414301230405,-41.092521174477696,0.6147964790117173,-1.4000000000000001,-30.55841235602111,-0.3416962092762362,0.5735036135842629,-0.27463664278403277,-1.3810174342961228,-1.0287440381558028,-1.8829836893999505,-0.2172269299019966,0.4340772847316802,Electronic Gaming & Multimedia,Communication Services,AVID
2019Q4,2019,Q4,2020-03-09,2019-12-31,15372000.0,116307000.0,15725000.0,0.35,73275000.0,0.630013670716294,304293000.0,-155085000.0,208731000.0,212259000.0,459378000.0,29166000.0,-1179409000.0,369454800.0,536602800.0,-3.6016024152345563,0.9833787966587989,0.7763339938808976,-1.5232485411226102,0.20562782162808746,-3.6016024152345563,-0.09911983750846311,3.1765482731048,6.008567525370805,-2.3822729470935293,0.0,1.4754165809504218,0.0,0.3822204257081169,0.764876872123208,0.050517100294781674,21.767206740116656,0.630013670716294,3.999999999999999,3.763100279771297,-0.1733532900742719,0.5857000933552862,0.2664627190708286,3.856872037914692,0.8718009760742769,1.7785888974400692,-0.04798674846629731,0.4577534174306099,Electronic Gaming & Multimedia,Communication Services,AVID
2019Q3,2019,Q3,2019-11-07,2019-09-30,3165000.0,93461000.0,8401000.0,0.07,57858000.0,0.6190603567263351,266221000.0,-172925000.0,173956000.0,191785000.0,439146000.0,32168000.0,-1194781000.0,265631470.00000003,442640470.0,-4.0296646703796055,0.9070365252756993,0.861306959255656,-1.3259968194303888,0.10815495415318427,-4.0296646703796055,-0.018302732398438628,2.8421637902440593,20.981948657187996,-1.5361079658811623,0.0,1.1067831385227556,0.0,0.3510654681636685,0.6279166775295253,0.011888618854260182,-57.69580147697655,0.6190603567263351,1.28,-0.7973166884946471,-0.40160733044971575,0.5378746914259274,0.021143663960465936,1.295159936584911,2.2726918582002336,-0.6748779100378604,-0.26449356279512876,0.40612855150921284,Electronic Gaming & Multimedia,Communication Services,AVID
2019Q2,2019,Q2,2019-08-06,2019-06-30,-10723000.0,98701000.0,2567000.0,-0.25,56660000.0,0.5740570004356592,282101000.0,-175823000.0,186738000.0,206912000.0,457924000.0,34105000.0,-1197946000.0,393680000.0,571823000.0,-4.131179511278195,0.9024996133622023,0.8121133920120808,-1.3030035888365004,0.030381934170503368,-4.131179511278195,0.06098747035370799,3.988612070799688,-9.17840156672573,-2.23906997378045,0.0,1.2326931534965548,0.0,0.3498782351001946,0.6189442854933498,-0.03801120875147553,-87.05882352941177,0.5740570004356592,-48.34976525821596,-1.9517937715470162,-0.2721593619304471,0.5374512033954185,-0.07542182043666983,-49.34272300469483,-0.5255083179297597,-1.7719002052560169,-0.31365679793599716,0.4328212043829973,Electronic Gaming & Multimedia,Communication Services,AVID
2019Q1,2019,Q1,2019-05-06,2019-03-31,-213000.0,103319000.0,5410000.0,-0.005065880226418684,61282000.0,0.5931338863132628,299670000.0,-167087000.0,197339000.0,195987000.0,466757000.0,34328000.0,-1187223000.0,331742940.0,496022940.0,-3.9739095276601817,1.006898416731722,0.7328261087195915,-1.3143212817274832,-0.059320175438596495,-3.9739095276601817,0.0012747849922495466,3.210860925870363,-389.36964788732394,-1.9854503342570038,0.0,1.2245688650664182,0.0,0.34477592017886344,0.6904590610601724,-0.0007107818600460506,71.97720546756346,0.5931338863132628,-1.0361848587601334,-1.0222651586075477,-0.28822078897068204,0.5546590674994399,-0.07866013170159665,-1.036083347450449,-0.5519668737060042,-1.0095769801251124,-0.32269616570598325,0.482117539660405,Electronic Gaming & Multimedia,Communication Services,AVID
2018Q4,2018,Q4,2019-03-15,2018-12-31,5903000.0,112684000.0,12075000.0,0.14,66514000.0,0.5902701359554151,265843000.0,-166661000.0,196596000.0,187673000.0,432504000.0,32956000.0,-1187010000.0,198835000.0,364727000.0,-3.981390348781653,1.047545464717887,0.8350605432529726,-1.3320152885198098,0.20285893054888723,-3.981390348781653,-0.0354192042529446,1.7645362251961236,8.420930035575132,-1.1930505637191664,0.0,1.4009588542298823,0.0,0.4238742415636297,0.7479498915667144,0.02220483518467667,11.25014145071857,0.5902701359554151,6.0,3.8836582737938303,-0.28450409720522435,0.5667875902792273,0.09739156258764911,5.723234624145786,0.7181274900398407,2.268322965022682,-0.23514222405944285,0.5235576627698967,Electronic Gaming & Multimedia,Communication Services,AVID
2018Q3,2018,Q3,2018-11-08,2018-09-30,878000.0,104046000.0,7028000.0,0.02,60611000.0,0.5825404148165234,247045000.0,-174135000.0,175559000.0,170642000.0,421180000.0,32111000.0,-1192913000.0,242393600.0,422763600.0,-4.166706546707504,1.0288147115012716,0.9343641846627133,-1.325580727596405,0.08352896370197818,-4.166706546707504,-0.005042065064461481,2.3296772581358245,69.01867881548975,-1.3919866770034743,0.0,1.3526517392793747,0.0,0.421162136452873,0.6950516285556897,0.0035540083790402558,-37.8799187373027,0.5825404148165234,1.0999999999999999,-0.6820607763667184,-0.2995923811849656,0.549277443636597,0.07596037776042036,1.1032212555842935,4.372360844529751,-0.9258682812483212,-0.28934125427758617,0.5010421978081259,Electronic Gaming & Multimedia,Communication Services,AVID
2018Q2,2018,Q2,2018-08-09,2018-06-30,-8506000.0,98615000.0,-2084000.0,-0.2,56332000.0,0.5712315570653552,253952000.0,-176874000.0,181306000.0,177534000.0,430826000.0,31752000.0,-1193791000.0,216252400.0,388104400.0,-4.253107942385841,1.0212466344474862,0.9137986706149194,-1.312013071451994,-0.03841281579096901,-4.253107942385841,0.0480907312550177,2.192895604117021,-6.355878203620974,-1.2226353223198436,0.0,1.3316641471403377,0.0,0.3883214150705645,0.6953935584169793,-0.03349451864919355,-24.91674156008757,0.5712315570653552,0.09090909090909087,-1.8701154161513271,-0.3450400481012065,0.5484645250247651,0.011219415872332023,0.04950273773605989,0.3751124437781109,-0.9850018465472488,-0.14376602913495629,0.5014080814429546,Electronic Gaming & Multimedia,Communication Services,AVID
2018Q1,2018,Q1,2018-05-10,2018-03-31,-8949000.0,97937000.0,-3335000.0,-0.22,55707000.0,0.5688044355044569,250781000.0,-171630000.0,172777000.0,192686000.0,422411000.0,32887000.0,-1189102000.0,187974160.0,349093160.0,-4.145251666505652,0.8966764580716814,0.8339347877231529,-1.2185224028433257,-0.09152959499579952,-4.145251666505652,0.05214123404999126,1.9193375333122313,-5.251261593474131,-1.095229039212259,0.0,1.2840940189132484,0.0,0.3905279905574984,0.5828342484664168,-0.03568452155466323,57.13500303951368,0.5688044355044569,-10.0,-2.019289990305784,-0.32244067092812917,0.5724148195641544,-0.046863771686685145,-9.1577752553916,-1.6975528132189919,-49.37306846264175,-0.22092896114724006,0.5263885354749251,Electronic Gaming & Multimedia,Communication Services,AVID
2017Q4,2017,Q4,2018-03-16,2017-12-31,-881000.0,107258000.0,4781000.0,-0.02,58446000.0,0.5449104029536258,234684000.0,-268570000.0,154327000.0,216080000.0,503254000.0,38421000.0,-1284703000.0,222154240.0,375335240.0,-6.5161587732919255,0.7142123287671233,0.8965417327129246,-0.7834233160814685,-0.17159830835525,-6.5161587732919255,0.0032803365975350935,2.071213709000727,-63.04036322360954,-0.8271744424172468,0.0,1.2704510554124047,0.0,0.4570315828944453,0.4505599777860052,-0.0037539840807213104,205.508085106383,0.5449104029536258,-12.487650775416428,-1.0051267687769925,-0.4901844961048732,0.34132367760067794,-0.031677656648662976,-13.23611111111111,0.28937432578209277,0.8345562506815879,-0.2035620120352879,0.2504325407941614,Electronic Gaming & Multimedia,Communication Services,AVID
2017Q3,2017,Q3,2017-11-09,2017-09-30,72000.0,105265000.0,3708000.0,0.001741,60358000.0,0.573390965658101,225250000.0,-270422000.0,144580000.0,222555000.0,495672000.0,41160000.0,-1283822000.0,186743820.0,339021820.0,-6.574332044830185,0.6496371683404102,0.871795782463929,-0.7261687288756092,0.0036307630795718608,-6.574332044830185,-0.0002662505269541679,1.7740352443832232,648.4160416666666,-0.6905644511171428,0.0,1.0910349854227406,0.0,0.46732519422863483,0.3817393453303678,0.00031964483906770253,-62.539792364367045,0.573390965658101,1.0066961538461539,1.003911867169867,-0.21804189912243477,-1.7313345211453475,0.010125014643616221,1.0066475856338288,1.5861523869743914,-0.9951896656420376,-0.29686563034539354,0.2460501125024481,Electronic Gaming & Multimedia,Communication Services,AVID
2017Q2,2017,Q2,2017-08-04,2017-06-30,-10831000.0,102373000.0,-6326000.0,-0.26,59753000.0,0.5836792904379084,224737000.0,-274755000.0,138064000.0,223582000.0,499492000.0,41219000.0,-1283894000.0,215412780.0,362835780.0,-6.709032305325617,0.617509459616606,0.8670445898984146,-0.7092027442630707,0.08371287653765579,-6.709032305325617,0.03942057469381813,2.104195246793588,-4.972135075246976,-0.7840176884861058,0.0,1.033989179747204,0.0,0.4555235675478448,0.36616096107915663,-0.04819411133903185,185.8608973252804,0.5836792904379084,-4.2,0.7386865429797396,-0.38426355329133516,-1.7180650179981198,-0.059881370065608334,-4.655874673629243,-3.0518975024326953,-2.09851897295073,-0.2154582215034997,0.24882111495332432,Electronic Gaming & Multimedia,Communication Services,AVID
2017Q1,2017,Q1,2017-05-10,2017-03-31,-1915000.0,104107000.0,3083000.0,-0.05,63559000.0,0.6105161036241559,250364000.0,-268936000.0,157509000.0,239203000.0,519300000.0,49128000.0,-1273063000.0,189997520.0,337285520.0,-6.596095359560483,0.6584741830160993,0.7760780303877555,-0.7224841598001012,-0.044869711022841194,-6.596095359560483,0.007120653240919773,1.8250215643520609,-24.803853785900785,-0.7064785673914984,0.0,0.8253541768441622,0.0,0.41582256234921955,0.37892501348227237,-0.007648863255100573,105.261783933518,0.6105161036241559,-1.3846153846153846,0.8600680859564525,-0.3511240534401424,-1.6333040431493258,-0.08507391786264377,-1.36678797165294,-0.7184731987946307,-1.2064322938906797,-0.26038159884849593,0.2608006705127796,Electronic Gaming & Multimedia,Communication Services,AVID
2016Q4,2016,Q4,2017-03-23,2016-12-31,5221000.0,115295000.0,10951000.0,0.13,69469000.0,0.6025326336788239,249581000.0,-269911000.0,151005000.0,237936000.0,519492000.0,50701000.0,-1271148000.0,178802800.0,327649800.0,-6.642001131973325,0.6346454508775469,0.7764813827975687,-0.7179959319923975,-0.1186851598496149,-6.642001131973325,-0.01934341319916565,1.550828743657574,8.561712315648343,-0.6624509560558851,0.0,0.9038480503343129,0.0,0.46195423529836005,0.3718142693833636,0.020919060345138452,-112.31331658291457,0.6025326336788239,-0.43478260869565216,3.115372021192175,-0.40804545824512756,-1.615806235840876,-0.07855049011155178,-0.42739635885062516,0.28774694261523986,3.4494236851217877,-0.24589302993185455,0.27728831797897496,Electronic Gaming & Multimedia,Communication Services,AVID
2016Q3,2016,Q3,2016-11-09,2016-09-30,9118000.0,119019000.0,8504000.0,0.23,75391000.0,0.6334366781774339,262918000.0,-272733000.0,158206000.0,249851000.0,535651000.0,55634000.0,-1276369000.0,319140360.0,464724360.0,-6.785415733691596,0.6332013880272642,0.7352140211016363,-0.7087554494688945,-0.25709092364584973,-6.785415733691596,-0.03343196459541016,2.6814236382426335,8.75028405352051,-1.1701567467083192,0.0,0.7841967142394939,0.0,0.452684867525236,0.3544792696447083,0.03468001430103682,-50.90769819747966,0.6334366781774339,-0.30303030303030304,2.089439060064858,-0.30872945283661446,-1.6297582440924203,-0.14133257403189067,-0.29596170179908887,-0.5479721469196832,2.4330577450719546,-0.16694495847401192,0.2660054431011932,Electronic Gaming & Multimedia,Communication Services,AVID
2016Q2,2016,Q2,2016-08-05,2016-06-30,12951000.0,134069000.0,18813000.0,0.33,87800000.0,0.6548866628377925,273710000.0,-289004000.0,165435000.0,253924000.0,562714000.0,53902000.0,-1285489000.0,230529179.99999997,372994180.0,-7.2837340591763695,0.6515138387864086,0.7045047678199554,-0.6672225989951697,-0.18554266110047737,-7.2837340591763695,-0.0448125285463177,1.719481610215635,4.450026638869585,-0.79766778314487,0.0,0.858391154317094,0.0,0.489821343757992,0.37465540870496683,0.047316502867998975,-6.296891013384321,0.6548866628377925,-0.37735849056603776,2.056997199994095,-0.1955408355226151,-1.6548672697880662,-0.12255279174120304,-0.3811935591762626,-0.26931292966170817,0.3885534683657513,-0.0667286028702837,0.2267150604791463,Electronic Gaming & Multimedia,Communication Services,AVID
2016Q1,2016,Q1,2016-05-04,2016-03-31,20929000.0,143547000.0,25747000.0,0.53,100063000.0,0.6970748256668547,311763000.0,-303605000.0,199718000.0,274924000.0,615368000.0,51652000.0,-1298389000.0,267466160.0,371766160.0,-7.673381185866654,0.7264480365482824,0.6162694097760157,-0.6328288401047414,-0.22416525902710357,-7.673381185866654,-0.06893496483918249,1.8632654113286937,3.194922834344689,-0.8809675729978096,0.0,0.8418647874235267,0.0,0.4604362929533011,0.47853952365017244,0.06713112203821493,-17.006813759776183,0.6970748256668547,5.818181818181818,4.951777568324352,-0.16612444751387223,-1.6809414855584144,0.22111441960363176,5.7728620296465225,74.14488636363636,1.4945481003675116,0.03923749289799399,0.2084861564804241,Electronic Gaming & Multimedia,Communication Services,AVID
2015Q4,2015,Q4,2016-03-15,2015-12-31,-4385000.0,138806000.0,-352000.0,-0.11,81944000.0,0.5903491203550278,247926000.0,-329572000.0,137449000.0,304899000.0,577498000.0,48073000.0,-1319318000.0,287510310.0,370558310.0,-8.356499911255357,0.45080174090436503,0.40717794825875464,-0.3063063609772675,0.0032474296543371266,-8.356499911255357,0.013305135144975909,2.0713103900407766,-16.39169384264538,-0.872374807325865,0.0,1.1828261186112787,0.0,0.5598686704903882,0.2515882308567755,-0.017686729104652195,-133.16827698008336,0.5903491203550278,-1.3928571428571428,-6.443705322667043,-0.31125703489243106,-1.748815730075408,-0.06684583323843578,-1.3944054686094622,-1.0244359597362027,-1.026667196848007,-0.3105043509322706,0.15529550135635578,Electronic Gaming & Multimedia,Communication Services,AVID
2015Q3,2015,Q3,2015-11-06,2015-09-30,11118000.0,137436000.0,14405000.0,0.28,87814000.0,0.6389446724293489,264176000.0,-327611000.0,149471000.0,307886000.0,591787000.0,48784000.0,-1314933000.0,312278760.0,394903760.0,-8.350819504983304,0.48547514339723147,0.3959670825510266,-0.3192963606228118,-0.06042096517003005,-8.350819504983304,-0.03393658943075782,2.2721758491225006,7.021918510523475,-0.9531998620314946,0.0,1.0171777632010495,0.0,0.5202440797044394,0.25650727866807843,0.042085579310762525,-21.92814830419212,0.6389446724293489,3.8,2.0787283218729504,-0.19252421544615325,-1.7583264386098125,0.3245346767624966,3.7223310479921645,2.75777913361806,1.6333434449127118,0.07043672897276752,-1.9289525600780542,Electronic Gaming & Multimedia,Communication Services,AVID
2015Q2,2015,Q2,2015-08-10,2015-06-30,-4084000.0,109767000.0,-8195000.0,-0.1,66298000.0,0.6039884482585841,276229000.0,-338096000.0,157856000.0,305050000.0,614325000.0,43872000.0,-1326051000.0,528730900.0,587580900.0,-8.53023842563391,0.5174758236354696,0.3384764090663906,-0.27653979934693107,0.014202780401104963,-8.53023842563391,0.012079409398514032,4.816847504259021,-32.36599534769834,-1.5638484335809948,0.0,0.9908141867250182,0.0,0.3973768141650587,0.29364366497295524,-0.014784834322247122,-15.26095075910639,0.6039884482585841,-22.304591004427873,0.6973382502754338,-0.352571929793007,-1.7733656875075774,-0.08039503980913806,-23.16568047337278,-8.349775784753364,0.8981910843522847,-0.31783711842291373,-1.912987973506826,Electronic Gaming & Multimedia,Communication Services,AVID
2015Q1,2015,Q1,2015-05-08,2015-03-31,-169000.0,119586000.0,1115000.0,-0.004291,72094000.0,0.6028632114127072,182036000.0,-344732000.0,143842000.0,309523000.0,526768000.0,39724000.0,-1321967000.0,586866300.0,561375300.0,-8.752431005153985,0.4647215231178297,0.0,0.0,0.0013944209722690228,-8.752431005153985,0.0004902358933896476,4.907483317445186,-868.1454142011835,-1.7023841708921712,0.0,1.1955492901017017,0.0,0.6569359906831616,0.2495937297066777,-0.0009283877914258718,347.2581656804734,0.6028632114127072,0.9669923076923078,0.9880602287615939,-0.26963176633848895,-1.7671999345535019,-0.07152792087368638,0.966660090747682,1.4148065476190477,0.9872166755011966,-0.2284373507207386,-1.8403380546819263,Electronic Gaming & Multimedia,Communication Services,AVID
2014Q4,2014,Q4,2015-03-16,2014-12-31,-5069000.0,128196000.0,-2688000.0,-0.13,77648000.0,0.6056975256638273,191599000.0,-341070000.0,152858000.0,310028000.0,532669000.0,48001000.0,-1321798000.0,557515140.0,532459140.0,-8.693225263801805,0.4930457894125692,0.0,0.0,0.009273257934047145,-8.693225263801805,0.014862051778227343,4.348927735654779,-27.496307950286052,-1.6346062098689418,0.0,1.0530613945542802,0.0,0.6690849117166582,0.2571090353129395,-0.026456296744763803,59.94141920223632,0.6056975256638273,-1.3611111111111112,0.7295331825085395,-0.29824144317025475,-1.736000431029181,-0.13378922591224998,-1.3559691011235955,-1.1784860557768924,-5.138440827007027,-0.3182715647572923,-1.8059833505972507,Electronic Gaming & Multimedia,Communication Services,AVID
2014Q3,2014,Q3,2014-10-20,2014-09-30,14240000.0,142429000.0,15060000.0,0.36,89641000.0,0.6293732315750303,197206000.0,-341234000.0,155529000.0,328721000.0,538440000.0,53977000.0,-1316729000.0,395243300.0,380767300.0,-8.719852809649145,0.4731337517225854,0.04056671703700699,-0.023444322664212827,-0.04406401775993539,-8.719852809649145,-0.04173089434229883,2.775019834443828,6.93896242977528,-1.1582764320085337,0.0,0.9779720992274488,0.0,0.7222346176079836,0.23876478837676937,0.07220875632587244,-23249.605882352942,0.6293732315750303,5.0,1.7896277334232031,-0.10657569150855296,-1.712848969426864,0.20770909678810087,5.264749925127283,7.38135593220339,2.7475573171959002,-0.1503339476552883,-1.8092944352521514,Electronic Gaming & Multimedia,Communication Services,AVID
2014Q2,2014,Q2,2014-09-12,2014-06-30,-3339000.0,124644000.0,-2360000.0,-0.09,74224000.0,0.5954879496806906,191927000.0,-349385000.0,150634000.0,301153000.0,541312000.0,54698000.0,-1330969000.0,289480600.0,271431600.0,-8.931337713131727,0.5001909328480871,0.026051571691320136,-0.014310860512042589,0.008421598964007513,-8.931337713131727,0.009556792649942041,2.3224591636982126,-21.674198861934713,-0.8285432975084791,0.0,0.9217887308493912,0.0,0.6494344203785815,0.24011714975444376,-0.01739723957546359,-58.29250906161901,0.5954879496806906,-1.391304347826087,0.8004763326588764,-0.2109177594409295,-1.7130198537056491,-0.11918069944343575,-1.3753372302158273,-1.2436254774439972,0.7235930357008405,-0.24140663491727388,-1.8030003149806297,Electronic Gaming & Multimedia,Communication Services,AVID
2014Q1,2014,Q1,2014-09-23,2014-03-31,8896000.0,134982000.0,9687000.0,0.23,84267000.0,0.6242832377650354,207987000.0,-348892000.0,165112000.0,299171000.0,556879000.0,58246000.0,-1327631000.0,238503900.0,216259900.0,-8.92329727102995,0.551898412613522,0.0,0.0,-0.026456489640196843,-8.92329727102995,-0.02549786180250622,1.7669311463750723,6.702560139388489,-0.683603808628458,0.0,0.8707035676269615,0.0,0.6489924851072423,0.26962506392665064,0.042771904013231596,-8.670662013305703,0.6242832377650354,6.931034482758621,1.4889739696556703,-0.15461821289255687,-1.697574395633643,-0.033014321123657396,6.879539415411869,4.6026604973973395,2.6997900575421308,-0.20651362069686446,-1.7918599575120955,Electronic Gaming & Multimedia,Communication Services,AVID
2013Q4,2013,Q4,2014-09-12,2013-12-31,1129000.0,147103000.0,1729000.0,0.029,87144000.0,0.5924012426667029,235142000.0,-359335000.0,190888000.0,323897000.0,594477000.0,60122000.0,-1336526000.0,318656850.0,270453850.0,-9.19038850098468,0.5893478482357045,0.0,0.0,-0.0028278869897816554,-9.19038850098468,-0.003141914926183088,2.1662158487590326,70.56174712134633,-0.8867960259924583,0.0,0.9972888460131066,0.0,0.6255921953542966,0.3240937705505145,0.004801354075409752,-182.71608371559634,0.5924012426667029,-0.5857142857142857,1.010694386206555,-0.3241851258022612,-1.692653327463562,0.05399129172714078,-0.5627420604182805,-0.5527677185721677,2.933186532780477,-0.26374083984380514,-1.8235394660594977,Electronic Gaming & Multimedia,Communication Services,AVID
2013Q3,2013,Q3,2014-09-12,2013-09-30,2582000.0,138893000.0,3866000.0,0.07,82680000.0,0.5952783797599591,245412000.0,-361229000.0,197453000.0,317805000.0,606641000.0,61670000.0,-1337655000.0,234450000.0,184217000.0,-9.244504158669226,0.6213023709507403,0.0,0.0,-0.00788851655808106,-9.244504158669226,-0.007147820357723217,1.6879900354949493,22.700426026336174,-0.6490342691201426,0.0,0.9115128911950705,0.0,0.5659584698384758,0.3328865184625793,0.010521082913630955,-28.661369193154034,0.5952783797599591,-0.6956521739130435,1.0367857829167755,-0.3947684892640718,-1.5743115169345365,-0.04471403812824957,-0.7186444371799063,-0.6169622510650946,1.25151972019279,-0.18070604482701955,-1.8394807133807463,Electronic Gaming & Multimedia,Communication Services,AVID
2013Q2,2013,Q2,2014-09-12,2013-06-30,9177000.0,141345000.0,10093000.0,0.23,86550000.0,0.6123315292369733,252775000.0,-367726000.0,203408000.0,312738000.0,620501000.0,63247000.0,-1340238000.0,226041600.0,169937600.0,-9.419211065573771,0.6504102475554617,0.0,0.0,-0.025582137911330616,-9.419211065573771,-0.024956081430195308,1.5992189323994481,6.157829355998692,-0.614701163366202,0.0,0.8663652030926368,0.0,0.5591731777272277,0.35733105666724224,0.036305014340816934,-30.922243502051984,0.6123315292369733,0.09523809523809533,1.8353295855466194,-0.40047663903347813,-1.5232784751807722,0.041152906927786934,0.1103448275862069,0.11156387665198238,1.6904648750390592,-0.1536125135655839,-1.8539614343739876,Electronic Gaming & Multimedia,Communication Services,AVID
2013Q1,2013,Q1,2014-09-12,2013-03-31,8265000.0,136071000.0,9080000.0,0.21,83129000.0,0.610923708946065,269872000.0,-377865000.0,217744000.0,321335000.0,647737000.0,66643000.0,-1349414000.0,252181190.0,187675190.0,-9.694563460502348,0.6776230413742668,0.0,0.0,-0.022512565324880728,-9.694563460502348,-0.021872891111905046,1.853305921173505,7.627985178463399,-0.667384356847022,0.0,0.7944120162657744,0.0,0.5042056975158594,0.3769617377503229,0.030625629928262288,-71.31820984162896,0.610923708946065,-0.9495192307692307,1.394677441385255,-0.3069156706173375,-1.569363113094983,-0.5075879635114323,-0.9491409653678589,-0.9242108074720798,1.590060649805925,-0.16020824431247385,-1.8497831571642667,Electronic Gaming & Multimedia,Communication Services,AVID
2012Q4,2012,Q4,2012-12-31,2012-12-31,162508000.0,198957000.0,119806000.0,4.16,168820000.0,0.8485250581784004,294361000.0,-385592000.0,237085000.0,333082000.0,679953000.0,69143000.0,-1357679000.0,295445660.0,225055660.0,-9.892808579418631,0.711791690934965,0.0,0.0,-0.3055952443139982,-9.892808579418631,-0.421450652503164,1.4849724312288586,0.4545094087675684,-0.7662131475756759,0.0,0.43586480193222743,0.0,0.6758945648370538,0.4153511747857885,0.5520704169370263,416.12064788732397,0.8485250581784004,10.244444444444445,41.59361336436301,-0.22279815229309333,-1.4993706342701445,1.5151217186615418,10.345985737290086,8.30613489449933,9.72811829408388,0.09629300946774294,-1.8375615674954964,Electronic Gaming & Multimedia,Communication Services,AVID
2012Q3,2012,Q3,2012-11-09,2012-09-30,-17388000.0,127175000.0,-16398000.0,-0.45,67122000.0,0.5277924120306664,553966000.0,349323000.0,252262000.0,168062000.0,204643000.0,80435000.0,-606915000.0,370714859.99999994,299355859.99999994,8.989500501814252,1.5010055812735776,0.0,0.0,-0.04882935300682179,8.989500501814252,-0.04977628155031304,2.9149979162571253,-5.330038819875776,1.0612380518889393,0.0,0.7466028470193323,0.0,0.22957185098002406,0.8713034475372184,-0.03138820794055953,-140.5287566338135,0.5277924120306664,0.5544554455445545,-2.119021444996326,-0.41135133221926995,-0.5258615963043843,-0.08286990859032342,0.556959767625551,0.5680758593441327,0.029012680863902306,-0.19663555210920947,-0.2651073007460079,Electronic Gaming & Multimedia,Communication Services,AVID
2012Q2,2012,Q2,2012-08-09,2012-06-30,-39247000.0,157431000.0,-37965000.0,-1.01,73187000.0,0.46488302812025584,571331000.0,362311000.0,264525000.0,179316000.0,209020000.0,77032000.0,-588426000.0,288120540.0,228737540.0,9.343210067564083,1.4751890517299069,0.0,0.0,-0.10725336675359304,9.343210067564083,-0.10832406413274784,1.830138536882825,-1.835302953091956,0.7952298991750181,0.0,1.0936234292242184,0.0,0.2755513003845407,0.8284982935153583,-0.06869397949699911,28.12029474917041,0.46488302812025584,-1.525,-5.907009214861236,-0.26236523164239095,-0.4999901698075004,-0.05643081842091692,-2.0243507744470985,-2.0961507095090526,-1.3658478053858825,0.005410655317481884,-0.25409893909613096,Electronic Gaming & Multimedia,Communication Services,AVID
2012Q1,2012,Q1,2012-05-10,2012-03-31,-12977000.0,152139000.0,-12262000.0,-0.4,77564000.0,0.5098232537350712,590526000.0,402679000.0,265516000.0,158726000.0,187847000.0,103666000.0,-547575000.0,425282000.0,375601000.0,10.41536909627024,1.672794627219233,0.0,0.0,-0.031724737364054026,10.41536909627024,-0.03222666193171236,2.795351619242929,-8.19299529937582,1.0561315588843718,0.0,0.7193776165763124,0.0,0.2576330254722061,0.8643007446795106,-0.021975323694468998,25.484300095877277,0.5098232537350712,-13.903225806451614,-691.6723113134343,-0.26017926267986996,-0.45486027322490064,-0.22659514004526918,-11.751449875724937,-11.12858555885262,0.27864905658734523,-0.03639527854600593,-0.18578361989352016,Electronic Gaming & Multimedia,Communication Services,AVID
2011Q4,2011,Q4,2012-02-29,2011-12-31,1207000.0,185304000.0,-1011000.0,0.031,100289000.0,0.5412133575098217,602611000.0,417003000.0,272634000.0,157723000.0,185608000.0,111833000.0,-524530000.0,329786860.0,296931860.0,10.78586208680358,1.7285620993767554,0.0,0.0,0.0019405190241842617,10.78586208680358,0.0028944635889909666,1.7797071838708285,68.30713753106876,0.7908500898075074,0.0,0.760196006545474,0.0,0.30750185443013817,0.8696258630637257,0.002002950493767953,26.634377321918915,0.5412133575098217,1.1476190476190475,1.02444208995405,-0.1748638780193988,-0.4311991599996482,0.14308998689234628,1.1505175208878913,0.7867988190636862,1.011562467509681,-0.13906107452541258,-0.18710038610586133,Electronic Gaming & Multimedia,Communication Services,AVID
2011Q3,2011,Q3,2011-11-10,2011-09-30,-8019000.0,164965000.0,-4742000.0,-0.21,87735000.0,0.5318400872912435,611165000.0,414942000.0,275329000.0,166163000.0,196223000.0,126029000.0,-524717000.0,298075140.0,277423140.0,10.774635818337618,1.6569813977841035,0.021270851570361522,0.031329679810672334,-0.016941480434309007,10.774635818337618,-0.019325592492444726,1.8068992816658078,-9.292777777777777,0.7183537458247177,0.0,0.6127954677098129,0.0,0.2699189253311299,0.7616376690358263,-0.013120842980209928,-82.25031456953643,0.5318400872912435,0.32258064516129037,-3.406858666201132,-0.23064002296567743,-0.4553019880522011,0.06496485925494337,0.32397572078907433,0.5925066597920426,0.8840800540569446,-0.2706312117912542,-0.3306296005671927,Electronic Gaming & Multimedia,Communication Services,AVID
2011Q2,2011,Q2,2011-08-09,2011-06-30,-11862000.0,161344000.0,-11637000.0,-0.31,82383000.0,0.5106046707655693,632596000.0,427247000.0,290132000.0,177313000.0,205349000.0,129795000.0,-515963000.0,723700920.0,699143920.0,11.122458542680864,1.6362703242289058,0.020550240595893745,0.030427364030642695,-0.02527585063006389,11.122458542680864,-0.02776379939472951,4.4854529452598175,-15.252506322711177,1.6938701032423866,0.0,0.6083516314187758,0.0,0.25505061682337543,0.7666837738913672,-0.01875130414988397,-77.35153056861907,0.5106046707655693,-1.3846153846153846,-5.836596736545025,-0.20100733228310383,-0.4547516009393844,-0.04890382017802099,-1.318155169044362,-2.4317310527867884,-0.09735370466994935,-0.3044792956462635,-0.38209865922344505,Electronic Gaming & Multimedia,Communication Services,AVID
2011Q1,2011,Q1,2011-05-10,2011-03-31,-5117000.0,166323000.0,-3391000.0,-0.13,86619000.0,0.5207878645767573,628527000.0,430783000.0,281514000.0,171852000.0,197744000.0,125100000.0,-502965000.0,852484400.0,819264400.0,11.268782044574657,1.6381188464492702,0.0,0.0,-0.01091291079459109,11.268782044574657,-0.011878370316377387,5.125475129717477,-41.64961891733438,1.978918388144379,0.0,0.6371223021582734,0.0,0.26462347679574627,0.75123361962619,-0.008141257257047032,-81.90664873174481,0.5207878645767573,-7.701472556894244,-2.686169889638645,-0.15930508390598835,-0.44229845901241194,-0.17607723770569772,-7.961471103327495,-0.034472239170225745,0.7508610126346339,-0.1362269601416236,-0.33818280195615813,Electronic Gaming & Multimedia,Communication Services,AVID
2010Q4,2010,Q4,2011-03-14,2010-12-31,-571000.0,195347000.0,-3278000.0,-0.01494,105130000.0,0.5381705375562461,626571000.0,426610000.0,277196000.0,174652000.0,199961000.0,108357000.0,-495254000.0,667460880.0,624678880.0,11.159621220048132,1.5871332707326569,0.0,0.0,-0.001240799957064433,11.159621220048132,-0.0013384590140878086,3.416796162725816,-292.23330998248684,1.5645692318511053,0.0,0.8325904187085283,0.0,0.31177153107947864,0.8242276068982892,-0.0009113093328609208,133.51887977595518,0.5381705375562461,0.9425384615384615,-1.0341594324646992,-0.12102989198969649,-0.4399301577433362,0.22673543448581665,0.9428714357178589,0.5362195812110923,-1.1525923210039692,-0.22194879717193472,-0.4366830125002282,Electronic Gaming & Multimedia,Communication Services,AVID
2010Q3,2010,Q3,2010-11-04,2010-09-30,-9995000.0,165059000.0,-7068000.0,-0.26,85699000.0,0.5192022246590613,599916000.0,418958000.0,248123000.0,158842000.0,180958000.0,96306000.0,-494927000.0,498769950.0,464408950.0,11.01216979892233,1.5620742624746604,0.0,0.0,-0.023755974837173722,11.01216979892233,-0.0238568066488765,3.0217676709540227,-12.475486493246622,1.19050107648022,0.0,0.8240400390422196,0.0,0.2751368524926823,0.7808702987874744,-0.01666066582654905,-32.91776333157339,0.5192022246590613,0.23529411764705885,0.42395581837850066,-0.17366068410920596,-0.47301287712321854,0.04208516744084243,0.22555400588873392,0.44811431248535954,-0.8312412371826621,-0.2196531877404395,-0.4191787843348642,Electronic Gaming & Multimedia,Communication Services,AVID
2010Q2,2010,Q2,2010-08-06,2010-06-30,-12906000.0,162160000.0,-12807000.0,-0.34,82238000.0,0.5071410952146028,606808000.0,418137000.0,253655000.0,166475000.0,188671000.0,79146000.0,-484009000.0,482581570.0,435788570.0,11.030019256640903,1.5236822345697552,0.0,0.0,-0.03062159939061189,11.030019256640903,-0.030865481887515336,2.975959361124815,-9.348008097009144,1.1541230984103297,0.0,1.0098046647967047,0.0,0.26723444648060013,0.8829854332482354,-0.021268671474337846,-32.42284130610051,0.5071410952146028,0.055555555555555455,-1.882787791509239,-0.05983990394483309,-0.16619284566551037,0.058662993524800144,0.042723631508678236,0.015981559738762967,-1.3233696335058365,-0.22279078975770045,-0.40971914195964404,Electronic Gaming & Multimedia,Communication Services,AVID
2010Q1,2010,Q1,2010-05-07,2010-03-31,-13482000.0,155956000.0,-13015000.0,-0.36,77681000.0,0.49809561671240604,592953000.0,427993000.0,263243000.0,148678000.0,164960000.0,71794000.0,-464048000.0,516970480.0,443235480.0,11.408279134236059,1.7705578498500114,0.0,0.0,-0.03150051519534198,11.408279134236059,-0.03150051519534198,3.3148482905434866,-9.586309152944667,1.2078947085583176,0.0,1.0902721675906064,0.0,0.26301578708599166,1.066008420882713,-0.022737046612463382,-31.282250998426722,0.49809561671240604,0.24637317088488353,-1.636744742783948,-0.12384375403486042,-0.11234435488856641,-0.14901844792077473,0.24769823112549522,0.13773684907910427,-740.4687973131464,-0.21845170453702736,-0.4028914277806454,Electronic Gaming & Multimedia,Communication Services,AVID
2009Q4,2009,Q4,2010-03-16,2009-12-31,-17921000.0,174679000.0,-15094000.0,-0.47769,91284000.0,0.5225814207775406,611038000.0,443118000.0,296936000.0,153437000.0,167920000.0,77243000.0,-444661000.0,478704160.0,387187160.0,11.811440452073782,1.9352307461694376,0.0,0.0,-0.04019264665132355,11.811440452073782,-0.0404429519902148,2.740479164639138,-6.67797779141789,1.0803085408401374,0.0,1.0796447574537498,0.0,0.2858725643904307,1.2292862868799572,-0.029328781516043193,50.50687486811564,0.5225814207775406,-0.11090697674418608,-1.742334689797403,-0.06896758674417702,-0.026786552957330328,0.12811893668821137,-0.041434216643421666,0.214426980326845,0.6260090465019336,-0.1984155350505476,-0.37711448591823166,Electronic Gaming & Multimedia,Communication Services,AVID
2009Q3,2009,Q3,2009-11-16,2009-09-30,-17208000.0,152119000.0,-19214000.0,-0.43,80917000.0,0.5319322372616175,619290000.0,456770000.0,314595000.0,149200000.0,162520000.0,91692000.0,-425337000.0,526134690.0,448016690.0,12.232398703837605,2.1085455764075065,0.0,0.0,-0.03720846036391086,12.232398703837605,-0.03767322722595617,3.4587046325574056,-7.64375130753138,1.151859119469317,0.0,0.7765344850150504,0.0,0.2456345169468262,1.270274798927614,-0.027786658915855255,-42.667641716000325,0.5319322372616175,0.0,-1.795104909832976,-0.09506887768425813,0.04978224926082202,0.042771720920642284,-0.07893911844002759,-0.25935636101461623,-6.326717002886561,-0.26832183957189815,-0.38160663917816007,Electronic Gaming & Multimedia,Communication Services,AVID
2009Q2,2009,Q2,2009-08-06,2009-06-30,-15949000.0,150543000.0,-15257000.0,-0.43,77598000.0,0.5154540563161356,638150000.0,466997000.0,333711000.0,158448000.0,171153000.0,93399000.0,-406679000.0,499951620.0,412591620.0,12.526071562684406,2.1061231445016664,0.0,0.0,-0.03428258003883694,12.526071562684406,-0.0341522536547344,3.320988820469899,-7.836723619035677,1.0705670914374181,0.0,0.7810040792727974,0.0,0.23590535140640914,1.286100171665152,-0.02499255660894774,-33.60341578169109,0.5154540563161356,0.08510638297872336,-1.8743046706301607,-0.087169420313404,0.48081452069103436,0.05974898597435232,0.0768651965040227,0.24912643338746984,-7.700302973090408,-0.23187913081106606,-0.3859432750534511,Electronic Gaming & Multimedia,Communication Services,AVID
2009Q1,2009,Q1,2009-05-08,2009-03-31,-17277000.0,151629000.0,-20319000.0,-0.47,73223000.0,0.48290894222081526,651291000.0,474963000.0,342951000.0,165010000.0,176328000.0,95284000.0,-389432000.0,339368200.0,241217200.0,12.79189334769728,2.0783649475789345,0.0,0.0,-0.03665144669597505,12.79189334769728,-0.036375465036223874,2.2381483753107916,-4.91069340742027,0.7145150253809244,0.0,0.8228663784056085,0.0,0.2328129822153231,1.2842797406217805,-0.026527312675900635,-23.519869706840392,0.48290894222081526,0.8259291494601952,-1.984982088309767,0.0003661012469704786,0.6224245202831208,-0.17511011975170954,0.8276660050073315,0.7988755481207994,-6.8615284076430045,-0.2109127790031173,-0.36691839420265165,Electronic Gaming & Multimedia,Communication Services,AVID
2008Q4,2008,Q4,2009-03-16,2008-12-31,-100253000.0,206706000.0,-101027000.0,-2.70005,88767000.0,0.42943601056573105,703585000.0,492655000.0,390945000.0,199107000.0,210930000.0,95755000.0,-365431000.0,405088300.0,283296300.0,13.268381362779424,1.963491991743133,0.0,0.0,-0.20416426059842363,13.268381362779424,-0.20349534664217353,1.959731696225557,-1.0101650324678564,0.8222555337913956,0.0,1.231674586183489,0.0,0.2937896629405118,1.2617386631308793,-0.14248882508865313,106.88345646437995,0.42943601056573105,-0.5000277777777777,-6.34427053346038,0.3642270257459255,0.8229454890092406,-0.1362557166488275,-0.5100390113117742,-0.5519217180251313,-7.174880309419287,-0.042415581198477166,-0.33409744736649055,Electronic Gaming & Multimedia,Communication Services,AVID
2008Q3,2008,Q3,2008-11-07,2008-09-30,-66391000.0,217066000.0,-65098000.0,-1.8,102770000.0,0.4734504712852312,809567000.0,594933000.0,393128000.0,198437000.0,214634000.0,122867000.0,-264024000.0,889257600.0,793495600.0,16.09667207792208,1.9811224721196148,0.0,0.0,-0.11247002419332527,16.09667207792208,-0.11159407866095845,4.096715284752103,-3.3485623051317197,1.4947189011199578,0.0,0.9302416434030293,0.0,0.2681260476279295,1.1821283329217838,-0.08200803639476412,-59.77800484001076,0.4734504712852312,-5.428571428571428,-5.528642504401726,0.4728111542290943,1.4345667283190073,-0.05137719686900015,-5.392970630717381,-5.7480045610034205,-2.938654009564425,0.11860468997704833,-0.2296941419242086,Electronic Gaming & Multimedia,Communication Services,AVID
2008Q2,2008,Q2,2008-08-07,2008-06-30,-10385000.0,222863000.0,-9647000.0,-0.28,108336000.0,0.4861103009472187,890511000.0,664286000.0,414769000.0,208686000.0,226225000.0,120728000.0,-196123000.0,626998960.0,488536960.0,18.000379362670714,1.987526714777225,0.0,0.0,-0.016701517364355288,18.000379362670714,-0.015633326609321888,2.813382930320421,-15.093860375541645,0.9438689961853779,0.0,0.9486366045987675,0.0,0.25026417416517033,1.2101530529120306,-0.011661843593172908,-56.3797284416869,0.4861103009472187,0.48148148148148145,-2.030374857451729,0.5185282732465155,2.09877360504561,0.17054196559771803,0.5089370153205977,0.5746097539465561,-1.7296927736033316,0.32728729579981625,0.3607270072799995,Electronic Gaming & Multimedia,Communication Services,AVID
2008Q1,2008,Q1,2008-05-09,2008-03-31,-21148000.0,198266000.0,-22678000.0,-0.54,92552000.0,0.4668072185851331,910671000.0,670218000.0,429534000.0,223218000.0,240453000.0,123204000.0,-184833000.0,958071080.0,829405080.0,17.027031146791323,1.9242802999758084,0.0,0.0,-0.033758532969119855,17.027031146791323,-0.03155391230912927,4.83225101631142,-11.325788254208437,1.4294917176202369,0.0,0.8580403233661245,0.0,0.21771419096468428,1.2107715327616948,-0.02322243708210759,56.61689398416263,0.4668072185851331,-6.5102040816326525,-3.6979781397222387,0.23947932012365716,2.4251351268065413,-0.24635604123577023,-6.4887100960290685,-5.392407515010652,-1.9519622286211555,0.061615103476702966,0.3248396308589818,Electronic Gaming & Multimedia,Communication Services,AVID
2007Q4,2007,Q4,2008-02-29,2007-12-31,3853000.0,258520000.0,5163000.0,0.098,122806000.0,0.47503481355407706,1005953000.0,779783000.0,517264000.0,208675000.0,226170000.0,117324000.0,-155722000.0,1115519080.0,906900080.0,19.8105533255424,2.4788019647777646,0.0,0.0,0.0036961740717252416,19.8105533255424,0.004941118234175405,4.315020423951725,72.37990397093174,1.4305506531945427,0.0,1.1567454229313696,0.0,0.2569901377102111,1.740275548101114,0.003830198826386521,38.17133451957295,0.47503481355407706,1.7,-0.3666073497222089,0.6074649634575435,3.4256459324582598,0.11154758241161457,1.658294891508628,2.0195497630331753,-0.8478836502804253,0.31328087967330126,0.6323069965940262,Electronic Gaming & Multimedia,Communication Services,AVID
2007Q3,2007,Q3,2007-11-09,2007-09-30,-5853000.0,226826000.0,-5064000.0,-0.14,110482000.0,0.48707820091171206,1001408000.0,773516000.0,504670000.0,208863000.0,227892000.0,133732000.0,-158799000.0,1115417320.0,963328320.0,18.959654885043385,2.416272867860751,0.0,0.0,-0.012424775500331468,18.959654885043385,-0.00756674716489381,4.917502050029538,-47.64297454296941,1.442009370200487,0.0,0.8699787634971435,0.0,0.22650707803412795,1.6163801151951278,-0.0058447705630472295,36.20074386602622,0.48707820091171206,0.06666666666666654,-2.6649932197039914,0.35533709649914297,3.6185509166177265,0.0032873229204504178,0.024337389564927488,0.3225418060200669,-1.24752532114494,0.23501424746140925,0.6271141607071354,Electronic Gaming & Multimedia,Communication Services,AVID
2007Q2,2007,Q2,2007-08-08,2007-06-30,-5999000.0,225326000.0,-7475000.0,-0.15,110120000.0,0.48871412974978473,976779000.0,765007000.0,474560000.0,193582000.0,211772000.0,140290000.0,-146298000.0,1447229000.0,1332301000.0,18.686052760136786,2.4514675951276463,0.0,0.0,-0.010751493648669168,18.686052760136786,-0.007841758310708267,6.422822932107258,-60.31126021003501,1.8917853039253236,0.0,0.8211989450424122,0.0,0.23068268257200453,1.5419718775505986,-0.006141614428647626,-240.8435679813613,0.48871412974978473,-314.2225,-26.21980803100815,0.3571472966949541,3.651377548911372,0.04147160353714475,-300.95,-0.4257104711043296,-1.2994743052895363,0.24420598199297194,1.2090388134170438,Electronic Gaming & Multimedia,Communication Services,AVID
2007Q1,2007,Q1,2007-05-09,2007-03-31,20000.0,218898000.0,-5243000.0,0.0004788927998467543,105735000.0,0.48303319354219776,1008321000.0,786283000.0,500381000.0,203177000.0,222038000.0,145591000.0,-138382000.0,1435451520.0,1305116520.0,19.105870632259318,2.4627836812237605,0.0,0.0,3.98332294592417e-05,19.105870632259318,2.543613431805088e-05,6.557627388098567,17943.144,1.8256168834885151,0.0,0.7772664519098021,0.0,0.2170915809548745,1.5845789631700438,1.9834953353148453e-05,103.04748887293611,0.48303319354219776,1.0003804813092176,1.0034336482596526,0.5047242259754025,3.846240941433464,-0.08005324702443099,1.0003804813088557,0.888020332756669,-0.9989712664790403,0.30296090622692035,1.423240418957584,Electronic Gaming & Multimedia,Communication Services,AVID
