Quarters,Year,Quarter,FillingDate,Date,NetIncome,Revenue,OperatingIncome,EPSDiluted,GrossProfit,GrossProfitRatio,TotalAssets,CommonStockEquity,CurrentAssets,CurrentLiability,TotalLiability,Inventory,RetainedEarnings,MarketCap,EnterpriseValue,bookValuePerShare,currentRatio,debtToAssets,debtToEquity,roic,shareholdersEquityPerShare,roe,priceToSalesRatio,peRatio,pbRatio,payoutRatio,inventoryTurnover,dividendYield,assetTurnover,quickRatio,returnOnAssets,priceToFreeCashFlowsRatio,grossProfitMargin,epsdilutedGrowth,fiveYNetIncomeGrowthPerShare,fiveYRevenueGrowthPerShare,fiveYShareholdersEquityGrowthPerShare,grossProfitGrowth,netIncomeGrowth,operatingIncomeGrowth,threeYNetIncomeGrowthPerShare,threeYRevenueGrowthPerShare,threeYShareholdersEquityGrowthPerShare,Industry,Sector,Symbol
2023Q1,2023,Q1,2023-04-27,2023-03-31,18344000.0,145994000.0,17397000.0,0.58,51652000.0,0.3537953615,747007000.0,514136000.0,322644000.0,105776000.0,232871000.0,63470000.0,563787000.0,1564617640.0,1526181640.0,16.252639565024975,3.0502571471789444,0.14069613805493122,0.2044225652356575,0.021818887553950575,16.252639565024975,0.03567927552242986,10.7169996027234,21.323288813781076,3.043197986524966,0.06934147405146097,1.4864030250512053,0.0008129781791287998,0.1954385969609388,2.2807063984268643,0.02455666412764539,235.42245561239844,0.3537953614532104,0.23404255319148934,0.6558384399995453,0.340463718739482,0.5065577166425808,0.012704885891302644,0.2278447121820616,0.24933572710951526,3.943923886808311,0.4536382369102124,0.32755555473449516,Electronic Components,Technology,CTS
2022Q4,2022,Q4,2023-02-24,2022-12-31,14940000.0,142281000.0,13925000.0,0.47,51004000.0,0.3584737245,748487000.0,506224000.0,325760000.0,112532000.0,242263000.0,62260000.0,546703000.0,1254265560.0,1206715560.0,15.909988057074612,2.894821028685174,0.14610808203749698,0.21603084800404565,0.015618695695572784,15.909988057074612,0.029512626821328106,8.815411474476564,20.98837951807229,2.4776888492050952,0.08540829986613119,1.466061676839062,0.0010173284196689574,0.19009147787469924,2.202440194789038,0.019960266510974805,61.528847682119206,0.35847372453103366,0.27027027027027023,2.135444607965014,0.32800757207619136,0.5242453909161401,-0.04390207325760132,0.2663163248008137,-0.3850468115173998,0.5191398844793808,0.2654049165101129,0.27815761652342785,Electronic Components,Technology,CTS
2022Q3,2022,Q3,2022-10-26,2022-09-30,11798000.0,151911000.0,22644000.0,0.37,53346000.0,0.3511661433,734679000.0,490612000.0,326397000.0,121939000.0,244067000.0,63465000.0,533036000.0,1327177250.0,1290376250.0,15.39657931900204,2.676723607705492,0.1512320346709243,0.22646612801969784,0.02461824715555842,15.39657931900204,0.024047516163485605,8.736544753177848,28.122928674351584,2.70514632744409,0.10840820478047127,1.5530607421413378,0.0009636994606409958,0.20677193713172692,2.008479649660896,0.016058714077848965,22.83590711999725,0.35116614333392576,-0.05128205128205133,0.26771670177135004,0.47785777973385757,0.462992420483404,0.02889214627372319,-0.06350214319733291,-0.0018513620735255223,3.440001415781793,0.3455587598079632,0.2717175415893576,Electronic Components,Technology,CTS
2022Q2,2022,Q2,2022-07-26,2022-06-30,12598000.0,144982000.0,22686000.0,0.39,51848000.0,0.3576168076,729634000.0,485947000.0,278550000.0,115376000.0,243687000.0,64158000.0,522506000.0,1090927950.0,1108678950.0,15.167358531789382,2.4142802662598806,0.15965538886619868,0.23971750005659054,0.026897837033446455,15.167358531789382,0.025924637872031312,7.524575119670028,21.64883215589776,2.2449525359761453,0.10215907286870932,1.4516350260294897,0.0011797296054244463,0.19870510420292914,1.713423935653862,0.017266190994388968,87.44913426853708,0.3576168076037025,-0.38095238095238093,0.2976741164035251,0.40825579311938415,0.48256782605371135,-0.0458594037541406,-0.37753841592964077,-0.129002533978346,0.07986588720028868,0.2298327123647031,0.257693037414605,Electronic Components,Technology,CTS
2022Q1,2022,Q1,2022-04-28,2022-03-31,20239000.0,147695000.0,26046000.0,0.63,54340000.0,0.3679203765,684746000.0,480178000.0,292045000.0,115040000.0,204568000.0,52454000.0,511197000.0,1135226820.0,1085342820.0,14.948105718643962,2.5386387343532686,0.11133179310284397,0.15876195910683122,0.035141116232960165,14.948105718643962,0.04214895309656003,7.6862914790615795,14.022763229408568,2.3641791585620333,0.06368891743663224,1.7797498760819004,0.0011354559082739075,0.2156931183241669,1.9230267732962447,0.029556945203038792,71.46083469721768,0.3679203764514709,1.2499999999999998,1.4359738233886274,0.5058500256086341,0.5036854423490856,0.11647593022539089,1.208292416803055,0.7040235525024534,0.8101368029304844,0.2823795319418985,0.267540390525423,Electronic Components,Technology,CTS
2021Q4,2021,Q4,2022-02-25,2021-12-31,9165000.0,132531000.0,15285000.0,0.28,48671000.0,0.367242381,664462000.0,463578000.0,289089000.0,114066000.0,200884000.0,49506000.0,492242000.0,1182898080.0,1116180080.0,14.390575526168746,2.5344011361843144,0.11249251273962996,0.1612393167924276,0.016866016378243934,14.390575526168746,0.019770135770032227,8.925444462050388,32.266723404255316,2.5516700102248167,0.1408619749045281,1.6939360885549226,0.001091387349280337,0.1994561013270887,1.9607595602545895,0.013793113827427301,63.86104194784862,0.367242381027835,1.1421319796954315,0.12158110506027062,0.32675704968886055,0.4830511140526614,0.06589724497393894,1.143436208839364,-0.19412664100806665,-0.46573768543736005,0.13010192267761134,0.2559087886339067,Electronic Components,Technology,CTS
2021Q3,2021,Q3,2021-10-27,2021-09-30,-63896000.0,122382000.0,18967000.0,-1.97,45662000.0,0.37311042473566375,651973000.0,457374000.0,277449000.0,105072000.0,194599000.0,50867000.0,484368000.0,1000834890.0,947923890.0,14.125636986935977,2.6405607583371404,0.11598026298635067,0.16532640683554378,0.02415452513624101,14.125636986935977,-0.13970186324539655,8.177958278178163,-3.9158745852635533,2.1882199031864515,-0.02029861024164267,1.5082469970707924,0.0012959180509784186,0.18771022726401246,1.9675746155017513,-0.09800405845027325,58.31691469525696,0.37311042473566375,-66.66666666666667,-18.377925689921817,0.24194584956078552,0.5109046392539726,-0.04264508554176451,-74.024,-0.07833228048010107,-7.394393446976295,0.05215429864648189,0.24234114641419088,Electronic Components,Technology,CTS
2021Q2,2021,Q2,2021-07-27,2021-06-30,875000.0,129585000.0,20579000.0,0.03,47696000.0,0.368067291739013,647298000.0,454309000.0,263344000.0,102311000.0,192989000.0,48972000.0,549553000.0,1203872520.0,1162788520.0,14.023181158749267,2.573955879621937,0.11789469456108315,0.16797598110537101,-0.05379641518163644,14.023181158749267,0.0019260019061916008,9.290215071188795,343.9635771428571,2.649898020950498,1.4788571428571429,1.6721596014048845,0.0010748646376611372,0.20019372839094204,1.9371524078544828,0.0013517730627933347,73.66288441534601,0.368067291739013,-0.9189189189189189,-0.9389261310237711,0.3276824747284776,0.5179569763459072,0.11986100349839168,-0.927022518765638,0.11249864850254082,-0.8761737172198261,0.12014759609592311,0.27413723465422823,Electronic Components,Technology,CTS
2021Q1,2021,Q1,2021-04-29,2021-03-31,11990000.0,128427000.0,18498000.0,0.37,42591000.0,0.33163587096171365,634665000.0,435716000.0,246636000.0,106710000.0,198949000.0,47558000.0,549977000.0,1003828140.0,977217140.0,13.481729013892757,2.311273545122294,0.1209787840829414,0.1762179952078877,0.027809452950237006,13.481729013892757,0.027517924519641235,7.816332546894345,20.930528356964135,2.303858797932598,0.10767306088407005,1.804869843138904,0.0012860767182717155,0.2023539977783555,1.7333239621403804,0.018891856333656337,54.34322975313989,0.33163587096171365,-0.19565217391304351,0.5396311357036435,0.3408901058368557,0.5262405330873013,-0.0023424140919631772,-0.19788600481669788,0.07948179271708683,0.059349577079793416,0.15417746224426898,0.24970487398691613,Electronic Components,Technology,CTS
2020Q4,2020,Q4,2021-02-25,2020-12-31,14948000.0,123017000.0,17136000.0,0.46,42691000.0,0.3470333368558817,626049000.0,423682000.0,233231000.0,104932000.0,202367000.0,45870000.0,539281000.0,1107932090.0,1097216090.0,13.12806370650389,2.222687073533336,0.12947389102130982,0.19131565655373606,0.024907629307922573,13.12806370650389,0.03528117786453047,9.006333189721746,18.529771374096867,2.615008638554387,0.08636606903933637,1.7511663396555484,0.0011652338727728341,0.1964973987659113,1.6463423931689094,0.02387672530424935,48.02687979539642,0.3470333368558817,0.3529411764705882,2.10611393970662,0.332331050311622,0.519738818374883,0.15674958001408984,0.34995032963063305,0.2924051587600875,2.12003600405107,0.13201534426554462,0.2577250545071337,Electronic Components,Technology,CTS
2020Q3,2020,Q3,2020-10-29,2020-09-30,11073000.0,113777000.0,13259000.0,0.34,36906000.0,0.32437135800733014,655853000.0,413966000.0,263683000.0,95119000.0,241887000.0,41492000.0,525624000.0,710864040.0,712320040.0,12.82899466964175,2.7721380586423323,0.2030881920186383,0.3217558929960432,0.01796521080445576,12.82899466964175,0.026748573554349873,6.24787118661944,16.049490652939586,1.717203924960021,0.11649959360606882,1.8526703942928757,0.001814693003742319,0.17347942298045446,2.1885322595906183,0.01688335648384623,31.767620324440273,0.32437135800733014,1.2666666666666668,3.362450623611289,0.2747065783137774,0.4221937298688792,0.3891670117062521,1.2798023471278568,1.1241589234219802,0.17495435327324732,0.09304935535950867,0.2190189505888509,Electronic Components,Technology,CTS
2020Q2,2020,Q2,2020-07-31,2020-06-30,4857000.0,84197000.0,6242000.0,0.15,26567000.0,0.3155338076178486,663389000.0,400892000.0,264795000.0,77771000.0,262497000.0,44266000.0,515841000.0,646530480.0,669373480.0,12.426136011406609,3.4048038471923983,0.25448718625120403,0.4211209003921256,0.00861403317299285,12.426136011406609,0.012115482474082796,7.678782854496004,33.27828289067325,1.6127298125180847,0.26744904261890057,1.3019021370803776,0.0020091860170304734,0.12691949972037522,2.645960576564529,0.007321496135751422,70.87595702696777,0.3155338076178486,0.25,-0.738985912901016,-0.13729445014503402,0.345379794120847,-0.19246785616584092,0.2754726890756303,-0.26495525200188413,-0.5031562771858389,-0.18782102412395033,0.21462081970745173,Electronic Components,Technology,CTS
2020Q1,2020,Q1,2020-04-24,2020-03-31,3808000.0,103075000.0,8492000.0,0.12,32899000.0,0.31917535774921174,685165000.0,397466000.0,282978000.0,93238000.0,287699000.0,45679000.0,512276000.0,808078740.0,836579740.0,12.242530647446559,3.035007185911324,0.2619164726744653,0.4515002541097855,0.008920659670869004,12.242530647446559,0.009580693694555007,7.839716129032258,53.05138786764706,2.0330763889238326,0.34112394957983194,1.5362858206177894,0.0016075166140368945,0.15043821561229775,2.383202127887771,0.005557785350973853,109.83807802093244,0.31917535774921174,-0.6129032258064516,-0.3766755400525653,0.0789763359283183,0.39538638118347563,-0.14989664082687337,-0.6215464122440867,-0.3146638689371318,-0.5465098903163279,0.03981621214067713,0.23152160270832678,Electronic Components,Technology,CTS
2019Q4,2019,Q4,2020-02-20,2019-12-31,10062000.0,115040000.0,12391000.0,0.31,38700000.0,0.3364047287899861,643354000.0,405219000.0,237478000.0,96948000.0,238135000.0,42237000.0,509766000.0,976945540.0,1004117540.0,12.4475947656202,2.449539959565953,0.19804493327157366,0.31442997490246016,0.01733291581659649,12.4475947656202,0.024831017301755347,8.492224791376913,24.27314500099384,2.4109075339507773,0.12959650168952494,1.807420034566849,0.001334772458247775,0.1788129086008636,1.8386042001897924,0.015639912085725745,56.68052564400093,0.3364047287899861,2.8749999999999996,0.5045994183763667,0.19345397099706493,0.4561403730111384,0.0443371023018593,2.6965466568699488,0.22392335045436587,0.21849239552876215,0.13962796375510825,0.2828131335581057,Electronic Components,Technology,CTS
2019Q3,2019,Q3,2019-10-24,2019-09-30,2722000.0,115651000.0,10124000.0,0.08,37057000.0,0.3204209215657452,648001000.0,395194000.0,245029000.0,100551000.0,252807000.0,45425000.0,501003000.0,1056295120.0,1095352120.0,12.106917468292384,2.43686288550089,0.2164441104257555,0.354904173646361,0.006798212531384115,12.106917468292384,0.006887756393062648,9.133471565312881,97.01461425422482,2.672852118200175,0.48089639970609843,1.7301926252063842,0.0012392370041433118,0.17847349001004628,1.8099074101699635,0.004200610801526541,98.88551956562442,0.3204209215657452,-0.7777777777777777,-0.6548227485807274,0.19092872486483442,0.305796179421338,-0.1006455683914183,-0.772084065980072,-0.4073640461277293,-0.2656568356751279,0.16418279800023722,0.29497861135930037,Electronic Components,Technology,CTS
2019Q2,2019,Q2,2019-07-25,2019-06-30,11943000.0,120684000.0,17083000.0,0.36,41204000.0,0.34142056942096716,580701000.0,395545000.0,250419000.0,96315000.0,185156000.0,43154000.0,499585000.0,918699990.0,889899990.0,12.059666453245526,2.6,0.1322160629997193,0.19410686521129075,0.025630417178719857,12.059666453245526,0.030193783261070167,7.61244232872626,19.23093004270284,2.3226181344726897,0.11010633844092774,1.8417759651480743,0.0014313704302968372,0.2078246808598573,1.9774074650885116,0.020566522186116435,87.61205321380889,0.34142056942096716,0.058823529411764594,0.9314585115068177,0.20557478426170941,0.3330446225129235,0.014502031269235504,0.0458884315614327,0.20150513433675624,-0.17661110500473556,0.22133099513689752,0.30541384425368673,Electronic Components,Technology,CTS
2019Q1,2019,Q1,2019-04-25,2019-03-31,11419000.0,117625000.0,14218000.0,0.34,40615000.0,0.3452922422954304,574008000.0,386893000.0,242225000.0,97504000.0,187115000.0,42521000.0,488951000.0,976336320.0,952859320.0,11.793001493583686,2.4842570561207746,0.13454690526961297,0.1996184991716056,0.023138915262251272,11.793001493583686,0.029514620321380847,8.300415047821467,21.375258779227604,2.5235305885606616,0.11472107890358176,1.8111051010089132,0.0013417507606395304,0.2049187467770484,1.8771947817525434,0.019893450962355924,228.7573383317713,0.3452922422954304,-0.34615384615384615,1.3095683919962346,0.20008154384809,0.3175516036780979,-0.04760229804197444,-0.3498633568663175,-0.16448257624728213,0.444498086828411,0.20983983760945343,0.33506294835913114,Electronic Components,Technology,CTS
2018Q4,2018,Q4,2019-02-22,2018-12-31,17564000.0,120073000.0,17017000.0,0.52,42645000.0,0.3551589449751401,548341000.0,377929000.0,239359000.0,103993000.0,170412000.0,43486000.0,478847000.0,853929870.0,802996870.0,11.458296698299124,2.301683767176637,0.0911841354193832,0.13229998227180237,0.041394477196601685,11.458296698299124,0.046474337772438735,7.11175593180815,12.154547227283079,2.2594981332472504,0.07532452744249601,1.7805270661822197,0.001549307556134557,0.21897505384423196,1.7352225630571287,0.032031163090120926,108.03768598178138,0.3551589449751401,0.7333333333333335,7.001129733275322,3.389786334097797,0.2972443518586347,0.013378641699538995,0.7201057682891,0.055776150887206846,2.271713811477459,0.2724524502960281,0.32644224420048334,Electronic Components,Technology,CTS
2018Q3,2018,Q3,2018-10-25,2018-09-30,10211000.0,118859000.0,16118000.0,0.3,42082000.0,0.3540497564340942,549592000.0,376205000.0,238998000.0,105660000.0,173387000.0,41960000.0,445160000.0,1106098410.0,1052344410.0,11.370175597666757,2.261953435547984,0.09097657898950494,0.1329062612139658,0.02690033512497528,11.370175597666757,0.027142116665116095,9.305971024491203,27.081050093036918,2.940148084156245,0.12966408774850652,1.8297664442326025,0.0011970001837359118,0.21626770404227136,1.7299261783077797,0.0185792369612367,123.60022460610124,0.3540497564340942,0.42857142857142855,0.5249954355826383,-0.2413860281544526,0.42093986573865416,0.006433405878554516,0.4164239145512554,0.10822332233223322,3.1246156364440782,0.2986809725735373,0.26047230191587273,Electronic Components,Technology,CTS
2018Q2,2018,Q2,2018-07-26,2018-06-30,7209000.0,118021000.0,14544000.0,0.21,41813000.0,0.35428440701231134,542553000.0,363760000.0,232060000.0,105146000.0,178793000.0,41671000.0,436274000.0,1189836000.0,1143975000.0,11.006020997851804,2.207026420405912,0.10505886060900962,0.15669672311414118,0.021535430178161015,11.006020997851804,0.019818011875962174,10.081561755958685,41.262172284644194,3.2709368814603037,0.1831044527673741,1.8288018046123202,0.0011093965891097596,0.217528978735718,1.6972400281513325,0.013287181160181585,-2760.6403712296983,0.35428440701231134,-0.3823529411764707,1.646347348099274,-0.20862140709758495,0.41300874640937,0.08794525537949158,-0.3757360581918947,0.0887042443296654,-0.621838291080166,0.18040746454120926,0.19162370752961294,Electronic Components,Technology,CTS
2018Q1,2018,Q1,2018-04-26,2018-03-31,11548000.0,113530000.0,13359000.0,0.34,38433000.0,0.3385272615167797,548692000.0,355732000.0,242538000.0,102461000.0,192960000.0,37941000.0,430388000.0,896920000.0,849537000.0,10.787930250189538,2.3671250524589844,0.13486619086846538,0.20802176919703597,0.02345730276785791,10.787930250189538,0.03246264041469421,7.900290672069056,19.417215102182197,2.521336286867642,0.11413231728437825,1.9793099812867347,0.0014694733086562904,0.2069102520175253,1.8673544080186608,0.021046415839851867,67.73297085032472,0.3385272615167797,1.829268292682927,2.2903341300142452,-0.22804379989266885,0.3408019582277451,0.16906463878326997,1.8478085309448646,704.1052631578947,0.8610926116480655,0.17007363698107436,0.2295930788959405,Electronic Components,Technology,CTS
2017Q4,2017,Q4,2018-02-23,2017-12-31,-13621000.0,110910000.0,-19000.0,-0.41,32875000.0,0.29641150482373096,539696000.0,343805000.0,233609000.0,102412000.0,195891000.0,36596000.0,420160000.0,848153500.0,810881500.0,10.437944016030118,2.2810705776666795,0.14137588568379236,0.22192812786317825,0.004248510942871836,10.437944016030118,-0.039618388330594376,7.647222973582184,-15.567019675501065,2.4669609226160176,-0.0967623522502019,2.132336867417204,0.0015539639935459794,0.20550458035634875,1.7981877123774557,-0.025238282292253417,170.51739043023724,0.29641150482373096,-2.413793103448276,-2.575102041736737,-0.18094405371578554,0.3113798157263393,-0.12422078959987214,-2.416051564611706,-1.0014491648234307,-3.013041385362275,0.1371942105474375,0.22104808030470782,Electronic Components,Technology,CTS
2017Q3,2017,Q3,2017-10-26,2017-09-30,9619000.0,106243000.0,13111000.0,0.29,37538000.0,0.35332210122078633,543283000.0,346609000.0,229774000.0,100842000.0,196674000.0,35308000.0,435099000.0,793733500.0,759881500.0,10.524032184606043,2.278554570516253,0.15148642604314877,0.23744334394086708,0.021064263338091898,10.524032184606043,0.027751731778459302,7.470925143303559,20.62931437779395,2.289996797544207,0.13702048029940742,1.9458762886597938,0.0016605069585698474,0.19555737985543445,1.7950159655699014,0.017705321167789164,38.12543830155147,0.35332210122078633,-0.03333333333333337,0.6744220714879295,-0.2033159670926029,0.3108236142006543,0.048723249706654745,-0.034818382500501704,-0.007344033918837069,0.2089353109064433,0.08431582525984878,0.13507348627396215,Electronic Components,Technology,CTS
2017Q2,2017,Q2,2017-07-27,2017-06-30,9966000.0,105686000.0,13208000.0,0.3,35794000.0,0.3386825123478985,538390000.0,336480000.0,222570000.0,94563000.0,201910000.0,36094000.0,426797000.0,710424000.0,696469000.0,10.230465186986926,2.3536689825830397,0.1743327327773547,0.2789437708036139,0.021967630859546852,10.230465186986926,0.02961840228245364,6.72202562307212,17.821192052980134,2.111340941512126,0.13184828416616495,1.936388319388264,0.001849599675686632,0.19630007986775386,1.8458699491344395,0.018510744998978437,86.76404494382022,0.3386825123478985,0.19999999999999996,2.1229952613933754,-0.2914599726677854,0.3111119395474788,0.045874240299205234,0.1746817538896747,0.08297802558215808,0.6072726832984652,0.052830965887870146,0.13084940252625235,Electronic Components,Technology,CTS
2017Q1,2017,Q1,2017-04-27,2017-03-31,8484000.0,100154000.0,12196000.0,0.25,34224000.0,0.34171376080835514,527695000.0,326084000.0,227220000.0,92996000.0,201611000.0,30954000.0,418149000.0,698682600.0,671869600.0,9.940979208584842,2.443330895952514,0.18003960621192167,0.2913543749463329,0.02009991772739372,9.940979208584842,0.026017835895045447,6.9760828324380455,20.588242574257425,2.142646066657671,0.1544082979726544,2.1299347418750405,0.0018749572409560507,0.1897952415694672,1.9875586046711686,0.01607746899250514,116.97348066298342,0.34171376080835514,0.0,2.8638940720338435,-0.29144588708246805,0.27992025914976254,-0.045648476060344105,0.020938628158844765,-0.13784815495546443,0.7162067609666588,0.021987570023786467,0.11063778848224415,Electronic Components,Technology,CTS
2016Q4,2016,Q4,2017-02-24,2016-12-31,8310000.0,101584000.0,14146000.0,0.25,35861000.0,0.35301819184123484,517697000.0,317882000.0,215707000.0,98129000.0,199815000.0,28652000.0,410979000.0,733824000.0,710125000.0,9.703357753357754,2.1981982900060126,0.17405161706558084,0.2834573835574207,0.02533895081194598,9.703357753357754,0.026141775879099792,7.223814773980155,22.076534296028882,2.308479247016188,0.15776173285198555,2.2938363814044394,0.001786531920460492,0.19622288713282093,1.797806968378359,0.016051860451190562,76.5835942391985,0.35301819184123484,1.272727272727273,0.5160869412918592,-0.24631480406173292,0.2898647586851402,-0.021287628612756203,1.2338709677419355,0.13258606885508406,3.85862292688861,3.035566444953841,0.09855996672485805,Electronic Components,Technology,CTS
2016Q3,2016,Q3,2016-10-28,2016-09-30,3720000.0,99697000.0,12490000.0,0.11,36641000.0,0.3675235964973871,513571000.0,306268000.0,216843000.0,101135000.0,207303000.0,29178000.0,403979000.0,609317400.0,590884400.0,9.349125431179218,2.1440945271172196,0.1869264424977267,0.31345096451473875,0.00984672660490721,9.349125431179218,0.012146224874946125,6.111692428057013,40.948750000000004,1.989490903391801,0.3524193548387097,2.161080265953801,0.0021515879901017106,0.19412505768433186,1.7482869431947397,0.00724339964678691,56.168639380530976,0.3675235964973871,-0.75,-0.3342132981286325,-0.283801954293968,0.10418062179796733,0.06338334736047828,-0.7432180575688548,-0.4816782172054613,-0.43886163435411407,-0.3573158187429427,0.1683676228957907,Electronic Components,Technology,CTS
2016Q2,2016,Q2,2016-07-29,2016-06-30,14487000.0,98693000.0,24097000.0,0.44,34457000.0,0.349133170538944,519834000.0,302634000.0,220472000.0,97095000.0,217200000.0,25978000.0,401569000.0,587041280.0,577929280.0,9.2381940840685,2.2706833513569187,0.21314496550821993,0.36611881017995335,0.0380709126120179,9.2381940840685,0.04786970399888975,5.948155188311228,10.130483882101196,1.939773059206831,0.09035687167805619,2.472707675725614,0.002229826154644525,0.18985483827529556,1.8748339255368454,0.02786851187109731,66.73957253296953,0.349133170538944,0.8333333333333334,2.67900364470534,-0.2951114473871129,0.11135853420680362,0.02955061551332616,0.8424265547500954,0.9381484758304512,2.3104588073682915,-0.33232467452528275,0.1860461691254222,Electronic Components,Technology,CTS
2016Q1,2016,Q1,2016-05-03,2016-03-31,7863000.0,96705000.0,12433000.0,0.24,33468000.0,0.34608344966651156,540339000.0,288248000.0,235654000.0,100533000.0,252091000.0,26062000.0,388392000.0,513627680.0,523963680.0,8.833292473645502,2.344046233575045,0.26150250120757523,0.49020288085259917,0.0190212829127247,8.833292473645502,0.02727859343343232,5.311283594436689,16.3305252448175,1.7818950348311176,0.165712832252321,2.4264062619906377,0.0025368570478911884,0.17897097932964307,1.9471118936070744,0.014551975704141289,-203.49749603803485,0.34608344966651156,1.5714285714285714,0.6151747884960076,-0.32927192174352216,0.07610800437208758,0.10990250049744645,1.5759173807954296,12.354457572502685,1.263928020323389,-0.3355350717219684,0.09786544513987787,Electronic Components,Technology,CTS
2015Q4,2015,Q4,2016-02-24,2015-12-31,-13653000.0,93282000.0,931000.0,-0.42,30154000.0,0.3232563624279068,484133000.0,281654000.0,251979000.0,101351000.0,202479000.0,24600000.0,381840000.0,575152200.0,508924200.0,8.63836834841282,2.4862014188315853,0.1873452129889927,0.32202631597633974,0.05027498773614666,8.63836834841282,-0.04847436926157626,6.165736154885187,-10.531608437705998,2.0420523053107713,-0.0957298762176811,2.566178861788618,0.002272441972750865,0.1926784581922736,2.0867184339572376,-0.02820092825731772,50.70994533591959,0.3232563624279068,-1.8000000000000003,-4.035861064253949,-0.3134850262056305,0.09613571020881002,-0.04108630668447497,-1.8682773109243698,1.2418181818181817,-2.594927008394285,-0.3040889508738798,0.08528862346076414,Electronic Components,Technology,CTS
2015Q3,2015,Q3,2015-10-27,2015-09-27,-4760000.0,90646000.0,-3850000.0,-0.15,31446000.0,0.3469099574167641,488741000.0,295604000.0,257708000.0,91603000.0,193137000.0,26974000.0,396796000.0,601001800.0,540746800.0,9.020567592310039,2.813313974433152,0.18516965018281667,0.30615282607813155,-0.006855972228504391,9.020567592310039,-0.016102623780463052,6.630207620854754,-31.565220588235295,2.0331314867187182,-0.27647058823529413,2.1947060131978944,0.002189677302131208,0.1854683769112884,2.2921520037553353,-0.009739309777571351,100.67031825795645,0.3469099574167641,-1.2631578947368423,-1.7179977630634513,-0.32155820108006294,0.16288515249354854,-0.05774128786743775,-1.249475890985325,-1.3651365705614567,-1.8327664004694377,-0.3168506514286717,0.12355918397790172,Electronic Components,Technology,CTS
2015Q2,2015,Q2,2015-07-28,2015-06-28,19080000.0,100071000.0,10544000.0,0.57,33373000.0,0.3334932198139321,489270000.0,305532000.0,261661000.0,83483000.0,183738000.0,30424000.0,402863000.0,632489600.0,574398600.0,9.236154776299879,3.134302792185235,0.1812904940012672,0.290313289606326,0.046993961984211255,9.236154776299879,0.062448450571462234,6.32040850995793,8.287337526205452,2.070125551497061,0.06981132075471698,2.19228240862477,0.002105963481454873,0.20453124041940032,2.5135297006576187,0.038996872892268074,51.43028134656041,0.3334932198139321,1.9999999999999998,2.33304930096021,-0.258202554900024,0.22419086515777004,0.038492656211102816,2.0348337839987276,0.005339435545385202,4.94466225653653,-0.33295744548924006,0.1836834964375427,Electronic Components,Technology,CTS
2015Q1,2015,Q1,2015-04-28,2015-03-29,6287000.0,98311000.0,10488000.0,0.19,32136000.0,0.32688102043514966,471197000.0,293134000.0,254710000.0,82850000.0,178063000.0,28580000.0,385100000.0,590038260.0,534905260.0,8.77357756427524,3.0743512371756188,0.17657158258647657,0.283829238505257,0.01945929922071242,8.77357756427524,0.02144752911637681,6.001752194566223,23.46263162080484,2.01286189933614,0.2125019882296803,2.315430370888733,0.002264259948159972,0.2086409718228257,2.479046469523235,0.013342614660110315,-832.2119322990127,0.32688102043514966,-0.07510051694428484,0.4419691556722937,-0.22790270801055215,0.18595842351545908,-0.026948464845879004,-0.09721424468696152,0.017264791464597477,1.8111166160244787,-0.3171619902518857,0.1296150443650601,Electronic Components,Technology,CTS
2014Q4,2014,Q4,2015-02-24,2014-12-31,6964000.0,100378000.0,10310000.0,0.2054277286135693,33026000.0,0.32901631831676265,456926000.0,289789000.0,240401000.0,79982000.0,167137000.0,27887000.0,380145000.0,604437000.0,544929000.0,8.54834808259587,3.0056887799754946,0.16414036408521293,0.2588089955105266,0.022476068347150498,8.54834808259587,0.0240312779298041,6.021608320548327,21.698628661688684,2.0857831042586157,0.19184376794945435,2.4151755298167603,0.0022103213403547434,0.21968108621527338,2.3930634392738366,0.01524097993985897,46.01027631879425,0.32901631831676265,-0.14405113077679452,0.7106581311050304,-0.23701450637912652,0.19180942255755626,0.016215883565648175,-0.14204755451521497,-0.08135079746948232,0.22779550913164712,-0.28030678515241253,0.13632963114222896,Electronic Components,Technology,CTS
2014Q3,2014,Q3,2014-10-28,2014-09-28,8117000.0,99957000.0,11223000.0,0.24,32499000.0,0.3251298058165011,488762000.0,311519000.0,244454000.0,84295000.0,177243000.0,29908000.0,374515000.0,551023600.0,500439600.0,9.271674752224769,2.899982205350258,0.16429264140829278,0.2577691890382288,0.019498313536368085,9.271674752224769,0.02605619560925658,5.512606420760927,16.971282493532094,1.7688282255656957,0.1657016138967599,2.255516918550221,0.0024409117867183914,0.2045105797913913,2.3011685153330563,0.01660726488556803,242.52799295774648,0.3251298058165011,0.26315789473684204,0.8261982085350609,-0.20379133412772185,0.2983296011993204,-0.03914496052981699,0.27605722370696434,0.12850678733031673,0.4164198579348856,-0.29988635980966755,0.09503329144325934,Electronic Components,Technology,CTS
2014Q2,2014,Q2,2014-07-29,2014-06-29,6361000.0,102980000.0,9945000.0,0.19,33823000.0,0.3284424160031074,479631000.0,305245000.0,235572000.0,85298000.0,174386000.0,28434000.0,367740000.0,630956700.0,579926700.0,9.046708751963486,2.7617529133156697,0.158872132952207,0.24963553866566202,0.017200106238009896,9.046708751963486,0.020838998181788398,6.126982909302777,24.79785804118849,2.0670500745302953,0.21097311743436567,2.4321938524301894,0.0021269288367965662,0.21470672245955746,2.2076719266571314,0.013262278710091717,48.84321876451463,0.3284424160031074,0.2666666666666667,1.906500202874714,-0.14370688234417192,0.28871353718713855,0.10478523599542708,0.25216535433070864,-0.08298755186721991,0.5683747425328982,-0.28589893496277896,0.08832277028219357,Electronic Components,Technology,CTS
2014Q1,2014,Q1,2014-04-29,2014-03-30,5080000.0,100706000.0,10845000.0,0.15,30615000.0,0.3040037336404981,474182000.0,301710000.0,231533000.0,83184000.0,172472000.0,26950000.0,362724000.0,703823040.0,661454040.0,8.95069419722321,2.7833838238122715,0.16154134910224344,0.2538861820953896,0.01613608737092966,8.95069419722321,0.016837360379172054,6.988888844756023,34.636960629921255,2.332779954260714,0.2659448818897638,2.600779220779221,0.001919516587578605,0.2123783694868215,2.246153106366609,0.010713186076232332,-79.50107760081329,0.3040037336404981,2.6666666666666665,1.1426526808128792,-0.1465952749254159,0.24514455736576968,0.7846109006120664,2.7041261321704124,2.731933929800413,0.010196060857664361,-0.323817991004254,0.09041036499763953,Electronic Components,Technology,CTS
2013Q4,2013,Q4,2014-03-03,2013-12-31,-2981000.0,-51175000.0,2906000.0,-0.09,17155000.0,0.3352222765021983,480265000.0,296729000.0,236269000.0,95120000.0,183536000.0,32226000.0,358997000.0,668856540.0,619488540.0,8.832797523367267,2.483904541631623,0.15616378457726462,0.2527558816293655,0.00557448067250064,8.832797523367267,-0.010046203775161848,-13.069986126038105,-56.09330258302583,2.25409899268356,-0.4528681650452868,-2.1203376155898965,0.0020183700379157537,-0.10655575567655357,2.0654015979814973,-0.006206989890997678,74.3008820262164,-0.3352222765021983,-1.4500000000000002,-1.5290881148063333,-1.315282316661726,0.07391379019069653,-0.5428868341815662,-1.4371608740284498,-0.7120776775983355,-1.6433366077275704,-1.3655379763895705,0.12080712420485287,Electronic Components,Technology,CTS
2013Q3,2013,Q3,2013-10-29,2013-09-29,6819000.0,159563000.0,10093000.0,0.2,37529000.0,0.235198636275327,539863000.0,269631000.0,307807000.0,121765000.0,270232000.0,84605000.0,363320000.0,531385920.0,563255920.0,8.001869658119658,2.5278774688950025,0.23820858254779453,0.476948125401011,0.016630555705355203,8.001869658119658,0.02529011871780322,3.330257766524821,19.4818125824901,1.970789412196669,0.17289925208974924,1.442397021452633,0.002218726457787967,0.2955620222167476,1.5894468853939967,0.012630982304769913,41.74608531699269,0.235198636275327,1.588235294117647,-0.10374084630095666,-0.06124760677159028,-0.20440843226086006,0.05748260024232861,1.6015880017644464,4.847624565469293,0.00031071486693317154,0.1614332031249096,0.03155985722546241,Electronic Components,Technology,CTS
2013Q2,2013,Q2,2013-07-25,2013-06-30,-11335000.0,151561000.0,1726000.0,-0.34,35489000.0,0.2341565442297161,528673000.0,261627000.0,294067000.0,117480000.0,267046000.0,85160000.0,357681000.0,465207650.0,508663650.0,7.789067849593617,2.5031239359891044,0.24495292931547477,0.4949794937066893,-0.06388262551024042,7.789067849593617,-0.04332503908235771,3.0694416769485553,-10.260424569916188,1.7781331819728086,-0.10357300397000441,1.3629873179896665,0.0025236042442552268,0.2866819376060438,1.5317671092951992,-0.02144047454664793,46.3123593827775,0.2341565442297161,-4.4,-2.1405302887563447,-0.1840267936678101,-0.21488264089965076,0.1381975625400898,-4.176849775784754,-0.4172856178257934,-2.950083996278079,0.10645302921604644,0.03238912085301221,Electronic Components,Technology,CTS
2013Q1,2013,Q1,2013-04-25,2013-03-31,3568000.0,149512000.0,2962000.0,0.1,31180000.0,0.20854513350098988,564550000.0,269722000.0,315047000.0,108394000.0,294828000.0,82144000.0,370194000.0,331877700.0,386445700.0,8.045878948781434,2.906498514677934,0.29049685590293156,0.6080334566702011,0.00883495183647727,8.045878948781434,0.013228435203654132,2.219739552678046,23.253762612107625,1.230443567821683,0.328195067264574,1.4405434359174134,0.0035284082057938813,0.26483393853511644,1.8742919349779508,0.006320077938180852,-40.53715646757054,0.20854513350098988,-0.6153846153846154,-0.45960517956159785,-0.12623012689126473,-0.1605544673130753,0.16338942576769525,-0.5960144927536232,-0.7579867636244791,-0.18438734918557145,0.17028749353360134,0.08759258626116595,Electronic Components,Technology,CTS
2012Q4,2012,Q4,2013-02-25,2012-12-31,8832000.0,138298000.0,12239000.0,0.26,26801000.0,0.19379166726923022,561176000.0,267758000.0,309558000.0,115026000.0,293418000.0,81752000.0,367800000.0,357593200.0,401522200.0,7.959512485136742,2.6912002503781753,0.2735327241364563,0.5732788562806713,0.020166622704940705,7.959512485136742,0.03298500885127615,2.585671520918596,10.122090126811596,1.3355089297051816,0.13417119565217392,1.3638443096193364,0.003313821403762711,0.24644318360015396,1.8948933284648688,0.015738377977675452,27.54318724485866,0.19379166726923022,0.5294117647058822,0.3115244278527724,-0.11677142045493927,-0.05982375108871569,0.007783710611416109,0.49264830150414063,0.7987948265726044,1.186287315280161,0.05934483476206277,0.1097140508426519,Electronic Components,Technology,CTS
2012Q3,2012,Q3,2012-10-24,2012-09-30,5917000.0,137357000.0,6804000.0,0.17,26594000.0,0.19361226584739039,481376000.0,272353000.0,269153000.0,96073000.0,209023000.0,75007000.0,360139000.0,342283070.0,348163070.0,8.028564690622881,2.801546740499412,0.196312238250349,0.34697616695979117,0.014814016553460988,8.028564690622881,0.021725481268794544,2.4919230181206635,14.46185017745479,1.2567626205696285,0.20094642555348993,1.4767021744637168,0.0034737330128539515,0.28534243501961043,1.765678182215607,0.012291846706109154,33.8927685909496,0.19361226584739039,0.7000000000000001,-0.20595929371995997,-0.17806814258782908,-0.1357934124907002,0.02529107872619323,0.792487125113602,0.19096796779275338,0.31851791528898193,0.0836688335069135,0.12425462190400323,Electronic Components,Technology,CTS
2012Q2,2012,Q2,2012-07-24,2012-07-01,3301000.0,154294000.0,5713000.0,0.1,25938000.0,0.16810763866384953,490089000.0,265470000.0,276390000.0,109378000.0,224619000.0,78664000.0,355410000.0,323209000.0,337170000.0,7.80289224619364,2.526924975772093,0.1979232343513117,0.3653896862168983,0.011528487873024674,7.80289224619364,0.012434550043319396,2.0947606517427766,24.478112693123297,1.2174972689946133,0.361102696152681,1.631699379639988,0.0036880161134126834,0.31482853114434317,1.5875495986395802,0.006735511305089484,25.87742193755004,0.16810763866384953,0.4285714285714285,-0.4113734346620663,-0.04219748358115786,-0.1413319044429534,0.17637988117374936,0.44590451160753397,1.9570393374741202,1.4665370554660988,0.2723796473985485,0.11153051817876061,Electronic Components,Technology,CTS
2012Q1,2012,Q1,2012-04-25,2012-04-01,2283000.0,146969000.0,1932000.0,0.07,22049000.0,0.1500248351693214,508666000.0,264897000.0,293215000.0,116216000.0,243769000.0,92069000.0,353295000.0,365957380.0,390216380.0,7.766873863836275,2.5230174846836926,0.2136962171641116,0.4103481730634926,0.00513982885525278,7.766873863836275,0.008618444149990374,2.4900310949928217,40.07417652212002,1.3815082088509876,0.5225580376697329,1.3568084805960747,0.0032599424555941462,0.2889302607211805,1.4998623253252563,0.004488210338414598,-35.734535689874036,0.1500248351693214,-0.5816256830601093,-0.4073158385364763,-0.054428103824537576,-0.1401609126872065,-0.14664447712671258,-0.6101434426229508,-0.7316666666666667,1.0633613372201518,0.23091377966117713,0.08046152691736445,Electronic Components,Technology,CTS
2011Q4,2011,Q4,2012-02-24,2011-12-31,5856000.0,143999000.0,7200000.0,0.16731428571428572,25838000.0,0.1794318016097334,480815000.0,263297000.0,283386000.0,124237000.0,217518000.0,92540000.0,352205000.0,322000000.0,338869000.0,7.522771428571429,2.281011292932057,0.19400601062778824,0.3542805273132622,0.015575277053674097,7.522771428571429,0.02224104338446697,2.2361266397683317,13.74658469945355,1.222953546755185,0.1758879781420765,1.27686405878539,0.0031987577639751557,0.2994894086083005,1.3261508246335634,0.012179320528685669,194.6795646916566,0.1794318016097334,-0.015798319327731125,0.17387982491046572,-0.044464252782717345,-0.049699587266659226,-0.05906773488710852,-0.0011939280231963159,-0.07144699509930358,-0.002390051562026064,-0.1484798853121059,-0.08536248496324697,Electronic Components,Technology,CTS
2011Q3,2011,Q3,2011-10-26,2011-10-02,5863000.0,146070000.0,7754000.0,0.17,27460000.0,0.18799205860204013,516475000.0,291054000.0,292986000.0,122234000.0,225421000.0,91366000.0,347542000.0,254375000.0,254903000.0,8.467025454545455,2.39692720519659,0.17367733191345178,0.3081902327403162,0.01592200891514643,8.467025454545455,0.02014402825592502,1.7414595741767647,10.846622889305817,0.8739787118541577,0.17618966399454206,1.298185320578771,0.00406093366093366,0.2828210465172564,1.4686257506094866,0.011351953143908224,-122.06094049904031,0.18799205860204013,0.4166666666666668,0.03458257104194843,-0.08022602362991076,-0.13209165173030984,-0.014640447825462897,0.41892545982575025,0.7128341064722774,-0.24461483642096968,-0.15760547398541686,-0.15815998719329674,Electronic Components,Technology,CTS
2011Q2,2011,Q2,2011-07-26,2011-07-03,4132000.0,146919000.0,4527000.0,0.12,27868000.0,0.18968275035904136,495423000.0,285743000.0,275353000.0,118051000.0,209680000.0,88602000.0,342709000.0,333781250.0,333471250.0,8.312523636363636,2.332491889098779,0.1508730922867933,0.26158471073657097,0.010305743172872075,8.312523636363636,0.014460546715055136,2.2718725964647186,20.194896539206198,1.1681169792435862,0.24927395934172314,1.3436604139861403,0.003085853384514558,0.2965526428930429,1.3794715843152536,0.00834034754139392,41.785334251377066,0.18968275035904136,-0.2,-0.3178500731187748,-0.07673200134781594,-0.13194306870789868,-0.04430727023319616,-0.1923377638780297,-0.2139260288244487,-0.5937438213408567,-0.22710452014434773,-0.16211968737933768,Electronic Components,Technology,CTS
2011Q1,2011,Q1,2011-04-27,2011-04-03,5116000.0,151518000.0,5759000.0,0.15,29160000.0,0.19245238189522038,499989000.0,281496000.0,280242000.0,120825000.0,218493000.0,87949000.0,339610000.0,371736120.0,377873120.0,8.208555681917593,2.3194040968342646,0.1606035332777321,0.2852616022963026,0.01235181497758548,8.208555681917593,0.018174325745303664,2.4534122678493646,18.165369429241593,1.3205733651632705,0.20054730258014072,1.3912381039011246,0.0027600223513389015,0.30304266693867266,1.4116945996275605,0.010232225108952397,-65.51570673246387,0.19245238189522038,0.08749999999999998,-0.14153339336408413,0.05167162304072071,-0.12550433597044322,0.0013048554357530389,0.06583333333333333,-0.03760026737967914,-0.24254948458716044,-0.13438924820933082,-0.1435820199555453,Electronic Components,Technology,CTS
2010Q4,2010,Q4,2011-02-24,2010-12-31,4800000.0,145025000.0,5984000.0,0.13793103448275862,29122000.0,0.2008067574556111,482584000.0,274250000.0,266655000.0,120100000.0,208334000.0,76885000.0,335524000.0,384888000.0,399807000.0,7.880747126436781,2.2202747710241466,0.18283656316827743,0.32172835004557887,0.013171232092164817,7.880747126436781,0.017502278942570646,2.653942423720048,20.04625,1.4034202370100275,0.21375,1.5074852051765624,0.002665710544366153,0.30051763009134164,1.4092006661115737,0.009946454917693085,45.478908188585606,0.2008067574556111,-0.31034482758620696,-0.34050467477631446,0.10520697134711862,-0.01960235523177686,-0.02826253795588775,-0.30585683297180044,-0.22995753442285422,-0.3109744853672029,-0.10468299910166189,-0.06912750174241017,Electronic Components,Technology,CTS
2010Q3,2010,Q3,2010-10-27,2010-10-03,6915000.0,139362000.0,7771000.0,0.2,29969000.0,0.21504427318781302,470881000.0,265144000.0,259054000.0,111735000.0,205737000.0,76562000.0,331750000.0,325061310.0,329130310.0,7.757058014686522,2.318467803284557,0.16373563596747373,0.29078538454575625,0.016774801955659766,7.757058014686522,0.026080167757897597,2.332496017565764,11.752035791757049,1.225980259783363,0.14822848879248013,1.4288158616546067,0.0031532513051153338,0.2959601258067325,1.4603033964290508,0.014685238945720894,-127.52503334641035,0.21504427318781302,0.1764705882352941,0.15962846796486682,-0.008536264134080351,-0.13181438969466744,-0.012228081740276862,0.17362525458248473,0.003875468285751195,-0.07903554187451897,-0.1723649488356342,-0.16501879298380429,Electronic Components,Technology,CTS
2010Q2,2010,Q2,2010-07-27,2010-07-04,5892000.0,138851000.0,7741000.0,0.17,30340000.0,0.21850760887570128,447447000.0,256882000.0,236768000.0,107371000.0,190565000.0,68786000.0,325860000.0,309155840.0,309821840.0,7.5447015977443606,2.205139190284155,0.14728001305182514,0.2565380213483234,0.019471229440146093,7.5447015977443606,0.02293660124103674,2.2265294452326594,13.117610319076714,1.2034935884958853,0.17294636795655124,1.577515773558573,0.0032960722980358388,0.3103183170297264,1.3953674642128695,0.013168040013677598,-84.56122538293216,0.21850760887570128,0.30769230769230776,0.6076248519414977,-0.05685056739534837,-0.1438250145301752,-0.0045605170773319334,0.3297224102911307,0.2196313218843548,0.049845294862898175,-0.13872035892122644,-0.1697444552509861,Electronic Components,Technology,CTS
2010Q1,2010,Q1,2010-04-28,2010-04-04,4431000.0,129403000.0,6347000.0,0.13,30479000.0,0.2355354976314305,422439000.0,251195000.0,210841000.0,96228000.0,171244000.0,60000000.0,320994000.0,329023950.0,326259950.0,7.397879546458548,2.19105665710604,0.1325635180463925,0.22293437369374391,0.01611503734787781,7.397879546458548,0.017639682318517487,2.5426300008500577,18.563752538930263,1.309834789705209,0.2299706612502821,1.6487333333333334,0.0030970389845480853,0.30632351653138085,1.3804402045142785,0.010489088365420807,86.69932806324111,0.2355354976314305,0.0825488776249095,0.40236265916998715,-0.10697670369959107,-0.1698124233627106,-0.01515445263021843,0.06951484431571325,-0.23150502482140695,0.15543684675269878,-0.1637421367007881,-0.18101077617668004,Electronic Components,Technology,CTS
2009Q4,2009,Q4,2010-02-23,2009-12-31,4143000.0,133888000.0,8259000.0,0.12008695652173913,30948000.0,0.2311484225621415,407657000.0,247454000.0,193735000.0,90516000.0,160203000.0,54348000.0,317582000.0,331890000.0,350410000.0,7.172579710144928,2.1403398294224227,0.1709451818563155,0.28161597711089736,0.012862889145093984,7.172579710144928,0.01674250567782295,2.478862930210325,20.027154236060824,1.341218974031537,0.2452329230026551,1.8940899389121955,0.003061255235168279,0.32843297183661757,1.357605285253436,0.010162955622005755,31.049677238282346,0.2311484225621415,-0.0762541806020067,-0.3395035936247651,-0.008663106129396598,-0.159708592585627,0.1818980332251289,-0.07542959160901584,0.3144994429412701,-0.1574679060191352,-0.09868195455061769,-0.09393691890916774,Electronic Components,Technology,CTS
2009Q3,2009,Q3,2009-10-28,2009-09-27,4481000.0,126565000.0,6283000.0,0.13,26185000.0,0.20688974044957137,406680000.0,241895000.0,191692000.0,98465000.0,164785000.0,60452000.0,314456000.0,356682690.0,365853690.0,7.141233430756059,1.9468034326918193,0.12171732074358217,0.20463424212984974,0.017088506343547652,7.141233430756059,0.018524566444118314,2.818177932287757,19.899726065610352,1.4745351908886086,0.22673510377147957,1.6604909680407596,0.002848470162653534,0.31121520605881775,1.1808358299903519,0.011018491197009934,21.58704169944925,0.20688974044957137,1.619047619047619,0.2110734853825969,0.03932500085660902,-0.15571253699399745,0.1968644300210257,1.6378647686832741,0.9826443673082992,-0.19756612866647036,-0.1912342400301166,-0.2679913217730471,Electronic Components,Technology,CTS
2009Q2,2009,Q2,2009-07-28,2009-06-28,-7025000.0,120398000.0,3169000.0,-0.21,21878000.0,0.1817139819598332,394355000.0,237127000.0,177788000.0,89127000.0,157228000.0,61745000.0,310990000.0,226994880.0,251159880.0,7.019953225376713,1.9947715058287612,0.1293251004805315,0.21507462245969458,-0.028574452848013708,7.019953225376713,-0.029625474956457933,1.8853708533364342,-8.078109608540924,0.9572713356134055,-0.14405693950177936,1.5955947850028342,0.004458250335866607,0.30530359701284376,1.1268975731259887,-0.017813898644622232,12.421740177301084,0.1817139819598332,0.8018867924528302,-2.0851078110456585,-0.06800864598660383,-0.16545524086762517,0.10333350143728882,0.8029397739067015,1.0891671356218346,-2.1802167418698764,-0.2300455912138898,-0.26692310046767787,Electronic Components,Technology,CTS
2009Q1,2009,Q1,2009-04-29,2009-03-29,-35649000.0,118131000.0,-35540000.0,-1.06,19829000.0,0.16785602424427118,435660000.0,242568000.0,208786000.0,90027000.0,193092000.0,70218000.0,319033000.0,116416800.0,157855800.0,7.188477951635846,2.319148699834494,0.1975416609282468,0.3547912337983576,-0.10510936279797373,7.188477951635846,-0.14696497476996143,0.985488991035376,-0.816409997475385,0.4799346987236569,-0.02838789306852927,1.3999544276396365,0.008692903429745534,0.27115411100399395,1.3471847334688483,-0.08182757195978516,-21.4514096185738,0.16785602424427118,-7.320240622788394,-16.074180065874145,0.030547379098903232,-0.1279218947033813,-0.33338936327573454,-7.307324840764331,-10.402116402116402,-7.079237904677029,-0.16672428687415305,-0.23417796707823726,Electronic Components,Technology,CTS
2008Q4,2008,Q4,2009-02-23,2008-12-31,5652000.0,162827000.0,3780000.0,0.16771513353115727,29746000.0,0.1826846898855841,488455000.0,277178000.0,225842000.0,113241000.0,211277000.0,70867000.0,362391000.0,185687000.0,239095000.0,8.22486646884273,1.994348336733162,0.20070630866712388,0.35369329456161747,0.013528314350930689,8.22486646884273,0.020391228741097778,1.140394406333102,8.213331564048124,0.6699196905959347,0.17905166312809626,1.8778980343460285,0.005450031504628757,0.33335107635299055,1.2257309631670508,0.011571178511838347,18.406720856463124,0.1826846898855841,-0.20135650699448915,0.5382031501970848,0.3247957152256816,0.01206415618461089,-0.10806596701649175,-0.25739061884115094,-0.2262026612077789,-0.198096737635283,0.2813757652996689,0.023207518933862442,Electronic Components,Technology,CTS
2008Q3,2008,Q3,2008-10-29,2008-09-28,7611000.0,170034000.0,4885000.0,0.21,33350000.0,0.19613724313960737,581308000.0,339027000.0,270525000.0,125247000.0,242281000.0,88100000.0,357749000.0,410900520.0,457289520.0,10.057760768956925,2.159931974418549,0.17219787100814027,0.29525671996625635,0.021364467705569986,10.057760768956925,0.02244953941721456,2.4165785666396133,13.496929444225463,1.211999398278013,0.13296544475101826,1.5514642451759364,0.0024628832302280856,0.2925024255644168,1.2544492083642722,0.013092887075354201,110.42744423542058,0.19613724313960737,-0.2222222222222223,0.2936021036620496,0.6179154541050323,0.22569625496908458,-0.16942694194705252,-0.23561313648689364,-0.6456035983749274,0.2942559939080939,0.2266481671155282,0.12568491236877466,Electronic Components,Technology,CTS
2008Q2,2008,Q2,2008-07-30,2008-06-29,9957000.0,186091000.0,13784000.0,0.27,40153000.0,0.21577077881251647,575729000.0,333858000.0,266676000.0,132257000.0,241871000.0,86559000.0,351150000.0,338202600.0,385132600.0,9.920896232021871,2.016346960841392,0.16031848317524391,0.27646484433501667,0.025231689432636414,9.920896232021871,0.02982405693438528,1.8174043881756774,8.491578788791806,1.0130133170389808,0.10334438083760168,1.6859945239663119,0.0030425549655738893,0.3232267264633187,1.1786975358582155,0.017294595200172302,29.160424211070875,0.21577077881251647,0.5000000000000001,4.106975184108307,0.6218983528699853,0.26351193634639747,0.18711565752128667,0.4936993699369937,0.6446724734518554,1.7487244544890574,0.2789029573649672,0.12582626062221242,Electronic Components,Technology,CTS
2008Q1,2008,Q1,2008-04-30,2008-03-30,6666000.0,172755000.0,8381000.0,0.18,33824000.0,0.19579172816995166,582306000.0,324396000.0,275356000.0,123645000.0,257910000.0,83832000.0,342207000.0,362141500.0,419494500.0,9.584754025705422,2.2269885559464595,0.2004100936620952,0.35974549624532975,0.014818844012488935,9.584754025705422,0.02054895868013169,2.0962721773610027,13.581664416441644,1.1163562436034968,0.15151515151515152,1.6572549861628019,0.00278896508685141,0.2966739137154692,1.3547333090703222,0.011447589411752584,-40.44014517029592,0.19579172816995166,-0.10082170340419978,10.734618958013753,0.6417688767671424,0.23389703422158403,-0.05034112923603897,-0.13055954088952654,-0.11853176272612537,1.1165723330229078,0.19607464992611925,0.07559790170874925,Electronic Components,Technology,CTS
2007Q4,2007,Q4,2008-02-28,2007-12-31,7667000.0,178273000.0,9508000.0,0.20018276762402087,35617000.0,0.19978908752306856,543692000.0,324247000.0,250840000.0,128919000.0,219445000.0,73778000.0,336548000.0,380319000.0,400451000.0,8.46597911227154,1.9457178538462134,0.13426719539739412,0.22513700974874093,0.01832693307956869,8.46597911227154,0.023645554160871187,2.1333516572896625,12.401167340550412,1.1729298960360466,0.14021129516107994,1.9335845373959717,0.0028265745334837334,0.3278933660969814,1.190848517286048,0.01410173407002494,35.86223479490806,0.19978908752306856,0.0009138381201043155,11.598658586245719,0.3699302390697862,0.0957025264165491,0.05397567543574113,-0.016294585578650243,-0.04124231118281738,0.10103547015931699,0.18901000528291131,-0.008182579925961523,Electronic Components,Technology,CTS
2007Q3,2007,Q3,2007-10-24,2007-09-30,7794000.0,174790000.0,9917000.0,0.2,33793000.0,0.19333485897362548,538062000.0,329622000.0,243824000.0,128359000.0,208440000.0,72537000.0,329911000.0,468704010.00000006,485682010.00000006,9.290098926185847,1.8995473632546218,0.1151056941393371,0.18789401192881544,0.02001012224625452,9.290098926185847,0.02364526639605366,2.6815264603238176,15.034129137798306,1.421943953983654,0.13587374903772131,1.9437942015798835,0.002259421676379513,0.3248510394712877,1.1503907010805632,0.014485319535666893,36.77263533657619,0.19333485897362548,0.3333333333333335,1.5341237703555246,0.49222301483733055,0.1848313643772355,0.025771005342399223,0.31989839119390345,0.2549987344975955,1.0110078420151678,0.370288912829011,0.09834164217116566,Electronic Components,Technology,CTS
2007Q2,2007,Q2,2007-07-31,2007-07-01,5905000.0,169624000.0,7902000.0,0.15,32944000.0,0.19421779936801395,534119000.0,325540000.0,239116000.0,126169000.0,208579000.0,74018000.0,323177000.0,469652640.0,493997640.0,9.087204108977222,1.8952040517084228,0.11515411359640829,0.18893530748909504,0.016128097743068125,9.087204108977222,0.01813909197026479,2.7687864924774797,19.8836850127011,1.4426879646126436,0.18103302286198136,1.8465778594395958,0.002276150305468314,0.3175771691327214,1.1266713693538033,0.011055588735843511,60.498858688651296,0.19421779936801395,0.3636363636363636,3.053482946180579,0.33933358252435564,0.0965101164218629,0.08589887270090316,0.45946613939693526,0.5970088924818109,-0.1399589606733624,0.238091161873181,0.08030328989922268,Electronic Components,Technology,CTS
2007Q1,2007,Q1,2007-05-15,2007-04-01,4046000.0,163258000.0,4948000.0,0.11,30338000.0,0.18582856582832083,528446000.0,323596000.0,233293000.0,122182000.0,204850000.0,71763000.0,318340000.0,488997600.0,516146600.0,9.032938811969629,1.9093892717421552,0.1201882500766398,0.1962725126392168,0.01009677612512216,9.032938811969629,0.012503244786709354,2.995244337184089,30.214878892733566,1.5111361079865018,0.2659416707859614,1.8522079623204157,0.002200419797561379,0.3089397970653577,1.1297490628734184,0.007656411440336383,341.71740041928723,0.18582856582832083,-0.22823816155988852,2.8894009029825867,0.2871923142513239,0.0599108582812777,0.16999614346317007,-0.2956128133704735,-0.2117253465031066,0.6115163329363308,0.3415320132263771,0.09584090226083763,Electronic Components,Technology,CTS
