Quarters,Year,Quarter,FillingDate,Date,NetIncome,Revenue,OperatingIncome,EPSDiluted,GrossProfit,GrossProfitRatio,TotalAssets,CommonStockEquity,CurrentAssets,CurrentLiability,TotalLiability,Inventory,RetainedEarnings,MarketCap,EnterpriseValue,bookValuePerShare,currentRatio,debtToAssets,debtToEquity,roic,shareholdersEquityPerShare,roe,priceToSalesRatio,peRatio,pbRatio,payoutRatio,inventoryTurnover,dividendYield,assetTurnover,quickRatio,returnOnAssets,priceToFreeCashFlowsRatio,grossProfitMargin,epsdilutedGrowth,fiveYNetIncomeGrowthPerShare,fiveYRevenueGrowthPerShare,fiveYShareholdersEquityGrowthPerShare,grossProfitGrowth,netIncomeGrowth,operatingIncomeGrowth,threeYNetIncomeGrowthPerShare,threeYRevenueGrowthPerShare,threeYShareholdersEquityGrowthPerShare,Industry,Sector,Symbol
2023Q3,2023,Q3,2023-05-03,2023-03-31,4889000.0,83480000.0,5898000.0,0.41,29833000.0,0.357367034,364662000.0,215354000.0,236504000.0,133220000.0,149308000.0,40940000.0,-591253000.0,393291980.0,380011980.0,18.8691842635591,1.7752889956462994,0.025163027680427354,0.042608913695589584,0.01793227580617027,18.8691842635591,0.022702155520677583,4.711212026832774,20.111064634894664,1.8262580681111102,0.0,1.31038104543234,0.0,0.2289243189583779,1.3080468398138418,0.01340693573775167,-78.20480811294492,0.3573670340201246,-0.19607843137254907,2.745494057231323,0.25903100476855695,2.471090711156773,-0.07408441961514588,-0.1913661925239828,-0.3203503111315971,5.3230161012299915,0.28583208763584916,2.0413709903022372,Communication Equipment,Technology,AVNW
2023Q2,2023,Q2,2023-02-01,2022-12-30,6046000.0,90683000.0,8678000.0,0.51,32220000.0,0.3553036402,349288000.0,208496000.0,223525000.0,124481000.0,140792000.0,37060000.0,-596142000.0,353912930.0,335704930.0,18.374548338767955,1.7956555618929797,0.00902407182611484,0.015117796024863786,0.026730209210887236,18.374548338767955,0.028998158238047734,3.902748365184213,14.634176728415481,1.6974566898165915,0.0,1.5775229357798166,0.0,0.2596224319186459,1.336211952024807,0.01730949817915302,-19.648730290917165,0.35530364015306065,3.04,0.1198740813383766,0.3799822925533649,2.2640954746835487,0.09390914646567529,3.2017479970866716,0.1107129143734801,4.460990883472075,0.5490658540185835,1.9128974202022488,Communication Equipment,Technology,AVNW
2023Q1,2023,Q1,2022-11-02,2022-09-30,-2746000.0,81251000.0,7813000.0,-0.25,29454000.0,0.3625063076,326728000.0,199422000.0,196955000.0,110880000.0,127306000.0,34957000.0,-602188000.0,306656000.0,288289000.0,17.805535714285714,1.7762896825396826,0.00991650547244191,0.016246953696181964,-0.09212875179878567,17.805535714285714,-0.01376979470670237,3.7741812408462665,-27.918426802621994,1.5377240224248077,0.0,1.4817347026346654,0.0,0.24868085992017824,1.3142045454545455,-0.008404544452878235,-45.176193282262815,0.3625063076146755,-1.641025641025641,-2.9676386170906723,0.3728669960383856,2.519660426770641,0.07253659602359624,-1.6057798367527023,0.4907460408319023,-49.55443783068784,0.32357791471077113,1.7211878544683945,Communication Equipment,Technology,AVNW
2022Q4,2022,Q4,2022-09-14,2022-07-01,4533000.0,77421000.0,5241000.0,0.39,27462000.0,0.3547099624,323904000.0,201753000.0,206401000.0,104479000.0,122151000.0,27169000.0,-599442000.0,279778590.0,245826590.0,18.09281678773204,1.9755261822950068,0.00903045346769413,0.014497925681402507,0.015637734975789064,18.09281678773204,0.0224680673893325,3.613729995737591,15.430100926538715,1.386738189766695,0.0,1.8388236593176046,0.0,0.2390245257854179,1.5964452186563807,0.013994887374036752,21.83552563802388,0.3547099624132987,-0.23529411764705882,3.9330583449814354,0.30761158640353536,2.5743713742404988,-0.00268739105171412,-0.2481340189086084,-0.2995188452285485,0.1372555697746315,0.16096220531331037,1.7171101893316478,Communication Equipment,Technology,AVNW
2022Q3,2022,Q3,2022-05-04,2022-04-01,6029000.0,74516000.0,7482000.0,0.51,27536000.0,0.3695313758,319682000.0,197330000.0,196606000.0,105656000.0,122352000.0,30476000.0,-603975000.0,335190000.0,307245000.0,17.661326411885796,1.860812447944272,0.010482291777453846,0.01698170577205696,0.030256981078885012,17.661326411885796,0.03055288096082704,4.498228568361157,13.899071156078953,1.6986266659909797,0.0,1.541540884630529,0.0,0.23309413729894082,1.4494775497842054,0.018859366495454857,-37.85319028797289,0.36953137581190615,0.04081632653061228,15.362402919497793,0.20660786201098372,2.4500107878863107,-0.022020173320073874,0.01910074374577417,-0.16570026761819803,0.33837810328940715,0.32825510243344375,1.8114129431081831,Communication Equipment,Technology,AVNW
2022Q2,2022,Q2,2022-02-02,2021-12-31,5916000.0,77864000.0,8968000.0,0.49,28156000.0,0.3616048495,317123000.0,192892000.0,195047000.0,107095000.0,124231000.0,27386000.0,-610004000.0,362792720.0,323985720.0,17.056503669643647,1.8212521592978197,0.011096640735613627,0.01824336934657736,0.029590356624818688,17.056503669643647,0.030670012234825704,4.659312647693414,15.33099729546991,1.880807498496568,0.0,1.8150880011684802,0.0,0.2455324905478316,1.4409542929175032,0.018655222106248995,-110.13743776563449,0.36160484948114663,0.25641025641025633,2.2946160467297925,0.06166269438166297,2.340000199762712,0.07955983282849584,0.26356258009397693,0.31611388318168476,1.4444119325718052,0.14181039665852063,1.9072575774967004,Communication Equipment,Technology,AVNW
2022Q1,2022,Q1,2021-11-03,2021-10-01,4682000.0,73158000.0,6814000.0,0.39,26081000.0,0.3565023647447989,308919000.0,187912000.0,183686000.0,103240000.0,121007000.0,25511000.0,-615920000.0,374942400.0,331321400.0,16.83950174746841,1.7792134831460673,0.011951352943651896,0.019647494571927285,0.023875755369326606,16.83950174746841,0.024915918089318406,5.125104568194866,20.020418624519436,1.9953084422495637,0.0,1.8453608247422681,0.0,0.23681936041486604,1.4182293684618366,0.01515607651196592,1125.9531531531532,0.3565023647447989,0.6250000000000001,8.064012294609597,0.19277160135471275,2.3917289266554542,0.00780555662892693,0.6538325679971742,0.8258306538049304,7.003790542760702,0.16287523897744474,1.8997101077246483,Communication Equipment,Technology,AVNW
2021Q4,2021,Q4,2021-08-25,2021-07-02,2831000.0,71686000.0,3732000.0,0.24,25879000.0,0.3610049382027174,297653000.0,183335000.0,170239000.0,96369000.0,114318000.0,24867000.0,-620602000.0,355717040.0,311767040.0,16.430811973471947,1.766532806192863,0.013411590005812137,0.021774347505931765,0.014683178174508742,16.430811973471947,0.015441677802929064,4.962154953547415,31.41266690215472,1.940257124935228,0.0,1.8420798648811678,0.0,0.24083748525968157,1.3863171766854487,0.009511074976566673,133.57755914382275,0.3610049382027174,-0.97,1.1766478880716018,0.15927668614668436,2.2536200078503263,0.01176792556102901,-0.9701153793372813,-0.07509293680297398,49.27401034301912,0.0997555567950933,2.056709230755787,Communication Equipment,Technology,AVNW
2021Q3,2021,Q3,2021-05-05,2021-04-02,94731000.0,66404000.0,4035000.0,8.0,25578000.0,0.3851876392988374,290576000.0,179721000.0,164284000.0,93666000.0,110855000.0,23127000.0,-623433000.0,430021120.0,387311120.0,16.115584648493545,1.753934191702432,0.010661582511976212,0.0172378297472193,0.49386715848708784,16.115584648493545,0.5271003388585641,6.47583157641106,1.1348479378450562,2.3927149303642867,0.0,1.7652959744022139,0.0,0.22852541159627773,1.4010847052292188,0.3260110952040086,146.06695652173914,0.3851876392988374,12.793103448275863,12.308073344895847,0.036766339088049965,1.4315860012679884,-0.049463004942584265,13.264568589067911,-0.4878141660319878,35.61286237898822,0.024932541484898475,1.964550846338256,Communication Equipment,Technology,AVNW
2021Q2,2021,Q2,2021-02-03,2021-01-01,6641000.0,70531000.0,7878000.0,0.58,26909000.0,0.3815201826147368,193376000.0,84563000.0,156375000.0,91758000.0,108813000.0,18790000.0,-718164000.0,187961600.0,148321600.0,7.681958575581396,1.7042110769633165,0.017613354294224722,0.040277662807610894,0.07232963628357673,7.681958575581396,0.07853316462282559,2.6649501637577804,7.075801837072729,2.2227404420372974,0.0,2.3215540180947314,0.0,0.36473502399470464,1.3527321868392947,0.034342420982955486,33.43917452410603,0.3815201826147368,0.07407407407407393,2.1077884343125253,-0.047410951456791785,0.048294289363573,0.10969524516474906,0.11876684636118598,0.2,0.2679647049685169,0.10636979334057743,0.3646401403161244,Communication Equipment,Technology,AVNW
2021Q1,2021,Q1,2020-11-05,2020-10-02,5936000.0,66290000.0,6565000.0,0.54,24249000.0,0.3658017800573239,176773000.0,75897000.0,137958000.0,84077000.0,100876000.0,15659000.0,-724805000.0,114226210.0,81174210.0,7.013213823692478,1.6408530275818596,0.01795523071962347,0.041819834776078105,0.07179185618726017,7.013213823692478,0.07821125999710134,1.7231288278775079,4.810739976415094,1.5050161402954003,0.0,2.6847819145539304,0.0,0.3750007071215627,1.3386300652972871,0.0335797887686468,35.440958734098665,0.3658017800573239,4.4,5.761372358775334,-0.1984060117047072,-0.11234485484543544,0.10928636779505947,4.193350831146106,2.0966981132075473,9.87638152959176,0.15919970500604147,0.3863178033967655,Communication Equipment,Technology,AVNW
2020Q4,2020,Q4,2020-08-27,2020-07-03,1143000.0,62652000.0,2120000.0,0.1,21860000.0,0.34891144736002044,179801000.0,68681000.0,139950000.0,93970000.0,111120000.0,15231000.0,-730741000.0,100274460.0,71404460.0,6.366425658138673,1.4893050973715016,0.07090060678194225,0.18561174123847934,0.01319504862547166,6.366425658138673,0.0166421572196095,1.6004989465619612,21.93229658792651,1.4600029120135116,0.0,2.6782220471406997,0.0,0.34845189960011347,1.2170267106523358,0.00635702804767493,45.47594557823129,0.34891144736002044,0.4285714285714285,1.3148247257269983,-0.3120908739652512,-0.2098978585350291,-0.004599061973498474,0.5636114911080712,0.7152103559870551,1.7644588125751854,0.09377451695711782,0.2577350390300167,Communication Equipment,Technology,AVNW
2020Q3,2020,Q3,2020-05-12,2020-04-03,731000.0,61379000.0,1236000.0,0.07,21961000.0,0.3577933821013702,179761000.0,66943000.0,137394000.0,96023000.0,112818000.0,15454000.0,-731884000.0,45318000.0,19999000.0,6.204170528266914,1.4308446934588588,0.07726370013517948,0.20747501605843777,0.007930921257669279,6.204170528266914,0.010919737687286199,0.7383306994248847,15.498632010943913,0.676963984285138,0.0,2.5506664941115567,0.0,0.341447811260507,1.1536402736844298,0.004066510533430499,19.772251308900522,0.3577933821013702,1.4666666666666668,1.0611692446387557,-0.2103551784815114,-0.16120171863777225,0.1988099787106283,1.4374625972471573,1.8256513026052104,2.803215174172688,0.029164457594497994,0.21193928209164978,Communication Equipment,Technology,AVNW
2020Q2,2020,Q2,2020-02-06,2019-12-27,-1671000.0,55997000.0,-1497000.0,-0.15,18319000.0,0.3271425254924371,179819000.0,68467000.0,130326000.0,93550000.0,111352000.0,14474000.0,-732615000.0,76629240.0,53462240.0,6.3079970517781465,1.3931159807589524,0.08286109921643431,0.21762308849518747,-0.02033565161237476,6.3079970517781465,-0.024405918179560955,1.3684525956747684,-11.464578096947935,1.1192142199891917,0.0,2.6031504767168716,0.0,0.31140758206863567,1.1736718332442544,-0.009292677636957163,18.96293986636971,0.3271425254924371,-31.0,0.517151062364943,-0.4227395573424171,-0.2864753601089875,-0.187843589288881,-31.944444444444443,-1.9855167873601054,-1.96958855569853,-0.20448386232893143,0.235230374355015,Communication Equipment,Technology,AVNW
2020Q1,2020,Q1,2019-11-07,2019-09-27,54000.0,58614000.0,1519000.0,0.005,22556000.0,0.3848227385948749,176333000.0,69974000.0,125967000.0,88317000.0,106359000.0,12188000.0,-730944000.0,73253900.0,54768900.0,6.543295305778941,1.4263052413465132,0.09073741160191229,0.22865635807585674,0.0005507157612989781,6.543295305778941,0.0007717152085060166,1.2497679735216842,339.1384259259259,1.0468731243033127,0.0,2.9584837545126352,0.0,0.33240516522715546,1.2235583183305592,0.000306238764156454,16.851598803772717,0.3848227385948749,-0.9852941176470588,1.0091541373913557,-0.31265833521564584,-0.29788389369841034,-0.0019469026548672567,-0.9859338369367022,-0.39288569144684254,1.085015652953694,-0.0028007938712660135,0.31791808909047486,Communication Equipment,Technology,AVNW
2019Q4,2019,Q4,2019-08-27,2019-06-28,3839000.0,64229000.0,2502000.0,0.34,22600000.0,0.3518659795419515,169193000.0,71516000.0,125997000.0,82211000.0,97677000.0,9509000.0,-730998000.0,73569000.0,50623000.0,6.658845437616387,1.5326051258347424,0.05319369004627851,0.12584596453940378,0.04577715675565664,6.658845437616387,0.05368029531853012,1.145417179155833,4.790896066684032,1.028706862799933,0.0,4.377852560731938,0.0,0.3796197242202692,1.358248896133121,0.022690064009740357,-20.671255970778308,0.3518659795419515,-0.12820512820512817,1.2858655130786887,-0.2775519004389465,-0.3304404355472792,0.39034143340510613,-0.11523392486748099,1.9996004794246904,1.2488678340315804,0.07911067854716011,0.31858077251391587,Communication Equipment,Technology,AVNW
2019Q3,2019,Q3,2019-05-13,2019-03-29,4339000.0,54037000.0,-2503000.0,0.39,16255000.0,0.30081240631419215,167203000.0,67607000.0,126071000.0,85365000.0,99596000.0,11258000.0,-734837000.0,82652160.0,55599160.0,6.282010778665676,1.4768464827505419,0.0538267854045681,0.13312230981998904,0.05814981577184161,6.282010778665676,0.0641797447009925,1.5295475322464238,4.762166397787508,1.2225384945345896,0.0,3.3560135015100374,0.0,0.32318200032296074,1.2903297604404615,0.025950491318935665,16.33764775647361,0.30081240631419215,0.8571428571428573,1.2810428828347489,-0.3636273854578421,-0.43790850434126816,-0.27723432636727435,0.8783549783549783,-1.8681928546652793,1.5367177003004004,-0.1257459544805059,-0.052144256482437076,Communication Equipment,Technology,AVNW
2019Q2,2019,Q2,2019-02-11,2018-12-28,2310000.0,65088000.0,2883000.0,0.21,22490000.0,0.3455322025565388,161184000.0,63327000.0,127084000.0,83853000.0,97857000.0,9706000.0,-739176000.0,67327575.0,44785575.0,5.866870483602001,1.5155569866313667,0.05583680762358547,0.1421194751054053,0.03230809197700793,5.866870483602001,0.03647733194372069,1.034408416297935,7.286534090909091,1.0631732910133118,0.0,4.388831650525448,0.0,0.4038117927337701,1.3416574243020525,0.014331447290053603,13.99741683991684,0.3455322025565388,4.0,1.222653653264159,-0.2761198309861346,-0.5311984517258317,0.25467224546722456,4.08,2.904227212681638,1.3929717523380436,-0.1034954934559604,-0.19939599206570657,Communication Equipment,Technology,AVNW
2019Q1,2019,Q1,2018-11-13,2018-09-28,-750000.0,60504000.0,-1514000.0,-0.07,17925000.0,0.29626140420468067,159191000.0,62324000.0,125306000.0,83171000.0,96867000.0,10006000.0,-741487000.0,86660899.99999999,67263899.99999999,5.807305255311219,1.5066068701831168,0.05653585943928991,0.144406649123933,-0.010844896001315408,5.807305255311219,-0.012033887426994416,1.432316871611794,-28.886966666666666,1.390490019896027,0.0,4.255346791924845,0.0,0.3800717377238663,1.297880270767455,-0.004711321619940826,-10.062807710171851,0.29626140420468067,-15.000000000000002,0.9478437955619259,-0.3873381540446989,-0.5725604768535648,-0.22687082165193012,-14.88888888888889,-2.4930966469428006,0.39336650903838993,-0.26223612588660783,-0.2649754422222816,Communication Equipment,Technology,AVNW
2018Q4,2018,Q4,2018-08-28,2018-06-29,54000.0,62508000.0,1014000.0,0.005,23185000.0,0.3709125231970308,156061000.0,57516000.0,123466000.0,86468000.0,98545000.0,22797000.0,-746359000.0,87579500.0,59154500.0,5.375327102803738,1.4278808345283804,0.057669757338476624,0.15647819737116628,-0.0013544220524396471,5.375327102803738,0.0009388691842269978,1.4010926601395022,405.4606481481482,1.5226980318520065,0.0,1.724919945606878,0.0,0.4005356879681663,1.0947402507285933,0.0003460185440308597,-149.70854700854701,0.3709125231970308,1.02,1.0087592298420882,-0.46047787189573863,-0.6390166272742577,0.278678579307302,1.0205871139916127,1.7428571428571429,1.0149959340987984,-0.3080274043982713,-0.33289765983985004,Communication Equipment,Technology,AVNW
2018Q3,2018,Q3,2018-05-14,2018-03-30,-2623000.0,62093000.0,-1365000.0,-0.25,18132000.0,0.29201359251445413,153884000.0,58101000.0,121344000.0,82529000.0,94635000.0,23696000.0,-746413000.0,89565440.00000001,61301440.000000015,5.436096556886228,1.470319524046093,0.05848561253931533,0.15490266948933754,-0.03535890943232116,5.436096556886228,-0.04514552245228137,1.4424402106517644,-8.53654593976363,1.5415473055541213,0.0,1.8552076299797433,0.0,0.40350523771152297,1.095469471337348,-0.01704530685451379,-24.89311839911062,0.29201359251445413,-1.5555555555555554,-0.4508322944368615,-0.5064561513698617,-0.6452431979431964,-0.17167656464138875,-1.5172549792940249,-1.4716655148583275,0.7784156771267248,-0.19354595280153258,-0.2650446295019824,Communication Equipment,Technology,AVNW
2018Q2,2018,Q2,2018-02-08,2017-12-29,5071000.0,61723000.0,2894000.0,0.45,21890000.0,0.3546489963222786,160210000.0,59997000.0,128243000.0,87521000.0,99298000.0,26193000.0,-743790000.0,80840930.0,49488930.0,5.629292550197035,1.465282617885993,0.05617626864740029,0.15000750037501875,0.08053159505918416,5.629292550197035,0.08452089271130223,1.3097375370607391,3.98545306645632,1.3474162041435405,0.0,1.5207498186538388,0.0,0.3852630921914987,1.0650358199746346,0.03165220647899632,35.10244463742944,0.3546489963222786,8.5,1.8977187330271885,-0.5510687236577394,-0.6349370925404128,0.2656105457909343,8.71841704718417,3.360522022838499,2.4922532801651345,-0.3520102066368113,-0.36324654137429285,Communication Equipment,Technology,AVNW
2018Q1,2018,Q1,2017-11-13,2017-09-29,-657000.0,56182000.0,-1226000.0,-0.06,17296000.0,0.3078566088782884,152214000.0,53786000.0,123863000.0,85835000.0,97793000.0,24776000.0,-748861000.0,90425160.00000001,60322160.000000015,5.058878856282919,1.4430360575522805,0.05912728132760456,0.16732978842077864,-0.00916325168454402,5.058878856282919,-0.012215074554716841,1.6095041116371793,-34.40835616438357,1.6812025434127842,0.0,1.5695027445915402,0.0,0.3690987688386088,1.0636686666278325,-0.004316291536915133,25.645252410663645,0.3078566088782884,0.5714285714285715,0.7223936529088857,-0.5458638668122485,-0.6827513833239277,-0.10192637208577808,0.5539714867617108,-0.8978328173374613,0.8879751817749792,-0.33733548115416373,-0.45716643390864553,Communication Equipment,Technology,AVNW
2017Q4,2017,Q4,2017-09-06,2017-06-30,-1473000.0,56431000.0,-646000.0,-0.14,19259000.0,0.34128404600308343,152576000.0,53797000.0,124585000.0,86018000.0,98236000.0,23665000.0,-748204000.0,92463599.99999999,65805599.999999985,5.0618178396688,1.4483596456555605,0.058986996644295304,0.16729557410264512,-0.0254831706397864,5.0618178396688,-0.027380708961466254,1.6385249242437665,-15.693075356415477,1.7187501161774816,0.0,1.5707585041200085,0.0,0.3698550230704698,1.0925271454811785,-0.009654205117449664,-17.2153416495997,0.34128404600308343,-2.5,-0.04835138400741155,-0.5499018421459904,-0.6839724254482021,0.08611549740581999,-2.691729323308271,-9.849315068493151,0.8891593317563959,-0.35857486457605237,-0.4910245958072794,Communication Equipment,Technology,AVNW
2017Q3,2017,Q3,2017-05-10,2017-03-31,-399000.0,58700000.0,73000.0,-0.04,17732000.0,0.30207836456558773,151524000.0,54366000.0,128767000.0,85160000.0,96676000.0,22516000.0,-746731000.0,79968600.0,48058600.0,5.119209039548022,1.512059652418976,0.05279691666006705,0.14715079277489607,-0.0008602854319214962,5.119209039548022,-0.007339145789647942,1.362327086882453,-50.10563909774436,1.4709303608873194,0.0,1.8195061289749512,0.0,0.387397375993242,1.1167684358853922,-0.002633246218420844,16.771937919463088,0.30207836456558773,-1.25,0.8841577161899719,-0.5113272744837968,-0.6811279916145923,-0.1602576245501042,-1.2377830750893921,-0.9709510545165141,0.9738106748167659,-0.2994698618109635,-0.5419517783380129,Communication Equipment,Technology,AVNW
2017Q2,2017,Q2,2017-02-10,2016-12-30,1678000.0,68536000.0,2513000.0,0.16,21116000.0,0.3081008521069219,156918000.0,53968000.0,133119000.0,90862000.0,102537000.0,23056000.0,-746332000.0,73077720.0,46099720.0,5.106737320211961,1.4650679051748805,0.050982041575854904,0.14823599169878446,0.026993657137501847,5.106737320211961,0.03109249925882004,1.06626765495506,10.887622169249106,1.3540935369107618,0.0,2.056731436502429,0.0,0.43676315018034895,1.0889370694019502,0.010693483220535566,21.041670025914197,0.3081008521069219,3.666666666666667,1.1219798812748392,-0.39265470099852195,-0.6851658341666687,0.21600921393607833,3.6677265500794913,1.8591452991452992,1.1651959558109481,-0.22147221778725945,-0.5919380922015846,Communication Equipment,Technology,AVNW
2017Q1,2017,Q1,2016-11-14,2016-09-30,-629000.0,58207000.0,-2925000.0,-0.06,17365000.0,0.29833181576099094,152826000.0,52578000.0,127581000.0,88069000.0,99879000.0,26857000.0,-748010000.0,49190549.99999999,25440549.999999993,4.964872521246459,1.4486482190100944,0.05234711371101776,0.15215489368176804,-0.009449429628412259,4.964872521246459,-0.011963178515729013,0.845096809662068,-19.551093004769474,0.9355728631747118,0.0,1.5207208548981643,0.0,0.3808710559721513,1.0143183185911047,-0.004115791815528771,19.566646778042955,0.29833181576099094,0.9583333333333333,0.9144007271010388,-0.5164756293240973,-0.7184285178627636,0.7510335787032368,0.958363672469716,0.7791786199607429,0.9556718032341831,-0.402694288061138,-0.6345666966578811,Communication Equipment,Technology,AVNW
2016Q4,2016,Q4,2016-09-09,2016-07-01,-15107000.0,58290000.0,-13246000.0,-1.44,9917000.0,0.17013209813003946,166111000.0,53116000.0,140414000.0,99947000.0,112654000.0,30357000.0,-747381000.0,42334950.00000001,20855950.000000007,5.050009507510934,1.404884588832081,0.054180638247918564,0.16944046991490322,-0.22409821984491926,5.050009507510934,-0.2844152421116048,0.7262815234173959,-0.7005849937115245,0.7970282024248814,0.0,1.5934710280989557,0.0,0.3509099337190192,0.9931963940888671,-0.09094521133458952,-5.644660000000001,0.17013209813003946,-0.9199999999999999,0.29152509075831523,-0.5393536609338399,-0.72244479906408,-0.3113194444444444,-0.9122784810126582,-0.7428947368421053,-1.4928778740877706,-0.4881787363732945,-0.6608635289622631,Communication Equipment,Technology,AVNW
2016Q3,2016,Q3,2016-05-11,2016-04-01,-7900000.0,60400000.0,-7600000.0,-0.75,14400000.0,0.23841059602649006,191500000.0,69700000.0,163300000.0,103500000.0,121400000.0,36700000.0,-732300000.0,43538823.36,12838823.36,6.627602165866156,1.5777777777777777,0.04699738903394256,0.1291248206599713,-0.10165184243964422,6.627602165866156,-0.1133428981348637,0.7208414463576159,-1.3778108658227848,0.624660306456241,0.0,1.2534059945504088,0.0,0.3154046997389034,1.093719806763285,-0.0412532637075718,217.6941168,0.23841059602649006,-0.3888888888888888,0.8011759207126887,-0.5143502055428925,-0.6694110405597198,-0.12195121951219512,-0.38596491228070173,-0.52,-3.440850090966343,-0.5120895306500058,-0.5674861686021684,Communication Equipment,Technology,AVNW
2016Q2,2016,Q2,2016-02-10,2016-01-01,-5700000.0,70400000.0,-5000000.0,-0.54,16400000.0,0.23295454545454544,209300000.0,76700000.0,179400000.0,113300000.0,132300000.0,36800000.0,-724400000.0,48217643.4432,17717643.4432,7.328055350034548,1.5834068843777582,0.04300047778308648,0.11734028683181226,-0.06417736289381563,7.328055350034548,-0.07431551499348109,0.684909708,-2.1148089229473683,0.628652456886571,0.0,1.4673913043478262,0.0,0.336359292881032,1.1394527802294792,-0.027233635929288104,11.480391296,0.23295454545454544,-3.5000000000000004,0.5759490296011397,-0.4728863265940659,-0.6913625392896617,-0.21904761904761905,-3.75,-2.125,-0.027520809218345096,-0.47859572373786363,-0.5247713334751526,Communication Equipment,Technology,AVNW
2016Q1,2016,Q1,2015-11-12,2015-10-02,-1200000.0,79600000.0,-1600000.0,-0.12,21000000.0,0.2638190954773869,228000000.0,82300000.0,196500000.0,127400000.0,145600000.0,39700000.0,-718700000.0,70624717.5,43824717.5,7.900831603326413,1.542386185243328,0.039473684210526314,0.10935601458080195,-0.014019715224534502,7.900831603326413,-0.014580801944106925,0.8872451947236181,-14.7134828125,0.8581375151883355,0.0,1.4760705289672544,0.0,0.34912280701754383,1.10989010989011,-0.005263157894736842,50.44622678571429,0.2638190954773869,0.6470588235294118,0.9465464832000173,-0.30775001020444054,-0.6777291222478964,0.25,0.6571428571428571,0.7746478873239436,0.48247276916380394,-0.343265444463517,-0.5045289741158965,Communication Equipment,Technology,AVNW
2015Q4,2015,Q4,2015-10-01,2015-07-03,-3500000.0,87800000.0,-7100000.0,-0.34,16800000.0,0.19134396355353075,229400000.0,83800000.0,195800000.0,128600000.0,145500000.0,39100000.0,-717500000.0,82055668.61999999,56355668.61999999,8.057724848504195,1.5225505443234837,0.03923278116826504,0.10739856801909307,-0.036637931034482756,8.057724848504195,-0.041766109785202864,0.9345748134396354,-5.861119187142856,0.9791845897374702,0.0,1.815856777493606,0.0,0.3827375762859634,1.0902021772939348,-0.015257192676547515,-410.2783431,0.19134396355353075,0.6936936936936936,0.9624805094283914,-0.28135128124253284,-0.696918109075997,-0.045454545454545456,0.6956521739130435,0.297029702970297,-1.5456115377507371,-0.28434457901756377,-0.49692712757811297,Communication Equipment,Technology,AVNW
2015Q3,2015,Q3,2015-05-13,2015-04-03,-11500000.0,74800000.0,-10100000.0,-1.11,17600000.0,0.23529411764705882,220100000.0,76800000.0,189400000.0,127200000.0,143300000.0,46300000.0,-723300000.0,74136697.74,48136697.739999995,7.396498855709621,1.4889937106918238,0.0408905043162199,0.1171875,-0.13537296037296037,7.396498855709621,-0.14973958333333334,0.9911323227272727,-1.6116673421739132,0.9653215851562499,0.0,1.2354211663066954,0.0,0.33984552476147206,0.9819182389937107,-0.052248977737392094,-74.13669773999999,0.23529411764705882,-2.46875,0.5712037029957545,-0.402680543833999,-0.7905666825430948,-0.30158730158730157,-2.484848484848485,-3.04,-2.4149279627480347,-0.3631002359643373,-0.5392771760403179,Communication Equipment,Technology,AVNW
2015Q2,2015,Q2,2015-02-04,2014-12-26,-3300000.0,92500000.0,-2500000.0,-0.32,25200000.0,0.2724324324324324,242400000.0,91500000.0,209300000.0,133200000.0,150900000.0,44400000.0,-711100000.0,95633611.92,65933611.92,8.840615585106722,1.5713213213213213,0.03712871287128713,0.09836065573770492,-0.030616150019135095,8.840615585106722,-0.036065573770491806,1.0338768856216216,-7.244970599999999,1.0451760865573771,0.0,1.5157657657657657,0.0,0.3816006600660066,1.0945945945945945,-0.013613861386138614,-17.0774307,0.2724324324324324,0.4181818181818182,0.6011129548006898,-0.2795325812462407,-0.7674976207344967,0.1559633027522936,0.42105263157894735,0.5535714285714286,0.7550573529501279,-0.16302425943131724,-0.45496945335839234,Communication Equipment,Technology,AVNW
2015Q1,2015,Q1,2014-12-22,2014-09-26,-5700000.0,82400000.0,-5600000.0,-0.55,21800000.0,0.2645631067961165,257800000.0,96300000.0,223600000.0,141700000.0,161500000.0,53200000.0,-707800000.0,109119563.52000001,72719563.52000001,9.319392116278143,1.5779816513761469,0.023273855702094646,0.06230529595015576,-0.05767350928641251,9.319392116278143,-0.059190031152647975,1.3242665475728157,-4.785945768421053,1.1331211165109034,0.0,1.1390977443609023,0.0,0.31962761830876646,1.0621030345800988,-0.022110162916989914,-18.494841274576274,0.2645631067961165,0.5599999999999999,0.3057692590571851,-0.34766669324741806,-0.7605731581464455,0.10101010101010101,0.5581395348837209,0.5254237288135594,0.20502852789399775,-0.2985000862225027,-0.47147181733888216,Communication Equipment,Technology,AVNW
2014Q4,2014,Q4,2014-12-22,2014-06-27,-12900000.0,85400000.0,-11800000.0,-1.25,19800000.0,0.23185011709601874,253200000.0,102600000.0,218200000.0,130900000.0,150600000.0,49500000.0,-702100000.0,77374687.5,34574687.5,9.945112863945331,1.6669213139801375,0.023696682464454975,0.05847953216374269,-0.12062615101289134,9.945112863945331,-0.12573099415204678,0.9060267857142857,-1.4995094476744186,0.7541392543859649,0.0,1.3252525252525253,0.0,0.3372827804107425,1.1443850267379678,-0.0509478672985782,35.1703125,0.23185011709601874,0.12587412587412583,-0.7729156748367845,-0.40099749406316015,-0.7491725624873442,-0.05263157894736842,0.12837837837837837,0.20270270270270271,0.3832183034958653,-0.3119389699800287,-0.4534034450475194,Communication Equipment,Technology,AVNW
2014Q3,2014,Q3,2014-05-07,2014-03-28,-14800000.0,81400000.0,-14800000.0,-1.43,20900000.0,0.25675675675675674,255200000.0,115300000.0,222400000.0,126000000.0,139900000.0,48300000.0,-689200000.0,100277595.0,58777595.0,11.176135606363514,1.765079365079365,0.023510971786833857,0.05203816131830009,-0.12619001908547808,11.176135606363514,-0.12836079791847355,1.2319114864864864,-1.693878293918919,0.8697102775368605,0.0,1.2525879917184266,0.0,0.31896551724137934,1.2253968253968255,-0.05799373040752351,-5.93358550295858,0.25675675675675674,-0.4895833333333333,0.6329294015442324,-0.5106112559195731,-0.7165484422957086,-0.018779342723004695,-0.494949494949495,-0.38317757009345793,0.6202985056121265,-0.3328102312898794,-0.4425273351952438,Communication Equipment,Technology,AVNW
2014Q2,2014,Q2,2014-02-10,2013-12-27,-9900000.0,85800000.0,-10700000.0,-0.96,21300000.0,0.24825174825174826,279400000.0,128900000.0,246300000.0,135700000.0,150500000.0,51600000.0,-674400000.0,140903425.44,82203425.44,12.51461413726153,1.815033161385409,0.021474588403722263,0.04654771140418929,-0.07561156412157154,12.51461413726153,-0.07680372381691233,1.6422310657342658,-3.5581673090909094,1.0931219972071373,0.0,1.25,0.0,0.30708661417322836,1.2999263080324244,-0.03543307086614173,-9.65091955068493,0.24825174825174826,0.2835820895522389,0.9701858002651153,-0.5730952269845498,-0.7117840174166998,-0.07792207792207792,0.27205882352941174,0.20149253731343283,0.2515727881608838,-0.3471850675047966,-0.4729190017545529,Communication Equipment,Technology,AVNW
2014Q1,2014,Q1,2013-11-06,2013-09-27,-13600000.0,93400000.0,-13400000.0,-1.34,23100000.0,0.24732334047109208,297800000.0,137900000.0,263800000.0,131400000.0,159900000.0,48800000.0,-664500000.0,155903370.23999998,82603370.23999998,13.586261777018015,2.0076103500761033,0.020147750167897917,0.043509789702683106,-0.0944997812266749,13.586261777018015,-0.09862218999274837,1.6692009661670233,-2.865870776470588,1.1305538088469906,0.0,1.4405737704918034,0.0,0.31363331094694424,1.4923896499238964,-0.04566823371390195,-18.559925028571428,0.24732334047109208,-1.3103448275862073,-3.332864272090726,-0.5417813311623756,-0.8238490392796325,-0.3125,-1.3448275862068966,-3.6206896551724137,0.37827735261968143,-0.16639654044363436,-0.445823335051714,Communication Equipment,Technology,AVNW
2013Q4,2013,Q4,2013-09-23,2013-06-28,-5800000.0,109000000.0,-2900000.0,-0.58,33600000.0,0.30825688073394497,305800000.0,149900000.0,274300000.0,131100000.0,155900000.0,51200000.0,-650900000.0,158247360.72,77047360.72,14.890788631662684,2.0922959572845157,0.02877697841726619,0.05870580386924616,-0.02907143266311508,14.890788631662684,-0.038692461641094064,1.4518106488073395,-6.821006927586207,1.055686195597065,0.0,1.47265625,0.0,0.3564421190320471,1.565217391304348,-0.01896664486592544,-98.90460045,0.30825688073394497,-2.4117647058823524,0.6777041946990646,-0.4358098054956861,-0.8062865227962702,-0.01466275659824047,-2.411764705882353,-1.9,0.9357660641202912,-0.07828577672654406,-0.4399004110109601,Communication Equipment,Technology,AVNW
2013Q3,2013,Q3,2013-05-07,2013-03-29,-1700000.0,118300000.0,-1000000.0,-0.17,34100000.0,0.2882502113271344,304100000.0,154000000.0,276800000.0,130700000.0,150100000.0,57300000.0,-645100000.0,203210170.98,120110170.97999999,15.32344559813627,2.1178270849273146,0.03222624136797106,0.06363636363636363,-0.009768009768009768,15.32344559813627,-0.01103896103896104,1.7177529245984784,-29.88384867352941,1.3195465648051947,0.0,1.469458987783595,0.0,0.38901677079907926,1.533282325937261,-0.005590266359750082,-677.3672366,0.2882502113271344,0.6792452830188679,-1.22553898049229,-0.35705681599215433,-0.8078737587277262,-0.11886304909560723,0.6792452830188679,-1.2040816326530612,0.9345103238419894,-0.02397589549038633,-0.5661136290164144,Communication Equipment,Technology,AVNW
2013Q2,2013,Q2,2013-02-05,2012-12-28,-5300000.0,129000000.0,4900000.0,-0.53,38700000.0,0.3,327100000.0,154200000.0,301800000.0,147200000.0,172900000.0,73900000.0,-643400000.0,199199203.20000002,115199203.20000002,15.420061680246722,2.0502717391304346,0.03301742586365026,0.07003891050583658,-0.030303030303030297,15.420061680246722,-0.03437094682230869,1.544179869767442,-9.396188830188681,1.291823626459144,0.0,1.2219215155615697,0.0,0.39437480892693366,1.3172554347826086,-0.01620299602568022,19.15376953846154,0.3,-1.4090909090909094,-4.158666454665818,-0.3066814199890703,-0.8047000730878656,0.14836795252225518,-1.4090909090909092,2.769230769230769,0.33694098194114297,0.039926506361816744,-0.5944625128686785,Communication Equipment,Technology,AVNW
2013Q1,2013,Q1,2012-11-06,2012-09-28,-2200000.0,115000000.0,1300000.0,-0.22,33700000.0,0.29304347826086957,326600000.0,157600000.0,302100000.0,152100000.0,169000000.0,71300000.0,-638100000.0,141133424.04,67833424.03999999,15.946102174649685,1.9861932938856015,0.036129822412737295,0.07487309644670051,-0.008770450328891887,15.946102174649685,-0.013959390862944163,1.2272471655652173,-16.037889095454545,0.8955166499999999,0.0,1.1402524544179524,0.0,0.352112676056338,1.4161735700197238,-0.006736068585425597,-13.44127848,0.29304347826086957,-0.6923076923076923,-1.7082631770605206,-0.34268925159719343,-0.7967149959136808,0.027439024390243903,-0.6923076923076923,1.9285714285714286,0.7198512448463047,-0.048130934193694366,-0.590324686855732,Communication Equipment,Technology,AVNW
2012Q4,2012,Q4,2012-09-04,2012-06-29,-1300000.0,116000000.0,-1400000.0,-0.13,32800000.0,0.2827586206896552,329600000.0,157500000.0,304600000.0,155400000.0,172100000.0,75300000.0,-635900000.0,165199339.20000002,82099339.20000002,16.017013220595256,1.96010296010296,0.03913834951456311,0.08190476190476191,-0.005868544600938967,16.017013220595256,-0.008253968253968255,1.4241322344827587,-31.769103692307695,1.0488846933333333,0.0,1.1049136786188578,0.0,0.35194174757281554,1.2014157014157014,-0.003944174757281553,21.454459636363637,0.2827586206896552,0.59375,0.8973137242085266,-0.7210642762488495,-0.9130126154689137,-0.043731778425655975,0.59375,-6.0,0.8125522023090302,-0.14637450346010394,-0.5960320976051295,Communication Equipment,Technology,AVNW
2012Q3,2012,Q3,2012-05-08,2012-03-30,-3200000.0,111600000.0,-200000.0,-0.32,34300000.0,0.30734767025089604,340800000.0,158400000.0,315300000.0,169700000.0,182400000.0,69000000.0,-634600000.0,166943328.84,90343328.84,16.05411859594976,1.8579846788450207,0.04078638497652582,0.08775252525252525,-0.0013265898350053892,16.05411859594976,-0.020202020202020204,1.495907964516129,-13.042447565625002,1.053935156818182,0.0,1.1202898550724638,0.0,0.3274647887323944,1.3335297583971715,-0.009389671361502348,29.28830330526316,0.30734767025089604,0.7538461538461538,0.9061043895226564,-0.45344648606317467,-0.8567046922628818,0.07523510971786834,0.75,0.9767441860465116,0.9170136244557513,-0.2984434231383087,-0.5928319873820813,Communication Equipment,Technology,AVNW
2012Q2,2012,Q2,2012-02-08,2011-12-30,-12800000.0,105000000.0,-8600000.0,-1.3,31900000.0,0.3038095238095238,329800000.0,159500000.0,303600000.0,161600000.0,170300000.0,61800000.0,-631400000.0,107969568.12,29669568.120000005,16.220403864666306,1.8787128712871286,0.018192844147968467,0.03761755485893417,-0.05648233285170104,16.220403864666306,-0.08025078369905957,1.0282816011428573,-2.10878062734375,0.6769251919749216,0.0,1.1828478964401294,0.0,0.31837477258944813,1.2252475247524752,-0.038811400848999394,-71.97971208,0.3038095238095238,-0.884057971014493,-4.652002283052966,0.7169508016144209,-0.014035268008644583,-0.024464831804281346,-0.8823529411764706,-2.44,0.9596229708500403,-0.452770562811349,-0.6264383714529974,Communication Equipment,Technology,AVNW
2012Q1,2012,Q1,2011-11-09,2011-09-30,-6800000.0,111400000.0,-2500000.0,-0.69,32700000.0,0.29353680430879714,365100000.0,172800000.0,331800000.0,183400000.0,192300000.0,70300000.0,-618600000.0,138179436.0,56579436.0,17.63272503153074,1.8091603053435115,0.016433853738701727,0.034722222222222224,-0.019160659540972735,17.63272503153074,-0.03935185185185185,1.240389910233393,-5.080126323529412,0.7996495138888889,0.0,1.1194879089615932,0.0,0.3051218844152287,1.1575790621592148,-0.01862503423719529,-14.69994,0.29353680430879714,0.6600985221674877,-8.27513373397737,1.7493463165278444,2.9310101011560032,0.0380952380952381,0.6565656565656566,0.40476190476190477,-2.2080904776287715,-0.43395484320440064,-0.7713851311420897,Communication Equipment,Technology,AVNW
2011Q4,2011,Q4,2011-09-12,2011-07-01,-19800000.0,117500000.0,-4200000.0,-2.03,31500000.0,0.2680851063829787,383900000.0,177700000.0,350300000.0,197100000.0,206200000.0,71800000.0,-611800000.0,232055057.52,139855057.52,18.194613145357142,1.7772704211060375,0.015629070070330816,0.03376477208778841,-0.020442537385122802,18.194613145357142,-0.11142374788970175,1.974936659744681,-2.9299881,1.305881021496905,0.0,1.1977715877437325,0.0,0.3060692888773118,1.1730086250634195,-0.05157593123209169,122.1342408,0.2680851063829787,0.46296296296296297,-19.019488885362843,1.9414594318129617,3.3272362832951097,-0.0031645569620253164,0.4634146341463415,0.5841584158415841,-0.13404733387942713,-0.3731318067947979,-0.7633072454423606,Communication Equipment,Technology,AVNW
2011Q3,2011,Q3,2011-05-11,2011-04-01,-36900000.0,115500000.0,-10100000.0,-3.78,31600000.0,0.2735930735930736,410700000.0,195800000.0,365800000.0,197400000.0,214900000.0,64100000.0,-592000000.0,299444783.82,209744783.82,20.047862993027174,1.8530901722391084,0.014609203798392988,0.030643513789581207,-0.12390909003435105,20.047862993027174,-0.1884576098059244,2.5925955309090907,-2.0287586979674797,1.529340060367722,0.0,1.3088923556942278,0.0,0.28122717311906503,1.2041540020263424,-0.08984660336011688,-44.03599762058823,0.2735930735930736,-1.953125,-19.32127118780105,1.9744683542678558,4.172490466158952,-0.13896457765667575,-1.952,-0.6833333333333333,-6.037542764567766,-0.3540639484356799,-0.7486387420032804,Communication Equipment,Technology,AVNW
2011Q2,2011,Q2,2011-02-09,2010-12-31,-12500000.0,124200000.0,-6000000.0,-1.28,36700000.0,0.29549114331723025,451900000.0,231100000.0,380100000.0,202000000.0,220800000.0,72300000.0,-555100000.0,296086803.48,199686803.48000002,23.743246633667905,1.8816831683168316,0.013277273733126798,0.025962786672436174,-0.04393364262617742,23.743246633667905,-0.0540891389009087,2.3839517188405797,-5.9217360696000005,1.2812064192124621,0.0,1.210235131396957,0.0,0.2748395662757247,1.2316831683168317,-0.027660986944014164,-53.83396426909091,0.29549114331723025,0.40740740740740744,-26.235261268915842,2.6720400800147996,5.665695766662963,0.5165289256198347,0.4131455399061033,0.7321428571428571,-11.5,-0.3141910546659304,-0.6992843201040988,Communication Equipment,Technology,AVNW
2011Q1,2011,Q1,2010-11-10,2010-10-01,-21300000.0,109100000.0,-22400000.0,-2.16,24200000.0,0.22181484876260313,415500000.0,242300000.0,348900000.0,155500000.0,173200000.0,68800000.0,-542600000.0,242536010.22,140736010.22,24.51612028501027,2.2437299035369773,0.01444043321299639,0.024762690879075525,-0.07169949687727292,24.51612028501027,-0.08790755262071812,2.223061505224565,-2.8466667866197186,1.0009740413536936,0.0,1.2340116279069768,0.0,0.262575210589651,1.4681672025723473,-0.051263537906137184,-6.202967013299233,0.22181484876260313,0.7591973244147158,-14.11984201503906,2.0962044843126892,6.05883592879687,-0.3125,0.7601351351351351,0.7557251908396947,-25.22091166881322,-0.37641215086307644,-0.6874622050119596,Communication Equipment,Technology,AVNW
2010Q4,2010,Q4,2010-09-09,2010-07-02,-88800000.0,116300000.0,-91700000.0,-8.97,35200000.0,0.30266552020636284,447000000.0,263200000.0,372500000.0,166600000.0,183800000.0,73500000.0,-521300000.0,207899160.0,71199160.0,26.585966003903046,2.2358943577430974,0.011185682326621925,0.018996960486322188,-0.3336430906900706,26.585966003903046,-0.3373860182370821,1.7876110060189165,-0.5853016891891892,0.7898904255319149,0.0,1.1034013605442177,0.0,0.26017897091722597,1.4795918367346939,-0.19865771812080538,138.59944,0.30266552020636284,-2.4767441860465116,-33.06949048186846,2.3876681680949843,6.366365571403076,0.9340659340659341,-2.455252918287938,-2.1620689655172414,-5.967028721366285,-0.7222260923900158,-0.8556133021768239,Communication Equipment,Technology,AVNW
2010Q3,2010,Q3,2010-05-12,2010-04-02,-25700000.0,120000000.0,-29000000.0,-2.58,18200000.0,0.15166666666666667,541100000.0,351400000.0,389600000.0,173100000.0,189700000.0,70800000.0,-432500000.0,392227423.2,261727423.2,35.316724891356344,2.2507221259387635,0.018480872297172428,0.028457598178713718,-0.06967087452698963,35.316724891356344,-0.07313602731929425,3.2685618599999997,-3.815441859922179,1.1161850404097895,0.0,1.4378531073446328,0.0,0.2217704675660691,1.4771808203350665,-0.04749584180373314,30.171340246153846,0.15166666666666667,-2.225,-2.080783644375322,3.634449667161539,8.29882370473531,-0.5697399527186762,-2.2531645569620253,-3.6774193548387095,0.2522166165180217,-0.41723009276549344,-0.6847711737441132,Communication Equipment,Technology,AVNW
2010Q2,2010,Q2,2010-02-10,2010-01-01,-7900000.0,122600000.0,-6200000.0,-0.8,42300000.0,0.3450244698205546,562600000.0,375800000.0,406200000.0,171100000.0,186800000.0,90900000.0,-406800000.0,409761317.89670706,293361317.89670706,38.02376394183599,2.3740502630040914,0.017774617845716316,0.026609898882384245,-0.019531841926865256,38.02376394183599,-0.021021820117083555,3.3422619730563383,-12.967130313186932,1.090370723514388,0.0,0.8833883388338833,0.0,0.21791681478848204,1.5178258328462888,-0.01404194809811589,-62.08504816616774,0.3450244698205546,-0.012658227848101276,0.2964859804757756,2.9540434275085206,7.281049678158335,0.1220159151193634,-0.01282051282051282,0.03125,-3.242567456148402,0.9946025750713035,1.3112920329857736,Communication Equipment,Technology,AVNW
2010Q1,2010,Q1,2009-11-10,2009-10-02,-7800000.0,120000000.0,-6400000.0,-0.79,37700000.0,0.31416666666666665,568900000.0,382100000.0,407700000.0,169700000.0,186800000.0,92700000.0,-398900000.0,401107389.036627,278107389.036627,38.923756601936695,2.4024749558043608,0.017577781683951486,0.02617115938236064,-0.018451371100983553,38.923756601936695,-0.020413504318241297,3.342561575305225,-12.85600605886625,1.0497445407920099,0.0,0.8878101402373247,0.0,0.21093338020741784,1.4572775486152032,-0.013710669713482159,-1002.7684725915675,0.31416666666666665,-0.11267605633802827,-0.6591970741177234,2.9668913370911314,5.142260967296272,-0.14705882352941177,-0.13043478260869565,0.6121212121212121,-9.330837909041003,1.956565583919005,7.677596917296661,Communication Equipment,Technology,AVNW
2009Q4,2009,Q4,2009-09-04,2009-07-03,-6900000.0,135200000.0,-16500000.0,-0.71,44200000.0,0.3269230769230769,600200000.0,387900000.0,436100000.0,194400000.0,212300000.0,98600000.0,-391100000.0,361003568.166588,234903568.166588,39.649222439804014,2.2433127572016462,0.017827390869710098,0.027584428976540346,-0.016673916195447298,39.649222439804014,-0.017788089713843776,2.6701447349599703,-13.079839426325652,0.9306614286326065,0.0,0.922920892494929,0.0,0.22525824725091637,1.455761316872428,-0.01149616794401866,19.305003645272087,0.3269230769230769,0.8184143222506394,-0.23858510840204122,3.208518450131097,6.628069941175927,1.5113636363636365,0.8198433420365535,0.5161290322580645,-7.26882094991611,2.3787898821054196,8.4297995002845,Communication Equipment,Technology,AVNW
2009Q3,2009,Q3,2009-05-12,2009-04-03,-38300000.0,158000000.0,-34100000.0,-3.91,17600000.0,0.11139240506329114,593600000.0,386400000.0,416500000.0,182300000.0,207200000.0,93600000.0,-384200000.0,268714903.2,165414903.2,39.42873236217291,2.2846955567745475,0.020721024258760108,0.03183229813664596,-0.0938597310757688,39.42873236217291,-0.09912008281573499,1.7007272354430378,-1.75401372845953,0.6954319440993789,0.0,1.5,0.0,0.2661725067385445,1.4404827207899067,-0.06452156334231805,11.1964543,0.11139240506329114,0.8787220843672456,-2.2573461051503223,4.09881735296396,5.796623299096294,-0.6764705882352942,0.87856689917565,0.8830188679245283,-19.95170596163078,3.05512974567597,9.172891859197467,Communication Equipment,Technology,AVNW
2009Q2,2009,Q2,2009-02-10,2009-01-02,-315400000.0,190900000.0,-291500000.0,-32.24,54400000.0,0.28496595075956,642800000.0,424800000.0,457700000.0,194300000.0,218000000.0,110700000.0,-345900000.0,314630735.03999996,229030735.03999996,43.42095821714036,2.355635615028307,0.01882389545737399,0.028483992467043313,-0.7192687764120091,43.42095821714036,-0.742467043314501,1.6481442380303821,-0.249390246544071,0.7406561559322034,0.0,1.2330623306233062,0.0,0.2969819539514624,1.6860524961399896,-0.49066583696328564,37.01538059294117,0.28496595075956,-57.56140350877194,-44.47720053480728,5.770973872107171,5.2389494315575185,-0.06529209621993128,-57.32142857142857,-43.86764705882353,-634.4819112863026,4.6152161992055944,11.190030362656012,Communication Equipment,Technology,AVNW
2009Q1,2009,Q1,2008-11-04,2008-09-26,5600000.0,195800000.0,6800000.0,0.57,58200000.0,0.2972420837589377,981400000.0,752000000.0,468000000.0,205200000.0,229400000.0,102800000.0,-30500000.0,439918230.570039,358118230.570039,77.12851364225969,2.280701754385965,0.012838801711840228,0.01675531914893617,0.007650119533117706,77.12851364225969,0.007446808510638298,2.246773394126859,19.63920672187674,0.5849976470346264,0.0,1.33852140077821,0.0,0.1995109027919299,1.624756335282651,0.005706134094151213,-293.278820380026,0.2972420837589377,1.318435754189944,2.133652163491244,6.525097383297324,9.253046759547354,0.5,1.3218390804597702,1.3222748815165877,5.029530700959987,4.63269666896004,21.2073279500739,Communication Equipment,Technology,AVNW
2008Q4,2008,Q4,2008-09-25,2008-06-27,-17400000.0,186800000.0,-21100000.0,-1.79,38800000.0,0.20770877944325483,977300000.0,748200000.0,460100000.0,201000000.0,229100000.0,93500000.0,-36100000.0,559469739.12,492669739.12,76.87017365344147,2.289054726368159,0.0288550086974317,0.03769045709703288,-0.022990074830144966,76.87017365344147,-0.023255813953488372,2.9950200167023553,-8.038358320689655,0.7477542623897354,0.0,1.5828877005347595,0.0,0.19113885193901564,1.481592039800995,-0.017804154302670624,-799.2424844571428,0.20770877944325483,-3.3866666666666667,-6.31047189848233,6.364488661857957,8.568119570960553,-0.2679245283018868,-3.3835616438356166,-3.2934782608695654,-5.7900898214399925,4.534413686517914,20.298974074718824,Communication Equipment,Technology,AVNW
2008Q3,2008,Q3,2008-05-06,2008-03-28,7300000.0,178200000.0,9200000.0,0.75,53000000.0,0.29741863075196406,1023400000.0,776300000.0,484400000.0,204200000.0,247100000.0,125300000.0,-15400000.0,558885722.013412,476085722.013412,79.75717162144696,2.3721841332027425,0.01387531756888802,0.018291897462321266,0.009634917537960084,79.75717162144696,0.009403581089784877,3.13628351298211,19.139921986760683,0.7199352338186423,0.0,0.9992019154030327,0.0,0.17412546413914404,1.6410381978452497,0.007133085792456518,29.10863135486521,0.29741863075196406,8.5,2.274382168266129,4.420670759337492,8.747175559757107,0.07505070993914807,8.3,12.5,1.8945660867254501,6.035356620610852,19.999905296361987,Communication Equipment,Technology,AVNW
2008Q2,2008,Q2,2008-02-05,2007-12-28,-1000000.0,181100000.0,-800000.0,-0.1,49300000.0,0.2722252898950856,1035600000.0,768500000.0,488100000.0,215700000.0,267100000.0,130000000.0,-22700000.0,985204028.413294,930404028.413294,78.95579852000772,2.262865090403338,0.01757435303205871,0.02368249837345478,-0.0008454872120059185,78.95579852000772,-0.0013012361743656475,5.440110593115925,-246.30100710332349,1.2819831209021393,0.0,1.0138461538461538,0.0,0.17487446890691385,1.5252665739452944,-0.0009656237929702588,158.9038755505313,0.2722252898950856,-0.25000000000000006,0.9124820336254416,4.20027155131293,7.994458082019559,0.004073319755600814,-0.25,0.2,0.9095752130757618,4.930772210816876,16.1954804611927,Communication Equipment,Technology,AVNW
2008Q1,2008,Q1,2007-11-06,2007-09-28,-800000.0,172300000.0,-1000000.0,-0.08,49100000.0,0.2849680789320952,1035800000.0,763500000.0,484800000.0,219900000.0,272300000.0,135100000.0,-21700000.0,1020243877.0799999,976643877.0799999,78.44209781395692,2.2046384720327423,0.019888009268198493,0.026981008513425015,-0.0010184595798854233,78.44209781395692,-0.0010478061558611656,5.921322559953569,-318.8262115875,1.336272268605108,0.0,0.9119170984455959,0.0,0.1663448542189612,1.4733969986357436,-0.0007723498744931454,-242.91520882857142,0.2849680789320952,0.937984496124031,0.7440233221414398,3.630960110874646,6.853488358028266,-0.09074074074074075,0.8490566037735849,0.900990099009901,0.8283689713740303,4.744560180047619,11.378348794102026,Communication Equipment,Technology,AVNW
2007Q4,2007,Q4,2007-08-27,2007-06-29,-5300000.0,174100000.0,-10100000.0,-1.29,54000000.0,0.31016657093624356,1038100000.0,758000000.0,473300000.0,213000000.0,280100000.0,135700000.0,-20900000.0,444104189.65005,401504189.65005,184.13030012267257,2.2220657276995306,0.02562373567093729,0.03509234828496042,-0.006574430586515846,184.13030012267257,-0.0069920844327176785,2.5508569192995405,-20.94831083254953,0.5858894322560027,0.0,0.8850405305821666,0.0,0.16771023986128503,0.6091643192488263,-0.00510548116751758,-79.30431958036607,0.31016657093624356,0.6260869565217392,0.2268433312453961,10.773602304052618,16.690518263750466,0.5,0.771551724137931,0.5550660792951542,-1.2609647592465487,11.879306398543203,34.424624272465394,Communication Equipment,Technology,AVNW
2007Q3,2007,Q3,2007-05-08,2007-03-30,-23200000.0,139000000.0,-22700000.0,-3.45,36000000.0,0.2589928057553957,975400000.0,752500000.0,430300000.0,184200000.0,222900000.0,130300000.0,-15600000.0,773353807.743361,747253807.743361,112.03520093904109,2.3360477741585233,0.029013737953660038,0.03760797342192691,-0.029232718841570807,112.03520093904109,-0.030830564784053157,5.563696458585331,-8.333553962751735,1.027712701320081,0.0,0.7904834996162702,0.0,0.14250563871232316,1.6096634093376765,-0.023785113799466885,-96.66922596792013,0.2589928057553957,-10.85714285714286,-4.326228343566109,5.1535408707964185,8.16936034119457,0.034482758620689655,-5.0,-4.661290322580645,-1.878892269674583,5.544846491649955,18.31233928666069,Communication Equipment,Technology,AVNW
2007Q2,2007,Q2,2007-02-16,2006-12-29,5800000.0,101200000.0,6200000.0,0.35,34800000.0,0.3438735177865613,357800000.0,267700000.0,239000000.0,90100000.0,90100000.0,85000000.0,0.0,,,,,,,,,,,,,,,,,,,,,,,,,,,,,,,Communication Equipment,Technology,AVNW
2007Q1,2007,Q1,2006-09-30,2006-09-30,1552000.0,67279000.0,1843000.0,0.09,20767000.0,0.30866986726913304,184154000.0,72990000.0,159885000.0,81272000.0,111164000.0,38980000.0,-412648000.0,,,,,,,,,,,,,,,,,,,,,,,,,,,,,,,Communication Equipment,Technology,AVNW
