Year,Date,FillingDate,NetIncome,Revenue,OperatingIncome,EPSDiluted,GrossProfit,GrossProfitRatio,TotalAssets,CommonStockEquity,CurrentAssets,CurrentLiability,TotalLiability,Inventory,RetainedEarnings,EnterpriseValue,bookValuePerShare,currentRatio,debtToAssets,debtToEquity,roic,shareholdersEquityPerShare,roe,priceToSalesRatio,peRatio,pbRatio,payoutRatio,inventoryTurnover,dividendYield,assetTurnover,quickRatio,returnOnAssets,priceToFreeCashFlowsRatio,grossProfitMargin,epsdilutedGrowth,fiveYNetIncomeGrowthPerShare,fiveYRevenueGrowthPerShare,fiveYShareholdersEquityGrowthPerShare,grossProfitGrowth,netIncomeGrowth,operatingIncomeGrowth,threeYNetIncomeGrowthPerShare,threeYRevenueGrowthPerShare,threeYShareholdersEquityGrowthPerShare,Industry,Sector,Price,MarketCap,AvgVolume,Symbol
2022,2022-12-31,2022-12-31,-24442000.0,0.0,-24606000.0,-0.0461,-104000.0,0.0,145218000.0,142685000.0,16835000.0,2070000.0,2533000.0,0.0,-675962000.0,144801030.09216,0.2693292863628041,8.132850241545894,0.004221239791210456,0.0042961768931562535,-0.17173247059585062,0.2693292863628041,-0.171300417002488,0.0,-6.47905368186564,1.1098645974850894,0.0,0.0,0.0,0.0,6.909661835748793,-0.1683124681513311,-6.6016770923861925,0.0,0.24796084828711254,0.7862569748335554,0.0,-0.41137582145458845,0.4583333333333333,0.23580540270135067,0.2119775820656525,0.762929418409388,0.0,-0.3031857011435954,Other Industrial Metals & Mining,Basic Materials,0.2301,121902150,1347513,NAK
2021,2021-12-31,2021-12-31,-31984000.0,0.0,-31225000.0,-0.0613,-192000.0,0.0,159282000.0,155493000.0,24158000.0,2424000.0,3789000.0,0.0,-651520000.0,195178149.436552,0.2981883522961537,9.966171617161717,0.0043131050589520475,0.004418205321139858,-0.2018433313530706,0.2981883522961537,-0.20569414700340208,0.0,-6.777831085434967,1.3941601836516884,0.0,0.0,0.0,0.0,9.263613861386139,-0.200801094913424,-6.6753548710254655,0.0,0.5621428571428573,0.4404257531209151,0.0,-0.5068604473749992,0.0,0.5125950534127794,0.5007514709644411,-0.2002858150347577,0.0,-0.37174424242791687,Other Industrial Metals & Mining,Basic Materials,0.2301,121902150,1347513,NAK
2020,2020-12-31,2020-12-31,-65621000.0,0.0,-62544000.0,-0.14,0.0,0.0,180374000.0,172306000.0,43937000.0,7411000.0,8068000.0,0.0,-619978000.0,152931073.87671998,0.363769560113835,5.92861961948455,0.0050783372326388505,0.005316123640500041,-0.36899835487396254,0.363769560113835,-0.38083990110617155,0.0,-2.9636103362752775,1.1286610673843047,0.0,0.0,0.0,0.0,5.817568479287545,-0.3638052047412598,-3.3634568294140434,0.0,0.26315789473684204,0.4008127634812096,0.0,-0.656573650477897,0.0,0.059021753158294735,0.09046753435614048,0.35817186635315773,0.0,-0.20497484178756034,Other Industrial Metals & Mining,Basic Materials,0.2301,121902150,1347513,NAK
2019,2019-12-31,2019-12-31,-69737000.0,0.0,-68765000.0,-0.19,0.0,0.0,154624000.0,138505000.0,14952000.0,15185000.0,16119000.0,0.0,-556106000.0,188853472.27223998,0.38651515447490253,0.9846559104379322,0.016685637417218544,0.018627486372333128,-0.48702178444422856,0.38651515447490253,-0.5034980686617812,0.0,-2.872384419637208,1.4462400077415254,0.0,0.0,0.0,0.0,0.9518603885413237,-0.4510101924668874,-3.0939001648375135,0.0,-2.8000000000000003,0.41015531610466416,0.0,-0.7130201321736713,0.0,-3.3703077019489878,-0.038526595584015465,-0.7754540828162854,0.0,-0.36078686879348276,Other Industrial Metals & Mining,Basic Materials,0.2301,121902150,1347513,NAK
2018,2018-12-31,2019-04-01,-15957000.0,0.0,-66214000.0,-0.05,0.0,0.0,161924000.0,148210000.0,16259000.0,6520000.0,13714000.0,0.0,-486913000.0,227247114.40360004,0.4746289209485533,2.4937116564417177,0.0,0.0,-0.4467579785439579,0.4746289209485533,-0.10766479994602253,0.0,-15.17322268619415,1.6336219850455438,0.0,0.0,0.0,0.0,2.4095092024539877,-0.09854623156542576,-3.775913327775179,0.0,0.7727272727272727,-0.9242712441277837,0.0,-0.6633036415644287,0.0,0.7539967625067447,-0.03146711530672649,0.7789850299684667,0.0,-0.5519139159198241,Other Industrial Metals & Mining,Basic Materials,0.2301,121902150,1347513,NAK
2017,2017-12-31,2018-03-30,-64865000.0,0.0,-64194000.0,-0.22,0.0,0.0,202620000.0,137501000.0,68152000.0,11320000.0,65119000.0,0.0,-470971000.0,599594891.2344,0.4575572940757576,6.020494699646643,0.0,0.0,-0.4668620591850241,0.4575572940757576,-0.4717420236943731,0.0,-10.279085658435212,4.849076670238035,0.0,0.0,0.0,0.0,5.984187279151944,-0.3201312802290001,-15.330472069217327,0.0,-1.0,-0.3091944537625469,0.0,-0.6627767740645113,0.0,-1.4040100807946039,-1.3686948821076712,0.3457806534257355,0.0,-0.6602727467304007,Other Industrial Metals & Mining,Basic Materials,0.2301,121902150,1347513,NAK
2016,2016-12-31,2017-03-31,-26982000.0,0.0,-27101000.0,-0.11,0.0,0.0,150347000.0,148847000.0,7875000.0,1500000.0,1500000.0,0.0,-406106000.0,679584992.8386998,0.6046733641803536,5.25,0.0,0.0,-0.18207286676923284,0.6046733641803536,-0.1812733881099384,0.0,-25.45330193605737,4.614006280534373,0.0,0.0,0.0,0.0,4.922666666666666,-0.17946483800807467,-28.599191839706,0.0,0.5217391304347826,0.48374817572257944,0.0,-0.594256844997862,0.0,0.20240030742853765,0.22333352438814696,-3.1275585706233335,0.0,-0.5710515925670296,Other Industrial Metals & Mining,Basic Materials,0.2301,121902150,1347513,NAK
2015,2015-12-31,2016-05-02,-33829000.0,0.0,-34894000.0,-0.23,0.0,0.0,157704000.0,154980000.0,10616000.0,2724000.0,2724000.0,0.0,-379124000.0,54598410.4416,1.0592360214061636,3.8972099853157123,0.0,0.0,-0.21550673612267898,1.0592360214061636,-0.2182797780358756,0.0,-1.8359221508646428,0.40074467958188154,0.0,0.0,0.0,0.0,3.5851688693098387,-0.21450946076193375,-1.6529358184276361,0.0,0.30303030303030304,-0.5361400315724615,0.0,-0.29077495432914535,0.0,-0.07917823077168469,-0.022145409807252915,-0.40236270338655916,0.0,-0.21933494932654815,Other Industrial Metals & Mining,Basic Materials,0.2301,121902150,1347513,NAK
2014,2014-12-31,2015-05-15,-31347000.0,0.0,-34138000.0,-0.33,0.0,0.0,135510000.0,127963000.0,11902000.0,6033000.0,7547000.0,0.0,-345295000.0,35436821.840550005,1.346837175034207,1.9728161776893751,0.0,0.0,-0.2486252889686949,1.346837175034207,-0.24496924892351696,0.0,-1.4318378741362814,0.35075624860741,0.0,0.0,0.0,0.0,1.7729156306978286,-0.231326101394731,-1.613945409584682,0.0,-10.000000000000002,-1.4040173749131917,0.0,-0.14407752510873104,0.0,-11.42449464922711,-2.845668581728061,-0.553936882369772,0.0,-0.09625593412189318,Other Industrial Metals & Mining,Basic Materials,0.2301,121902150,1347513,NAK
2013,2013-12-31,2014-03-27,-2523000.0,0.0,-8877000.0,-0.03,0.0,0.0,141784000.0,133928000.0,33734000.0,4053000.0,7856000.0,0.0,-313948000.0,103520319.79519999,1.4096645510330819,8.323217369849495,0.0,0.0,-0.0714960197995776,1.4096645510330819,-0.018838480377516276,0.0,-51.25458572936979,0.9655585075204587,0.0,0.0,0.0,0.0,7.792992844806316,-0.017794673587993002,-16.46699602638482,0.0,0.8125,0.9836058387385896,0.0,4.611224562544017,0.0,0.8389094623930532,0.4608891048220576,0.8235644044059307,0.0,-0.056141043749812984,Other Industrial Metals & Mining,Basic Materials,0.2301,121902150,1347513,NAK
2012,2012-12-31,2013-03-29,-15662000.0,0.0,-16466000.0,-0.16,0.0,0.0,132934000.0,128893000.0,32543000.0,409000.0,4041000.0,0.0,-311425000.0,268916306.72559243,1.3568380197017895,79.56723716381418,0.0,0.0,-0.12774937351136215,1.3568380197017895,-0.12151164143902307,0.0,-18.928189677282113,2.2999953971557217,0.0,0.0,0.0,0.0,79.56723716381418,-0.11781786450419005,-28.330782370565025,0.0,0.23809523809523805,0.8541963074097723,0.0,0.1416993779700916,0.0,0.2223049803863151,0.2208763130500615,-0.2013148021280442,0.0,-0.13772193300186555,Other Industrial Metals & Mining,Basic Materials,0.2301,121902150,1347513,NAK
2011,2011-12-31,2012-04-02,-20139000.0,0.0,-21134000.0,-0.21,0.0,0.0,145241000.0,141356000.0,42644000.0,170000.0,3885000.0,0.0,-295763000.0,547076540.590468,1.4902860509801263,250.8470588235294,0.0,0.0,-0.14913138072097862,1.4902860509801263,-0.1424700755539206,0.0,-29.024953601989576,4.135187332624494,0.0,0.0,0.0,0.0,249.81176470588235,-0.13865919402923416,-78.09399339886012,0.0,-0.4,0.717395841191666,0.0,-0.4137077376580429,1.0,-0.4267800212539851,-0.4446647070886595,0.8689247037191049,0.0,4.817757627920842,Other Industrial Metals & Mining,Basic Materials,0.2301,121902150,1347513,NAK
2010,2010-12-31,2011-04-01,-14115000.0,0.0,-14629000.0,-0.15,-1800000.0,0.0,144247000.0,140060000.0,43886000.0,554000.0,4187000.0,0.0,-240510000.0,1299163397.8546278,1.4935118660456135,79.21660649819495,0.0,0.0,-0.10467056032733271,1.4935118660456135,-0.1007782378980437,0.0,-94.90367678743378,9.56422531668305,0.0,0.0,0.0,0.0,79.21660649819495,-0.09785298827705255,-190.2521513783025,0.0,-0.07142857142857129,0.8329509645116389,0.0,1.9645050137799294,0.0,-0.10792778649921507,-0.1167175572519084,0.8668938662478118,0.0,0.2567023798684455,Other Industrial Metals & Mining,Basic Materials,0.2301,121902150,1347513,NAK
2009,2009-12-31,2010-04-01,-12740000.0,0.0,-13100000.0,-0.14,0.0,0.0,150070000.0,146070000.0,45133000.0,193000.0,4000000.0,0.0,-224590000.0,761891660.929396,1.5735504260538324,233.84974093264248,0.0,0.0,-0.0895073862471864,1.5735504260538324,-0.087218456904224,0.0,-63.32705344814725,5.523287882038721,0.0,0.0,0.0,0.0,233.84974093264248,-0.08489371626574266,-206.55060443660932,0.0,0.9135802469135802,0.8685905654977534,0.0,1.8027614757750654,-1.0,0.9150134084025989,0.9126311366622426,0.8173270168235734,0.0,-0.3809507653960088,Other Industrial Metals & Mining,Basic Materials,0.2301,121902150,1347513,NAK
2008,2008-12-31,2009-03-31,-149906000.0,0.0,-149939000.0,-1.62,140603000.0,0.0,229153000.0,-36125000.0,60312000.0,13343000.0,265278000.0,0.0,-423812000.0,354886623.229168,-0.3903563809501807,4.520122910889605,0.0,0.0,4.149647058823529,-0.3903563809501807,4.149647058823529,0.0,-2.762315205723373,-11.462633168973507,0.0,0.0,0.0,0.0,4.520122910889605,-0.6541742853028326,21.955865494653658,0.0,-0.433628318584071,-3.5643854287984027,0.0,-3.8063845079160052,0.0,-0.4413019987654911,-0.4054643890030424,-0.797798350268772,0.0,-1.7748270869462621,Other Industrial Metals & Mining,Basic Materials,0.2301,121902150,1347513,NAK
TTM,,,,,,,,,,,,,,,,152697452.54549998,0.2561388805520793,3.371194379391101,0.004106467148262814,0.004222643094541515,-0.19887153754014877,0.2561388805520793,-0.18624365763717526,0.0,-6.013080120667795,1.1906339105670942,0.0,0.0,0.0,0.0,2.820257611241218,-0.19255962618965716,-6.624393159484173,0.0,,,,,,,,,,,Other Industrial Metals & Mining,Basic Materials,0.2301,121902150,1347513,NAK
