Quarters,Year,Quarter,FillingDate,Date,NetIncome,Revenue,OperatingIncome,EPSDiluted,GrossProfit,GrossProfitRatio,TotalAssets,CommonStockEquity,CurrentAssets,CurrentLiability,TotalLiability,Inventory,RetainedEarnings,MarketCap,EnterpriseValue,bookValuePerShare,currentRatio,debtToAssets,debtToEquity,roic,shareholdersEquityPerShare,roe,priceToSalesRatio,peRatio,pbRatio,payoutRatio,inventoryTurnover,dividendYield,assetTurnover,quickRatio,returnOnAssets,priceToFreeCashFlowsRatio,grossProfitMargin,epsdilutedGrowth,fiveYNetIncomeGrowthPerShare,fiveYRevenueGrowthPerShare,fiveYShareholdersEquityGrowthPerShare,grossProfitGrowth,netIncomeGrowth,operatingIncomeGrowth,threeYNetIncomeGrowthPerShare,threeYRevenueGrowthPerShare,threeYShareholdersEquityGrowthPerShare,Industry,Sector,Symbol
2023Q1,2023,Q1,2023-05-15,2023-03-31,-25341000.0,0.0,-24900000.0,-0.23,0.0,0.0,41970000.0,-27388000.0,30081000.0,57247000.0,69358000.0,0.0,-554563000.0,400813640.708,424037640.708,-0.24694826210295795,0.525459849424424,1.20791041219919,-1.851029648021031,-0.8284252912672422,-0.24694826210295795,0.9252592376223163,0.0,-3.9542011040211515,-14.634644395647728,0.0,0.0,0.0,0.0,0.47988540884238473,-0.6037884203002144,-19.756192858241324,0.0,-0.09523809523809533,0.3064563405929351,0.0,-1.0777305562011705,0.0,-0.07646234229641902,-0.18082230758287096,0.6801852628810962,0.0,-1.2024220669030474,Biotechnology,Healthcare,EVLO
2022Q4,2022,Q4,2023-03-16,2022-12-31,-23541000.0,0.0,-21087000.0,-0.21,0.0,0.0,64441000.0,-4992000.0,51573000.0,12395000.0,69433000.0,0.0,-529222000.0,3536826104.0000005,3540024104.0000005,-0.045448205615256906,4.160790641387656,0.7935631042348815,-10.243990384615385,-0.402195238579859,-0.045448205615256906,4.7157451923076925,0.0,-37.56027891763307,-708.4988189102564,0.0,0.0,0.0,0.0,3.8676885841064945,-0.3653109045483465,-151.0302375950124,0.0,0.2500000000000001,0.9012799455067568,0.0,-1.0057975946379503,0.0,0.22978013349038084,0.2742135334205273,0.6955920824624466,0.0,-1.024233714518537,Biotechnology,Healthcare,EVLO
2022Q3,2022,Q3,2022-11-14,2022-09-30,-30564000.0,0.0,-29054000.0,-0.28,0.0,0.0,86336000.0,9334000.0,72327000.0,26917000.0,77002000.0,0.0,-505681000.0,4516567371.799999,4502371371.799999,0.08638445259026613,2.6870379314188058,0.6353896404744255,5.877115920291407,-0.40324842746483436,0.08638445259026613,-3.274480394257553,0.0,-36.94352319558958,483.8833695950289,0.0,0.0,0.0,0.0,2.5654047627893153,-0.3540122312824314,-199.88349140555846,0.0,0.3,0.8701866879819831,0.0,0.0,0.0,-9.816432708353784e-05,0.018014668604454658,0.58078687951957,0.0,-0.9656152995899236,Biotechnology,Healthcare,EVLO
2022Q2,2022,Q2,2022-08-11,2022-06-30,-30561000.0,0.0,-29587000.0,-0.4,0.0,0.0,111901000.0,35648000.0,97010000.0,21441000.0,76253000.0,0.0,-475117000.0,3195345682.4,3158683682.4,0.47079275594060216,4.524509118044867,0.49458896703335986,1.5525415170556554,-0.2984593359683668,0.47079275594060216,-0.8572991472172352,0.0,-26.13907989267367,89.63604360412927,0.0,0.0,0.0,0.0,4.291171120749965,-0.2731074789322705,-119.41646170864789,0.0,0.28571428571428575,0.7620095570240523,0.0,0.0,0.0,-0.023441947690968152,-0.02954276567610829,0.38244414455170206,0.0,-0.84928403523911,Biotechnology,Healthcare,EVLO
2022Q1,2022,Q1,2022-05-12,2022-03-31,-29861000.0,0.0,-28738000.0,-0.56,0.0,0.0,58825000.0,-16802000.0,43125000.0,16172000.0,75627000.0,0.0,-444556000.0,3635411253.0,3651606253.0,-0.31335535946859766,2.6666460549097204,0.9490182745431365,-3.3225806451612905,-0.5981273144711067,-0.31335535946859766,1.7772289013212712,0.0,-30.43611443856535,-216.3677688965599,0.0,0.0,0.0,0.0,2.4505936186000494,-0.5076243093922652,-124.99265095410006,0.0,-0.03703703703703707,0.6110184899558422,0.0,0.0,0.0,-0.04219600725952813,-0.04278094270474255,0.12413386268198542,0.0,-1.084149057582841,Biotechnology,Healthcare,EVLO
2021Q4,2021,Q4,2022-03-24,2021-12-31,-28652000.0,0.0,-27559000.0,-0.54,0.0,0.0,87871000.0,8667000.0,71026000.0,17362000.0,79204000.0,0.0,-414695000.0,6496798210.400001,6484650210.400001,0.16195266744096995,4.090888146526898,0.6406322905167803,6.495096342448368,-0.3702021076706233,0.16195266744096995,-3.3058728510441906,0.0,-56.6871266438643,749.6017319026192,0.0,0.0,0.0,0.0,3.9419997696117957,-0.32606889645047854,-237.08346569353722,0.0,0.1428571428571428,0.7533889308400792,0.0,-0.9793405283300711,0.0,0.1505484731692855,0.15747477835524304,-0.10171541902062232,0.0,-0.9624200595335112,Biotechnology,Healthcare,EVLO
2021Q3,2021,Q3,2021-10-28,2021-09-30,-33730000.0,0.0,-32710000.0,-0.63,0.0,0.0,116458000.0,33076000.0,97915000.0,20727000.0,83382000.0,0.0,-386043000.0,7522990886.400001,7483821886.400001,0.6190491083033303,4.724031456554253,0.4874632914870597,1.7163199903253115,-0.3283112420818741,0.6190491083033303,-1.019772644817995,0.0,-55.758900729321084,227.44560667553515,0.0,0.0,0.0,0.0,4.628648622569595,-0.28963231379553145,-268.88951627707485,0.0,-0.0677966101694916,0.7102858475763062,0.0,0.0,0.0,-0.06747262484967403,-0.1827451547584611,-0.26368079183884685,0.0,-0.8696626389148515,Biotechnology,Healthcare,EVLO
2021Q2,2021,Q2,2021-07-29,2021-06-30,-31598000.0,0.0,-27656000.0,-0.59,0.0,0.0,145058000.0,62093000.0,126367000.0,19796000.0,82965000.0,0.0,-352313000.0,14668663242.0,14602548242.0,1.1632386754332171,6.383461305314205,0.39444911690496215,0.9214887346399755,-0.21301887731012276,1.1632386754332171,-0.5088818385325238,0.0,-116.05689633837585,236.23698713220492,0.0,0.0,0.0,0.0,6.23019801980198,-0.21783010933557612,-901.6327519822976,0.0,-0.07272727272727258,0.6509536196206552,0.0,0.0,0.0,-0.12065541211519365,-0.006734374431218376,0.23291865175554813,0.0,-0.8616713438869443,Biotechnology,Healthcare,EVLO
2021Q1,2021,Q1,2021-04-29,2021-03-31,-28196000.0,0.0,-27471000.0,-0.55,0.0,0.0,153042000.0,87839000.0,134181000.0,18719000.0,65203000.0,0.0,-320715000.0,10987599522.0,10904385522.0,1.7107964266774083,7.168171376676105,0.27036369101292457,0.47105499834925263,-0.19648328646202365,1.7107964266774083,-0.32099636835574175,0.0,-97.42161584976593,125.08793954849213,0.0,0.0,0.0,0.0,7.056520113253913,-0.1842370068347251,-413.16084537865686,0.0,0.11290322580645154,0.6164279821591391,0.0,0.0,0.0,0.029397590361445784,0.02578197035250727,-0.6668743174922569,0.0,-0.4615019491930374,Biotechnology,Healthcare,EVLO
2020Q4,2020,Q4,2021-03-09,2020-12-31,-29050000.0,0.0,-28198000.0,-0.62,0.0,0.0,90639000.0,30485000.0,70980000.0,19833000.0,60154000.0,0.0,-292519000.0,11294787745.800001,11267641745.800001,0.6526260754869899,3.5788836787172893,0.46018821919924097,1.3682466786944398,-0.3384451861649508,0.6526260754869899,-0.9529276693455798,0.0,-97.20127147848538,370.5031243496802,0.0,0.0,0.0,0.0,3.471839862854838,-0.3205022120720661,-583.3481947009607,0.0,-0.3777777777777777,0.7135408664734754,0.0,-0.9167478366943561,0.0,-0.38842422214787553,-0.39718561094044197,0.7135408664734754,0.0,-0.9167478366943561,Biotechnology,Healthcare,EVLO
2020Q3,2020,Q3,2020-10-30,2020-09-30,-20923000.0,0.0,-20182000.0,-0.45,0.0,0.0,104837000.0,50430000.0,84559000.0,13548000.0,54407000.0,0.0,-263469000.0,4866108570.2,4826562570.2,1.092314715818504,6.241437850605255,0.4009462308154564,0.8335117985326195,-0.19361251144422434,1.092314715818504,-0.41489192940709896,0.0,-58.14305513310711,96.49233730319256,0.0,0.0,0.0,0.0,6.0215529967522885,-0.19957648540114653,-263.3175633225108,0.0,0.2857142857142857,0.7920188276038456,0.0,0.0,0.0,-0.013122215766027503,0.0031118794764139293,0.7920188276038456,0.0,0.0,Biotechnology,Healthcare,EVLO
2020Q2,2020,Q2,2020-07-31,2020-06-30,-20652000.0,0.0,-20245000.0,-0.63,0.0,0.0,113905000.0,69206000.0,92717000.0,13608000.0,44699000.0,0.0,-242546000.0,3198177864.0,3140580864.0,2.1206412802562005,6.813418577307466,0.2859927132259339,0.4707106320261249,-0.17749688913689735,2.1206412802562005,-0.298413432361356,0.0,-38.715110691458456,46.21243626275178,0.0,0.0,0.0,0.0,6.626469723691946,-0.18130898555814057,-192.7542107039537,0.0,0.11267605633802812,0.6268504407832433,0.0,0.0,0.0,0.10368473590555966,0.12965908602381668,0.6268504407832433,0.0,0.0,Biotechnology,Healthcare,EVLO
2020Q1,2020,Q1,2020-05-11,2020-03-31,-23041000.0,0.0,-23261000.0,-0.71,0.0,0.0,83147000.0,39344000.0,60993000.0,12463000.0,43803000.0,0.0,-221894000.0,2421978755.0,2396840755.0,1.2199671008262003,4.893926021022226,0.3966108217975393,0.8381710044733631,-0.272579474585924,1.2199671008262003,-0.585629320862139,0.0,-26.27901083937329,61.55903708316388,0.0,0.0,0.0,0.0,4.6630024873625935,-0.277111621585866,-121.40244385964913,0.0,-0.0142857142857143,0.5009783413296109,0.0,0.0,0.0,-0.019558387539271648,-0.026069695632995146,0.5009783413296109,0.0,0.0,Biotechnology,Healthcare,EVLO
2019Q4,2019,Q4,2020-02-14,2019-12-31,-22599000.0,0.0,-22670000.0,-0.7,0.0,0.0,90920000.0,60197000.0,81009000.0,9743000.0,30723000.0,0.0,-198853000.0,2606358330.8,2548159330.8,1.8754122724559021,8.314584830134455,0.21594808622965245,0.32616243334385436,-0.2839748969698488,1.8754122724559021,-0.37541737960363475,0.0,-28.832673246603832,43.29714654883134,0.0,0.0,0.0,0.0,7.988607205172944,-0.24855917289925208,-133.95478906306215,0.0,-0.04477611940298495,0.675698137907124,0.0,-0.7607632691424387,0.0,-0.04465400083206213,-0.054614812058057315,0.675698137907124,0.0,-0.7607632691424387,Biotechnology,Healthcare,EVLO
2019Q3,2019,Q3,2019-11-05,2019-09-30,-21633000.0,0.0,-21496000.0,-0.67,0.0,0.0,111140000.0,80546000.0,101231000.0,9675000.0,30594000.0,0.0,-176254000.0,3911411134.0,3833899134.0,2.512293303708738,10.463152454780362,0.17589526723052007,0.24270603133613092,-0.2147559818172736,2.512293303708738,-0.2685794452859236,0.0,-45.201903735034435,48.56120892409306,0.0,0.0,0.0,0.0,10.032144702842377,-0.1946463919380961,-188.72001997491074,0.0,-0.030769230769230795,0.6903405316387826,0.0,0.0,0.0,-0.033045222291199085,-0.0050965539813905645,0.6903405316387826,0.0,0.0,Biotechnology,Healthcare,EVLO
2019Q2,2019,Q2,2019-08-06,2019-06-30,-20941000.0,0.0,-21387000.0,-0.65,0.0,0.0,126208000.0,100088000.0,117298000.0,9889000.0,26120000.0,0.0,-154621000.0,5639286576.0,5548665576.0,3.1237086043771933,11.861462230761452,0.1177104462474645,0.14842938214371354,-0.18606451837416482,3.1237086043771933,-0.20922588122452243,0.0,-67.32351100711523,56.34328367037007,0.0,0.0,0.0,0.0,11.474668823945798,-0.1659245055780933,-353.33875789473683,0.0,-0.015625000000000014,0.6146252345009586,0.0,0.0,0.0,-0.031627173752401594,-0.028023457027494713,0.6146252345009586,0.0,0.0,Biotechnology,Healthcare,EVLO
2019Q1,2019,Q1,2019-05-03,2019-03-31,-20299000.0,0.0,-20804000.0,-0.64,0.0,0.0,141934000.0,118883000.0,133282000.0,11216000.0,23051000.0,0.0,-133680000.0,5127166563.2,5056083563.2,3.723813058275953,11.883202567760343,0.0736821339495822,0.0879688433165381,-0.1608461354094989,3.723813058275953,-0.17074770993329577,0.0,-63.145555978127,43.127836302919675,0.0,0.0,0.0,0.0,11.540567047075607,-0.1430171769977595,-271.72433956224495,0.0,-0.3061224489795919,0.5558893151923235,0.0,0.0,0.0,-0.3144466748688726,-0.30081910835990744,0.5558893151923235,0.0,0.0,Biotechnology,Healthcare,EVLO
2018Q4,2018,Q4,2019-02-15,2018-12-31,-15443000.0,0.0,-15993000.0,-0.49,0.0,0.0,159867000.0,136949000.0,151622000.0,9235000.0,22918000.0,0.0,-113381000.0,8268641064.2,8242663064.2,4.309550931444095,16.418191662154847,0.07697023150493848,0.08985096641815567,-0.10715290712476717,4.309550931444095,-0.11276460580215993,0.0,-133.85742835265168,60.37752056751052,0.0,0.0,0.0,0.0,16.017217108825122,-0.0965990479586156,-495.3951868791564,0.0,0.020000000000000018,0.7761571954950514,0.0,-0.4502526770006055,0.0,0.026108343318408275,0.02819468919001033,0.7761571954950514,0.0,-0.4502526770006055,Biotechnology,Healthcare,EVLO
2018Q3,2018,Q3,2018-11-02,2018-09-30,-15857000.0,0.0,-16457000.0,-0.5,0.0,0.0,175606000.0,150760000.0,168039000.0,9413000.0,24846000.0,0.0,-97937000.0,7446598831.8,7465655831.8,4.749590625046567,17.851800701157973,0.0806065851964056,0.09389095250729637,-0.0997908013218931,4.749590625046567,-0.10518041920933935,0.0,-117.4023906129785,49.39373064340674,0.0,0.0,0.0,0.0,17.457558695421227,-0.09029873694520689,-523.5235399184477,0.0,0.4117647058823529,0.7707378680638836,0.0,0.0,0.0,-0.04694308728377129,-0.08070659311794064,0.7707378680638836,0.0,0.0,Biotechnology,Healthcare,EVLO
2018Q2,2018,Q2,2018-08-02,2018-06-30,-15146000.0,0.0,-15228000.0,-0.85,0.0,0.0,188288000.0,165048000.0,180876000.0,7517000.0,23240000.0,0.0,-82080000.0,4631968460.0,4467819460.0,8.409238606948545,24.06225887987229,0.07835337355540449,0.0893861179778004,-0.08469363351705497,8.409238606948545,-0.09176724346856673,0.0,-76.45530932259342,28.06437194028404,0.0,0.0,0.0,0.0,23.799654117334043,-0.08044060163154317,-370.2612677857714,0.0,-1.0972533383338432,0.5449682342320343,0.0,0.0,0.0,-0.44247619047619047,-0.4607194244604317,0.5449682342320343,0.0,0.0,Biotechnology,Healthcare,EVLO
2018Q1,2018,Q1,2018-05-31,2018-03-31,-10500000.0,0.0,-10425000.0,-0.405292,0.0,0.0,122313000.0,101253000.0,115187000.0,4617000.0,21060000.0,0.0,-66935000.0,10198673280.0,10099081280.0,3.1769779372714644,24.94845137535196,0.12033880290729522,0.14536853229040128,-0.08989238781774911,3.1769779372714644,-0.10370063109241208,0.0,-242.82555428571428,100.72465289917336,0.0,0.0,0.0,0.0,24.758717782109596,-0.0858453312403424,-1094.7480978960928,0.0,0.8133163231388922,0.7698854593800873,0.0,0.0,0.0,-0.2894510622620656,-0.2923019709929342,0.7698854593800873,0.0,0.0,Biotechnology,Healthcare,EVLO
2017Q4,2017,Q4,2017-12-31,2017-12-31,-8143000.0,0.0,-8067000.0,-2.17100930737258,0.0,0.0,43788000.0,29403000.0,38777000.0,3839000.0,14385000.0,0.0,-56411000.0,1200252800.0,1171972800.0,7.839148552704897,10.100807501953634,0.22759660180871472,0.3389450056116723,-0.2049074144631563,7.839148552704897,-0.276944529469782,0.0,-36.84922018911949,40.82075978641635,0.0,0.0,0.0,0.0,9.962490231831206,-0.1859641911025852,-152.95690072639226,0.0,0.1758930163505085,0.0,0.0,0.0,0.0,0.003670622782332069,-0.003607862652401095,0.0,0.0,0.0,Biotechnology,Healthcare,EVLO
2017Q3,2017,Q3,2017-09-30,2017-09-30,-8173000.0,0.0,-8038000.0,-2.634378,0.0,0.0,,,,,,,,1200252800.0,,,0.0,0.0,0.0,0.0,,0.0,0.0,-36.71396060198214,0.0,0.0,0.0,0.0,0.0,0.0,0.0,-190.63735705209658,0.0,-0.2695614039315094,0.0,0.0,0.0,0.0,-0.2848608709322434,-0.29269861691862337,0.0,0.0,0.0,Biotechnology,Healthcare,EVLO
2017Q2,2017,Q2,2017-06-30,2017-06-30,-6361000.0,0.0,-6218000.0,-2.07503,0.0,0.0,,,,,,,,1200252800.0,,,0.0,0.0,0.0,0.0,,0.0,0.0,-47.172331394434835,0.0,0.0,0.0,0.0,0.0,0.0,0.0,-188.83775959723096,0.0,-0.18013690527647214,0.0,0.0,0.0,0.0,-0.1845437616387337,-0.19393241167434716,0.0,0.0,0.0,Biotechnology,Healthcare,EVLO
2017Q1,2017,Q1,2017-03-31,2017-03-31,-5370000.0,0.0,-5208000.0,-1.758296,0.0,0.0,,,,,,,,1200252800.0,,,0.0,0.0,0.0,0.0,,0.0,0.0,-55.87769087523277,0.0,0.0,0.0,0.0,0.0,0.0,0.0,-266.2495119787045,0.0,0.0,0.0,0.0,0.0,0.0,0.0,0.0,0.0,0.0,0.0,Biotechnology,Healthcare,EVLO
