Quarters,Year,Quarter,FillingDate,Date,NetIncome,Revenue,OperatingIncome,EPSDiluted,GrossProfit,GrossProfitRatio,TotalAssets,CommonStockEquity,CurrentAssets,CurrentLiability,TotalLiability,Inventory,RetainedEarnings,MarketCap,EnterpriseValue,bookValuePerShare,currentRatio,debtToAssets,debtToEquity,roic,shareholdersEquityPerShare,roe,priceToSalesRatio,peRatio,pbRatio,payoutRatio,inventoryTurnover,dividendYield,assetTurnover,quickRatio,returnOnAssets,priceToFreeCashFlowsRatio,grossProfitMargin,epsdilutedGrowth,fiveYNetIncomeGrowthPerShare,fiveYRevenueGrowthPerShare,fiveYShareholdersEquityGrowthPerShare,grossProfitGrowth,netIncomeGrowth,operatingIncomeGrowth,threeYNetIncomeGrowthPerShare,threeYRevenueGrowthPerShare,threeYShareholdersEquityGrowthPerShare,Industry,Sector,Symbol
2023Q1,2023,Q1,2023-05-04,2023-03-31,12812000.0,50476000.0,47681000.0,0.74,50476000.0,1.0,6859182000.0,464983000.0,138280000.0,28622000.0,6394199000.0,0.0,495231000.0,591784840.0,1433098840.0,27.233395806489398,4.83124868981902,0.14650799468508052,2.1612080441650554,0.025301565312225115,27.233395806489398,0.027553695511448806,11.72408352484349,11.54747190134249,1.2727020987864073,0.7531220730565096,0.0,0.016304912440812107,0.00735889498193808,41.68216756341276,0.001867861211438915,59.47586331658292,1.0,-0.22105263157894733,-0.20226630612996327,0.07046978157025416,0.13619445902628843,-0.08441864683475422,-0.22693537681771556,0.15199323508093743,0.09363525489962067,-0.023831418384413577,-0.07124255498251343,Banks—Regional,Financial Services,WASH
2022Q4,2022,Q4,2023-02-23,2022-12-31,16573000.0,55130000.0,41390000.0,0.95,55130000.0,1.0,6660051000.0,453669000.0,119932000.0,29558000.0,6206382000.0,0.0,492043000.0,810552400.0,1727299400.0,26.406810244470314,4.0575140401921646,0.15942775813578605,2.340466287094776,0.021171039696860974,26.406810244470314,0.03653103914968843,14.70256484672592,12.227001749834066,1.786660318425989,0.5614553792312797,0.0,0.011479825363542195,0.008277714389874792,37.632789769267205,0.002488419382974695,20.865787983318747,1.0,-0.12037037037037047,1.0814934519432402,0.18010773275672223,0.10046479621885251,-0.04693577664448094,-0.11222412684808228,0.18399221923450998,0.07736600575598053,0.1453701314257956,-0.08998640583801844,Banks—Regional,Financial Services,WASH
2022Q3,2022,Q3,2022-11-07,2022-09-30,18668000.0,57845000.0,34958000.0,1.08,57845000.0,1.0,6408051000.0,432274000.0,1115412000.0,0.0,5975777000.0,0.0,485163000.0,798247520.0,1421051520.0,25.17025736578549,0.0,0.11748814109001317,1.7416499720084946,0.022394229462681645,25.17025736578549,0.04318557211398326,13.79976696343677,10.690051424898222,1.8466239468485266,0.49908935076065997,0.0,0.01167181828513542,0.009026925659611636,0.0,0.002913210272514997,42.230849645540154,1.0,-0.05263157894736828,0.4433965201862915,0.22225950469390002,0.04587442128465439,0.08390953210785691,-0.06458886606203337,0.1410758584671628,0.0017150357283944582,0.13790686559583032,-0.12338287107319076,Banks—Regional,Financial Services,WASH
2022Q2,2022,Q2,2022-08-04,2022-06-30,19957000.0,53367000.0,30636000.0,1.14,53367000.0,1.0,5982891000.0,476634000.0,98623000.0,30491000.0,5506257000.0,0.0,475889000.0,836946110.0,1122574110.0,27.546321447147893,3.234495424879473,0.06880670231164164,0.8636878611261471,0.026312564299274845,27.546321447147893,0.04187070162850321,15.682839769895253,10.484367765696247,1.7559513379238576,0.4824873477977652,0.0,0.011504922342013156,0.00891993519520914,36.70237119149913,0.003335678353491648,73.47433148977262,1.0,0.21276595744680848,0.5035322199250845,0.13395214650044743,0.1672733530512278,0.02137799043062201,0.21076260389492205,0.2149910767400357,0.1571899127406623,0.05609996041975109,-0.014099914955291693,Banks—Regional,Financial Services,WASH
2022Q1,2022,Q1,2022-05-05,2022-03-31,16483000.0,52250000.0,25215000.0,0.94,52250000.0,1.0,5847999000.0,513192000.0,1236280000.0,0.0,5334807000.0,0.0,465295000.0,909877500.0,793920500.0,29.611216894581965,0.0,0.018613204277223714,0.2121038519696332,0.03039847268450701,29.611216894581965,0.03211858329825874,17.413923444976078,13.80024115755627,1.7729767806201187,0.5700418613116545,0.0,0.010326664853235738,0.008934680050389885,0.0,0.0028185709334081622,24.11677003816794,1.0,-0.1896551724137931,0.38729373631159764,0.19723755821116862,0.27933022499663307,-0.09986734887246541,-0.18352486625718248,-0.13842000956741612,-0.05931288362861198,0.04439549997356416,0.09056109624671717,Banks—Regional,Financial Services,WASH
2021Q4,2021,Q4,2022-02-24,2021-12-31,20188000.0,58047000.0,29266000.0,1.16,58047000.0,1.0,5851127000.0,564808000.0,1221352000.0,0.0,5286319000.0,0.0,458310000.0,976779360.0,998211360.0,32.595106186518926,0.0,0.03361591707033534,0.3482440050424215,0.02913818364276101,32.595106186518926,0.035743119785838724,16.827387461884335,12.096039231226472,1.7294007167037295,0.4478403011690113,0.0,0.009255928585550785,0.009920652893023857,0.0,0.0034502754768440335,-131.42886975242195,1.0,0.08411214953271014,0.642106606973904,0.24842749138703918,0.42973283346462016,0.02574659833892914,0.07663591275131992,0.0,0.1828999428075508,0.18152470830981438,0.2579600157707948,Banks—Regional,Financial Services,WASH
2021Q3,2021,Q3,2021-11-08,2021-09-30,18751000.0,56590000.0,0.0,1.07,56590000.0,1.0,6002643000.0,555318000.0,0.0,0.0,5447325000.0,0.0,447566000.0,917613600.0,895657600.0,32.062240184757506,0.0,0.045826979882028634,0.49536121645615666,0.0,32.062240184757506,0.033766238443558465,16.215119279024563,12.234195509572823,1.6524110509653926,0.48221428190496507,0.0,0.009853820823928505,0.009427513846817144,0.0,0.0031237906368911162,19.459105946221054,1.0,0.07000000000000006,0.5009326773070473,0.24840181019231242,0.3860517615986406,0.02245830849007173,0.07394043528064147,0.0,0.06852509930082881,0.16038774293937708,0.2949755604887114,Banks—Regional,Financial Services,WASH
2021Q2,2021,Q2,2021-08-05,2021-06-30,17460000.0,55347000.0,0.0,1.0,55347000.0,1.0,5851980000.0,547856000.0,4667818000.0,0.0,5304124000.0,0.0,437927000.0,889073900.0,1223161900.0,31.64237033614416,0.0,0.07891875912084458,0.8429788119505855,0.0,31.64237033614416,0.03186968838526912,16.063633078576977,12.730153207331044,1.6228240632574984,0.5300114547537228,0.0,0.010408583583434402,0.009457824531184317,0.0,0.0029836055488911446,14.368871111111112,1.0,-0.14529914529914525,0.5565630077644117,0.2753319285096044,0.3906665804697331,-0.05944430282946724,-0.1470861218308827,0.0,-0.01450459229716747,0.124404126145212,0.29640563617013965,Banks—Regional,Financial Services,WASH
2021Q1,2021,Q1,2021-05-06,2021-03-31,20471000.0,58845000.0,0.0,1.17,58845000.0,1.0,5719389000.0,533599000.0,4639810000.0,0.0,5185790000.0,0.0,429598000.0,891908250.0,1245515250.0,30.88850940665702,0.0,0.09101793915399005,0.9755771656243734,0.0,30.88850940665702,0.03836401492506545,15.156907978587816,10.89233855209809,1.671495355126228,0.4402325240584241,0.0,0.010104178316547694,0.010288686431365308,0.0,0.0035792284805247552,-208.53594809445875,1.0,0.09345794392523352,0.844753376914103,0.3657723195004451,0.3790786184156589,-0.018759379689844924,0.10260691586771518,0.0,0.2597874716753138,0.2334350021869584,0.28868810503104,Banks—Regional,Financial Services,WASH
2020Q4,2020,Q4,2021-02-25,2020-12-31,18566000.0,59970000.0,0.0,1.07,59970000.0,1.0,5713169000.0,534195000.0,4681868000.0,0.0,5178974000.0,0.0,418246000.0,773427200.0,1227541200.0,30.942713160333643,0.0,0.1134671493176554,1.213521279682513,0.0,30.942713160333643,0.034755098793511734,12.896901784225445,10.414564257244425,1.4478368386076244,0.47570828395992676,0.0,0.011419303587978286,0.010496801337401362,0.0,0.003249685069704747,47.668856702619415,1.0,0.009433962264150952,0.7020096394513272,0.42432691944532414,0.40161618000126076,0.04985819824235846,0.01331732343630608,0.0,1.3204595215277004,0.27746627799639156,0.28949184764091124,Banks—Regional,Financial Services,WASH
2020Q3,2020,Q3,2020-11-04,2020-09-30,18322000.0,57122000.0,0.0,1.06,57122000.0,1.0,5849792000.0,527693000.0,4800029000.0,105746000.0,5322099000.0,0.0,408773000.0,529191600.0,1305131600.0,30.573174971031285,45.3920621110964,0.16753638419964334,1.857240857847271,0.0,30.573174971031285,0.03472094570138319,9.264234445572635,7.2207128042790085,1.0028399088106152,0.48204344503875124,0.0,0.016689607318029993,0.009764791637035983,10.64688026024625,0.003132077174709802,185.55105189340813,1.0,-0.12396694214876026,0.7614859928549892,0.402227417945986,0.3976822494293236,-0.002497162315550511,-0.12918250950570342,0.0,0.4095854483638152,0.20096864743669976,0.2703764294093844,Banks—Regional,Financial Services,WASH
2020Q2,2020,Q2,2020-08-06,2020-06-30,21040000.0,57265000.0,0.0,1.21,57265000.0,1.0,5876960000.0,520163000.0,4805018000.0,38900000.0,5356797000.0,0.0,399386000.0,565166750.0,1484222750.0,30.14214521643391,123.52231362467866,0.19306869537992433,2.1813489233182675,0.0,30.14214521643391,0.04044885929987331,9.86932244826683,6.71538438688213,1.086518552838245,0.42547528517110267,0.0,0.015839573010974193,0.009743983283874656,29.865964010282777,0.0035800822193787266,32.389635509198236,1.0,0.7794117647058821,0.7818160423957468,0.3488323867468186,0.4108189316765473,0.09015972129680748,0.7679186622972859,0.0,0.5893491942621675,0.22002101451541228,0.2772711950831733,Banks—Regional,Financial Services,WASH
2020Q1,2020,Q1,2020-05-07,2020-03-31,11901000.0,52529000.0,0.0,0.68,52529000.0,1.0,5620979000.0,508597000.0,4571458000.0,0.0,5112382000.0,0.0,387243000.0,634133200.0,1704854200.0,29.32239838570193,0.0,0.22227426930433292,2.456559908925928,0.0,29.32239838570193,0.023399666140382268,12.072059243465514,13.321006638097641,1.246828431941203,0.7464078648853038,0.0,0.014008097983199744,0.009345169231196203,0.0,0.0021172468354711876,-183.59386218876665,1.0,-0.23595505617977525,0.044407382476005806,0.2749776485504592,0.388650003379626,0.08057681230971776,-0.23397270854788876,0.0,0.0008406587257636767,0.20265895390153046,0.2668520398121433,Banks—Regional,Financial Services,WASH
2019Q4,2019,Q4,2020-02-25,2019-12-31,15536000.0,48612000.0,0.0,0.89,48612000.0,1.0,5292659000.0,503492000.0,4260288000.0,0.0,4789167000.0,0.0,390363000.0,933310290.0,1994123290.0,29.018039306091868,0.0,0.22540768260339464,2.3694636657583437,0.0,29.018039306091868,0.03085649821645627,19.199174895087634,15.01851007337796,1.85367451717207,0.5707389289392379,0.0,0.00950059170568022,0.009184797282424582,0.0,0.002935386542000911,26.145342465753426,1.0,-0.17592592592592596,0.33897208756093417,0.1712171096504159,0.4023861908676167,-0.05276695245518317,-0.17423195492718188,0.0,0.2620344045945126,0.04412131821368144,0.2728304464258984,Banks—Regional,Financial Services,WASH
2019Q3,2019,Q3,2019-11-04,2019-09-30,18814000.0,51320000.0,0.0,1.08,51320000.0,1.0,5198878000.0,497825000.0,4179372000.0,0.0,4701053000.0,0.0,383765000.0,837598780.0,1704838780.0,28.712942669281347,0.0,0.19408187689728437,2.0268327223421885,0.0,28.712942669281347,0.03779239692663085,16.32109859703819,11.12999335601148,1.6825165068046002,0.47124481768895504,0.0,0.010585020193080988,0.009871360705136762,0.0,0.0036188577612323272,46.845569351230424,1.0,0.090909090909091,0.7210930254313547,0.2976178270825406,0.37682284292139817,0.01400881231352868,0.08921438082556592,0.0,0.5044120654076668,0.13096778004479992,0.2412615131726854,Banks—Regional,Financial Services,WASH
2019Q2,2019,Q2,2019-08-01,2019-06-30,17273000.0,50611000.0,0.0,0.99,50611000.0,1.0,5189672000.0,484205000.0,4087525000.0,0.0,4705467000.0,0.0,373873000.0,910344900.0,1908291900.0,27.940276976341604,0.0,0.21462840040757875,2.300370710752677,0.0,27.940276976341604,0.03567290713644015,17.987095690660134,13.175836565738436,1.8800815770179986,0.4806924101198402,0.0,0.00912071897145796,0.009752254092358824,0.0,0.003328341367238623,-348.3907003444317,1.0,-0.010000000000000009,0.6967586495176962,0.3027061861139363,0.35678538189379894,0.013212948689715922,-0.012689339811374678,0.0,0.5384702027436802,0.16512605945987882,0.22796140198392656,Banks—Regional,Financial Services,WASH
2019Q1,2019,Q1,2019-05-02,2019-03-31,17495000.0,49951000.0,0.0,1.0,49951000.0,1.0,5154729000.0,469843000.0,4026628000.0,0.0,4684886000.0,0.0,365521000.0,850145520.0,1870900520.0,27.15227693018955,0.0,0.21514166894127704,2.3603565446329946,0.0,27.15227693018955,0.037235842611255246,17.01958959780585,12.148406973420979,1.8094246801591172,0.466018862532152,0.0,0.009590122876845837,0.009690325136394173,0.0,0.003393970856663852,43.960159263664096,1.0,0.02040816326530614,0.8078636585082796,0.3356107112538808,0.3441208970497396,0.018555902204278052,0.02694294435313454,0.0,0.5739276037679887,0.1574026595846217,0.21226712700014877,Banks—Regional,Financial Services,WASH
2018Q4,2018,Q4,2019-02-26,2018-12-31,17036000.0,49041000.0,0.0,0.98,49041000.0,1.0,5010766000.0,448184000.0,3967913000.0,0.0,4562582000.0,0.0,355524000.0,822126410.0,1705606410.0,25.911082846736427,0.0,0.19426231438466693,2.1718825303893046,0.0,25.911082846736427,0.03801117398211449,16.764062926938685,12.064545814745246,1.834350199917891,0.4376614228692181,0.0,0.009069164923189854,0.009787126359522676,0.0,0.003399879379719588,36.07874709264054,1.0,-0.02970297029702973,0.6703940217268531,0.2809348811490928,0.30496289177335123,0.0077469998356074305,-0.02712580663582891,0.0,0.5587696548121167,0.16253381137903672,0.17369775465892948,Banks—Regional,Financial Services,WASH
2018Q3,2018,Q3,2018-11-05,2018-09-30,17511000.0,48664000.0,0.0,1.01,48664000.0,1.0,4770672000.0,427909000.0,3843741000.0,0.0,4342763000.0,0.0,346685000.0,936392940.0,1714531940.0,24.758953885320835,0.0,0.17839687993641148,1.9889111937351165,0.0,24.758953885320835,0.04092225216109033,19.24200517836594,13.368638855576494,2.188299241193805,0.42887327965278965,0.0,0.00802013735814796,0.01020065936203537,0.0,0.0036705520731670506,26.73651429060903,1.0,0.0,0.6848897237971152,0.22815382765889894,0.26731014479215354,-0.008960573476702509,-0.009222586850741201,0.0,0.6812756562476363,0.19301118303796413,0.1318795117857799,Banks—Regional,Financial Services,WASH
2018Q2,2018,Q2,2018-08-02,2018-06-30,17674000.0,49104000.0,0.0,1.01,49104000.0,1.0,4737242000.0,421571000.0,3845582000.0,0.0,4315671000.0,0.0,336670000.0,1003503200.0,1795169200.0,24.40776980083372,0.0,0.19499404928015077,2.1911706450396258,0.0,24.40776980083372,0.041924136147884934,20.436282176604756,14.194624872694353,2.3803895429239676,0.43040624646373205,0.0,0.0075804441879208755,0.01036552491935181,0.0,0.003730862810048547,2734.341144414169,1.0,0.08602150537634404,0.8743138511285046,0.27639062507918627,0.32381397073843166,0.03170501103057044,0.0902473629017334,0.0,0.4954594783800284,0.15560193675750417,0.14241847976516678,Banks—Regional,Financial Services,WASH
2018Q1,2018,Q1,2018-05-03,2018-03-31,16211000.0,47595000.0,0.0,0.93,47595000.0,1.0,4566326000.0,413081000.0,3663071000.0,0.0,4153245000.0,0.0,326505000.0,926327500.0,1672005500.0,23.968956713473368,0.0,0.18206277869779774,2.012578646802927,0.0,23.968956713473368,0.0392441191921197,19.46270616661414,14.285477453580903,2.24248391961867,0.4157053852322497,0.0,0.007274964847745533,0.010423040317314182,0.0,0.003550118848281967,44.69613992762364,1.0,1.0217391304347827,1.078890497918448,0.3352940821473393,0.30476801184793684,0.0162705784382807,1.0309446254071661,0.0,0.43180705883444176,0.16266067870818796,0.13512173811133238,Banks—Regional,Financial Services,WASH
2017Q4,2017,Q4,2018-02-27,2017-12-31,7982000.0,46833000.0,0.0,0.46,46833000.0,1.0,4529850000.0,413284000.0,3631903000.0,0.0,4116566000.0,0.0,317756000.0,917124750.0,1651308750.0,23.996051791209428,0.0,0.17970506749671622,1.9696794456112503,0.0,23.996051791209428,0.019313595493655696,19.58287425533278,28.72477919067903,2.2191150637334136,0.8435229265848159,0.0,0.007341422200196865,0.010338752938839034,0.0,0.0017620892524035012,60.20644324821112,1.0,-0.38666666666666666,-0.15887644707591442,0.3753961841929873,0.32912797523049253,-0.012607788155425776,-0.3841999691405647,0.0,-0.3069576997960176,0.1367412123253845,0.1596831650948796,Banks—Regional,Financial Services,WASH
2017Q3,2017,Q3,2017-11-06,2017-09-30,12962000.0,47431000.0,0.0,0.75,47431000.0,1.0,4469230000.0,414228000.0,3637146000.0,0.0,4055002000.0,0.0,312334000.0,985387000.0,1693533000.0,24.066232860794795,0.0,0.18721927490865317,2.0199648502756937,0.0,24.066232860794795,0.03129194549861429,20.775168138980835,19.005303965437434,2.378851743484265,0.506094738466286,0.0,0.006657282874647221,0.010612790122683326,0.0,0.0029002758864502386,47.285714285714285,1.0,-0.013157894736842117,0.38481965809064483,0.13801875165405494,0.31995940601944944,0.013504562063291951,-0.01795590575043564,0.0,0.1944359968661603,0.20806443205083067,0.15400708062073368,Banks—Regional,Financial Services,WASH
2017Q2,2017,Q2,2017-08-04,2017-06-30,13199000.0,46799000.0,0.0,0.76,46799000.0,1.0,4375529000.0,406042000.0,3507718000.0,0.0,3969487000.0,0.0,306151000.0,886969300.0,1661775300.0,23.59886086248983,0.0,0.20395568170157255,2.1978366769940054,0.0,23.59886086248983,0.0325064894764581,18.952740443171862,16.799933707099022,2.1844274730200324,0.5026895976967952,0.0,0.007480529483940426,0.01069562103233689,0.0,0.0030165495417811194,202.08915470494418,1.0,0.11764705882352934,0.44020263150511646,0.15682132696434511,0.31870628621413516,0.08138272061372091,0.12026820573756578,0.0,0.305906163870023,0.2132680870523403,0.1459653558439521,Banks—Regional,Financial Services,WASH
2017Q1,2017,Q1,2017-05-05,2017-03-31,11782000.0,43277000.0,0.0,0.68,43277000.0,1.0,4388763000.0,397785000.0,3514473000.0,0.0,3990978000.0,0.0,299555000.0,847269800.0,1556750800.0,23.145874549051552,0.0,0.18716481158814,2.0649898814686325,0.0,23.145874549051552,0.02961901529720829,19.577831180534695,17.978055508402647,2.1299692044697514,0.540824987268715,0.0,0.007520626841650677,0.009860865123042644,0.0,0.0026845833324788786,52.47877361412202,1.0,-0.02857142857142844,0.3267554327376993,0.11552125191190206,0.31269950296425175,-0.059134291366828275,-0.03124486104259168,0.0,0.2258644346194935,0.16510362290523062,0.14579170438855432,Banks—Regional,Financial Services,WASH
2016Q4,2016,Q4,2017-03-06,2016-12-31,12162000.0,45997000.0,0.0,0.7,45997000.0,1.0,4381115000.0,390804000.0,3520704000.0,0.0,3990311000.0,0.0,294365000.0,960809100.0,1726235100.0,22.7980399019951,0.0,0.19894729994533356,2.2303021463444592,0.0,22.7980399019951,0.03112045936070255,20.88851664238972,19.75022816970893,2.4585446924801175,0.521789179411281,0.0,0.006604850016512126,0.010498925501841427,0.0,0.002776005651529348,32.150212481177846,1.0,-0.027777777777777804,0.4897644072122598,0.19653112945189688,0.3232296725427668,0.02837148989447326,-0.013385251886103676,0.0,0.20327692756075136,0.21229003867261434,0.1481803463500926,Banks—Regional,Financial Services,WASH
2016Q3,2016,Q3,2016-11-04,2016-09-30,12327000.0,44728000.0,0.0,0.72,44728000.0,1.0,4204034000.0,395327000.0,3516525000.0,0.0,3808707000.0,0.0,288613000.0,687359800.0,1254903800.0,23.13206553540082,0.0,0.16514994883485717,1.7562574779865783,0.0,23.13206553540082,0.031181781158382806,15.367550527633696,13.940127362699764,1.7387120029747525,0.5008517887563884,0.0,0.008982195350964662,0.010639305010378127,0.0,0.0029321837073629756,99.58849608809041,1.0,0.12499999999999993,0.5485572339650175,0.2239580454709354,0.31890385217254125,0.04555973725426027,0.11485936510807633,0.0,0.19948548435990895,0.14156727138991324,0.18403634736728766,Banks—Regional,Financial Services,WASH
2016Q2,2016,Q2,2016-08-05,2016-06-30,11057000.0,42779000.0,0.0,0.64,42779000.0,1.0,3917081000.0,388332000.0,3389697000.0,0.0,3528749000.0,0.0,282666000.0,647180640.0,1193213640.0,22.75338372297416,0.0,0.169179805064026,1.7065062884336084,0.0,22.75338372297416,0.028473059134966987,15.128465836041048,14.632826263905217,1.6665653100954854,0.57104096952157,0.0,0.009756163286961118,0.01092114255487696,0.0,0.0028227652172625483,-210.0553846153846,1.0,0.0,0.3917694947532123,0.18093503015643903,0.313951819889089,0.0075841439574157385,0.011156835848193873,0.0,0.18667068642075646,0.12533753239386194,0.2340843714863593,Banks—Regional,Financial Services,WASH
2016Q1,2016,Q1,2016-05-06,2016-03-31,10935000.0,42457000.0,0.0,0.64,42457000.0,1.0,3838210000.0,381280000.0,3297809000.0,0.0,3456930000.0,0.0,277810000.0,635298360.0,1055202360.0,22.397932209363802,0.0,0.13284056891102883,1.33725870751154,0.0,22.397932209363802,0.028679710449013848,14.96333608121158,14.52442524005487,1.6662252412924885,0.5306812985825331,0.0,0.009134290855087364,0.01106166676653961,0.0,0.002848984292157021,28.98920191649555,1.0,0.03225806451612906,0.5300785269756144,0.25453791308490104,0.32458436052177886,0.02380033759344104,0.017777364110201043,0.0,0.4196803957846676,0.205909971682582,0.21924812279748065,Banks—Regional,Financial Services,WASH
2015Q4,2015,Q4,2016-03-08,2015-12-31,10744000.0,41470000.0,0.0,0.62,41470000.0,1.0,3771604000.0,375388000.0,3267016000.0,0.0,3396216000.0,0.0,273074000.0,671998080.0,980430080.0,22.07645259938838,0.0,0.10649421307221013,1.0699702707598537,0.0,22.07645259938838,0.02862105341673149,16.204438871473354,15.636589724497394,1.7901426790414188,0.5392777364110201,0.0,0.008622048443947934,0.010995321884269929,0.0,0.0028486553731515824,606.4964620938628,1.0,0.03333333333333337,0.4192514696550962,0.15900435893991827,0.3299538727490979,0.03729457965431852,0.052507836990595615,0.0,0.14675799238898435,0.23358073220696576,0.22280244262708887,Banks—Regional,Financial Services,WASH
2015Q3,2015,Q3,2015-11-05,2015-09-30,10208000.0,39979000.0,0.0,0.6,39979000.0,1.0,3674836000.0,370527000.0,3222103000.0,0.0,3304309000.0,0.0,268166000.0,651304550.0,949189550.0,21.87419564319027,0.0,0.11002667874158194,1.0912295190363994,0.0,21.87419564319027,0.027549949126514397,16.291166612471546,15.950836353840126,1.7577789202946077,0.5625,0.0,0.00881615213650818,0.010879124945983984,0.0,0.002777811037009543,35.30297306087051,1.0,-0.11764705882352951,0.5261088866014103,0.13514975778780086,0.32103897509466,-0.0333430049808985,-0.11257932713205251,0.0,0.1081675622574327,-0.02531870120356018,0.19973285621176007,Banks—Regional,Financial Services,WASH
2015Q2,2015,Q2,2015-08-06,2015-06-30,11503000.0,41358000.0,0.0,0.68,41358000.0,1.0,3644477000.0,359167000.0,3175501000.0,0.0,3285310000.0,0.0,263790000.0,663698280.0,1077905280.0,21.364999107727083,0.0,0.13554811842686892,1.3754103244451745,0.0,21.364999107727083,0.032026884429805634,16.047639634411723,14.424460575502042,1.847882127255566,0.5088237850995393,0.0,0.008818766262284122,0.011348130335299139,0.0,0.003156282780766623,35.95721529959909,1.0,0.04615384615384619,1.0799627636895515,0.3056130119583703,0.29638471890879264,0.03893689710610933,0.04477747502270663,0.0,0.28463592059663334,0.04634670905260617,0.19387790760280543,Banks—Regional,Financial Services,WASH
2015Q1,2015,Q1,2015-05-08,2015-03-31,11010000.0,39808000.0,0.0,0.65,39808000.0,1.0,3602514000.0,353879000.0,3142709000.0,0.0,3248635000.0,0.0,258069000.0,640026210.0,963857210.0,21.11575869681962,0.0,0.11344105810553408,1.154838235668124,0.0,21.11575869681962,0.03111232935551417,16.077828828376205,14.53283855585831,1.8086018384815148,0.48873751135331517,0.0,0.008407468187904367,0.011050061151740146,0.0,0.0030561990876371336,79.28966922695739,1.0,-0.015151515151515164,1.039689412995393,0.3407215570608596,0.30648412480270165,-0.005595523581135092,-0.016173711017782148,0.0,0.2714107574777614,0.05224716951279027,0.19756312889737046,Banks—Regional,Financial Services,WASH
2014Q4,2014,Q4,2015-03-12,2014-12-31,11191000.0,40032000.0,0.0,0.66,40032000.0,1.0,3586874000.0,346279000.0,3109568000.0,0.0,3240595000.0,0.0,252837000.0,672412300.0,1025004300.0,20.69190319689274,0.0,0.11959661811371126,1.2388218748465833,0.0,20.69190319689274,0.03231787084980608,16.7968700039968,15.02127379143955,1.9418223455652812,0.4800285944062193,0.0,0.0079891459451292,0.011160693127218855,0.0,0.0031199869301235562,1280.7853333333333,1.0,0.06451612903225812,1.2616000686150557,0.34330555385622213,0.30327353229603343,0.0499921313539317,0.06196621749857658,0.0,0.4041621585010523,0.06668836193822084,0.2009865939884998,Banks—Regional,Financial Services,WASH
2014Q3,2014,Q3,2014-11-06,2014-09-30,10538000.0,38126000.0,0.0,0.62,38126000.0,1.0,3415882000.0,348562000.0,2919975000.0,0.0,3067320000.0,0.0,247052000.0,551394860.0,749628860.0,20.85449323920067,0.0,0.08324819182864045,0.8158261657897303,0.0,20.85449323920067,0.03023278498516763,14.46243665739915,13.081107895236288,1.5819132894578296,0.4616625545644335,0.0,0.008823078256478488,0.011161392577378259,0.0,0.0030850011797831423,-419.311680608365,1.0,0.06896551724137938,1.0554493757979728,0.29421288768378145,0.3247176132622739,0.01971167990585466,0.07563539859140553,0.0,0.3535980637463885,0.06676795329368145,0.18904519902015707,Banks—Regional,Financial Services,WASH
2014Q2,2014,Q2,2014-08-07,2014-06-30,9797000.0,37389000.0,0.0,0.58,37389000.0,1.0,3317022000.0,343450000.0,2868052000.0,0.0,2973572000.0,0.0,241918000.0,613250060.0,812579060.0,20.592996762201704,0.0,0.10392966944445951,1.0037472703450283,0.0,20.592996762201704,0.02852525840733731,16.401884511487335,15.648924670817598,1.785558480128112,0.5077064407471675,0.0,0.008110883837500154,0.011271857708510826,0.0,0.0029535529158383634,-327.241227321238,1.0,0.05454545454545439,1.4937835769684586,0.25445607307714135,0.3584801172478245,0.04049089998330272,0.05366745536674554,0.0,0.2619330965980807,0.056215279263257985,0.18919479854525081,Banks—Regional,Financial Services,WASH
2014Q1,2014,Q1,2014-05-08,2014-03-31,9298000.0,35934000.0,0.0,0.55,35934000.0,1.0,3194146000.0,335858000.0,2711486000.0,0.0,2858288000.0,0.0,236999000.0,622976220.0,744348220.0,20.20076987850355,0.0,0.0707888743971002,0.6732309487938355,0.0,20.20076987850355,0.027684318968135342,17.33667891133745,16.750274790277476,1.854879800391832,0.4851580985158099,0.0,0.007241046857294167,0.011249955387136343,0.0,0.002910950219557904,4755.543664122138,1.0,-0.05172413793103434,2.3392764773012447,0.3325537324452434,0.34905064756822035,-0.022124255041227857,-0.05015834099499438,0.0,0.3320876373645814,0.08714725400116953,0.19464705944501423,Banks—Regional,Financial Services,WASH
2013Q4,2013,Q4,2014-03-07,2013-12-31,9789000.0,36747000.0,0.0,0.58,36747000.0,1.0,3188867000.0,329646000.0,2673672000.0,0.0,2859221000.0,0.0,232595000.0,617926440.0,846928440.0,19.85580050596314,0.0,0.0975082999698639,0.9432573123896544,0.0,19.85580050596314,0.029695491527274714,16.815697607967998,15.781143119828378,1.8745152072222928,0.4428440085810604,0.0,0.007015398143507179,0.011523528576136916,0.0,0.003069742325408993,42.59798979732525,1.0,-0.0169491525423729,1.227021658534046,0.4513922630012979,0.3464068917507837,-0.032286098017012085,-0.01716867469879518,0.0,0.3244097468445214,0.05187373271827819,0.1961749135443427,Banks—Regional,Financial Services,WASH
2013Q3,2013,Q3,2013-11-07,2013-09-30,9960000.0,37973000.0,0.0,0.59,37973000.0,1.0,3131958000.0,323585000.0,2619713000.0,0.0,2808373000.0,0.0,227352000.0,520575090.0,695814090.0,19.536617762482642,0.0,0.09960638041761735,0.964083625631596,0.0,19.536617762482642,0.03078016595330439,13.709085139441182,13.066643825301204,1.6087738615819644,0.41616465863453816,0.0,0.007962347948688824,0.012124364375256628,0.0,0.0031801192736301063,18.016719388108257,1.0,0.09259259259259246,0.3350452396688861,0.12885213554193847,0.4179121025211406,0.0361264973123414,0.10876099298675275,0.0,0.5228354019773794,0.10266835062928621,0.179866630378282,Banks—Regional,Financial Services,WASH
2013Q2,2013,Q2,2013-08-08,2013-06-30,8983000.0,36649000.0,0.0,0.54,36649000.0,1.0,3061307000.0,303370000.0,2616693000.0,0.0,2757937000.0,0.0,221761000.0,477166000.0,793484000.0,18.437462015315425,0.0,0.12942870479831,1.3060652009097802,0.0,18.437462015315425,0.029610706398127698,13.01989140222107,13.279694979405544,1.572884596367472,0.4658799955471446,0.0,0.008770532686737949,0.011971683989877526,0.0,0.002934367575679277,37.831285181955124,1.0,0.20000000000000004,0.1985827224290893,0.05071360042972984,0.32341420526084497,0.0804221573656437,0.2104837622961865,0.0,0.6595406515105566,0.18205892117179126,0.11874771871493185,Banks—Regional,Financial Services,WASH
2013Q1,2013,Q1,2013-05-08,2013-03-31,7421000.0,33921000.0,0.0,0.45,33921000.0,1.0,3051848000.0,301291000.0,2555402000.0,0.0,2750557000.0,0.0,216920000.0,440530860.0,734332860.0,18.370282299859763,0.0,0.12268566455472225,1.2427121951867133,0.0,18.370282299859763,0.024630672671935108,12.986965596533121,14.84068387009837,1.4621441065282401,0.5340250640075461,0.0,0.008995964550587897,0.011114904805219657,0.0,0.0024316414185765476,18.86965047545618,1.0,-0.18181818181818185,0.03923172333991433,0.05771785593135598,0.2833037929795507,0.04772053372868792,-0.17754627064169345,0.0,0.4048078541322226,0.16738646290134288,0.1366147216166906,Banks—Regional,Financial Services,WASH
2012Q4,2012,Q4,2013-03-08,2012-12-31,9023000.0,32376000.0,0.0,0.55,32376000.0,1.0,3071884000.0,295652000.0,2545310000.0,0.0,2776232000.0,0.0,213674000.0,430852560.0,752753560.0,18.05398143624817,0.0,0.12870765953401886,1.337298580763871,0.0,18.05398143624817,0.030518988540581493,13.307776130467012,11.937619417045328,1.457296280762518,0.4384351102737449,0.0,0.009181795275859566,0.010539460474418956,0.0,0.002937285392286948,-110.93011328527291,1.0,0.018518518518518535,0.27184543540433803,0.01088965670382374,0.2930299197565139,-0.18304314912944739,0.013820224719101123,0.0,0.863441474496345,0.1102188601096816,0.137124793912602,Banks—Regional,Financial Services,WASH
2012Q3,2012,Q3,2012-11-07,2012-09-30,8900000.0,39630000.0,0.0,0.54,39630000.0,1.0,3048868000.0,298394000.0,2469469000.0,0.0,2750474000.0,0.0,208639000.0,430753120.0,831713120.0,18.23255529756813,0.0,0.14788931498510266,1.5110726086985664,0.0,18.23255529756813,0.02982633699069016,10.869369669442342,12.099806741573033,1.4435716535855279,0.4257303370786517,0.0,0.008796221835839517,0.012998266897746967,0.0,0.0029191162096883173,-26.20471590217788,1.0,0.018867924528301903,0.1051725787259514,0.1878821210034021,0.3655276579294689,0.030394425521957306,0.021462182945024676,0.0,0.7728681925083398,0.3738724031041778,0.15816706071121184,Banks—Regional,Financial Services,WASH
2012Q2,2012,Q2,2012-08-07,2012-06-30,8713000.0,38461000.0,0.0,0.53,38461000.0,1.0,3041050000.0,292734000.0,2429079000.0,0.0,2748316000.0,0.0,203726000.0,398808040.0,889567040.0,17.895463993153196,0.0,0.18331201394255273,1.9043261117601644,0.0,17.895463993153196,0.02976422280978636,10.369154208158914,11.442902559394009,1.3623564054739115,0.43429358429932285,0.0,0.009488274108014474,0.012647276434126371,0.0,0.002865128820637609,50.539607147383094,1.0,0.03921568627450984,0.12603258431734166,0.14576331298670306,0.37505807105207406,0.0433497002414345,0.032590661294145534,0.0,1.2612424621926366,0.31566689219622596,0.18052910435284317,Banks—Regional,Financial Services,WASH
2012Q1,2012,Q1,2012-05-08,2012-03-31,8438000.0,36863000.0,0.0,0.51,36863000.0,1.0,3028690000.0,287935000.0,2374347000.0,0.0,2740755000.0,0.0,198827000.0,394206200.0,853272200.0,17.632271892222903,0.0,0.17787987545770614,1.8710577039956935,0.0,17.632271892222903,0.029305225137617866,10.693817649133278,11.679491585683811,1.3690805216455102,0.4271154301967291,0.0,0.009142423432203756,0.012171268766364336,0.0,0.002786023000042923,30.826258992805755,1.0,0.06250000000000006,0.15987772895330873,0.15920796576018192,0.3472901254261897,0.0066082302504027746,0.084994213707085,0.0,2.0853465302480902,0.3917827013397443,0.17752085476775592,Banks—Regional,Financial Services,WASH
2011Q4,2011,Q4,2012-03-07,2011-12-31,7777000.0,36621000.0,0.0,0.48,36621000.0,1.0,3064098000.0,281351000.0,2374881000.0,0.0,2782747000.0,0.0,194198000.0,389633800.0,900594800.0,17.22908756889161,0.0,0.19359661472968553,2.1083948519820437,0.0,17.22908756889161,0.027641629139402383,10.639627536113158,12.525196091037675,1.3848673009870232,0.46316060177446317,0.0,0.009244577857465137,0.011951641233407025,0.0,0.0025381041990171333,22.4702306805075,1.0,0.04347826086956513,0.029724191690033295,0.18373155313787806,0.3352801716365291,0.05211595368747666,0.02571880770245318,0.0,0.7987567469856273,0.4705078199252255,0.1682914639662469,Banks—Regional,Financial Services,WASH
2011Q3,2011,Q3,2011-11-07,2011-09-30,7582000.0,34807000.0,0.0,0.46,34807000.0,1.0,2969613000.0,285494000.0,2293857000.0,0.0,2684119000.0,0.0,190042000.0,321974884.0,805709884.0,17.538856602243545,0.0,0.1845516570677728,1.9196445459449236,0.0,17.538856602243545,0.02655747581385248,9.250291148332233,10.616423239250858,1.1277816136241043,0.4745449749406489,0.0,0.011174784676683041,0.011721055908631865,0.0,0.0025531946418607407,-85.79133599786837,1.0,0.0,-0.04855521188195145,0.07815042127710406,0.36679387902624766,0.009074041862352873,0.0022471910112359553,0.0,0.034102809262263355,0.05286341875995965,0.27292028451621436,Banks—Regional,Financial Services,WASH
2011Q2,2011,Q2,2011-08-09,2011-06-30,7565000.0,34494000.0,0.0,0.46,34494000.0,1.0,2936306000.0,281425000.0,2246490000.0,0.0,2654881000.0,0.0,186078000.0,373299252.0,922471252.0,17.316756503974993,0.0,0.20891453411190797,2.1797530425513014,0.0,17.316756503974993,0.026881051789997334,10.822150287006435,12.336392994051552,1.3264608758994403,0.4746860541969597,0.0,0.009619628168984384,0.011747413246439574,0.0,0.0025763663596369045,-1637.2774210526316,1.0,0.09523809523809533,0.011310429675958552,0.06824633997402546,0.44046724772169915,0.07120896866556939,0.1125,0.0,0.02195297951202174,0.001246825749277968,0.24297159377830824,Banks—Regional,Financial Services,WASH
2011Q1,2011,Q1,2011-05-05,2011-03-31,6800000.0,32201000.0,0.0,0.42,32201000.0,1.0,2892272000.0,273885000.0,2218080000.0,0.0,2618387000.0,0.0,182136000.0,384521528.0,840101528.0,16.909404094534857,0.0,0.1810663035841719,1.9120908410464246,0.0,16.909404094534857,0.024827938733410007,11.941291512685941,14.136820882352941,1.4039524910090002,0.5020588235294118,0.0,0.00887856661175028,0.0111334618597421,0.0,0.002351092843273385,19.039489403842346,1.0,-0.0454545454545455,-0.07457237009806707,0.06732533060013283,0.41582943915886417,-0.055218143942728046,-0.05699625572042712,0.0,-0.03575085965067888,0.016718981858320534,0.18125035082918578,Banks—Regional,Financial Services,WASH
2010Q4,2010,Q4,2011-03-08,2010-12-31,7211000.0,34083000.0,0.0,0.44,34083000.0,1.0,2909525000.0,268864000.0,2216625000.0,0.0,2640661000.0,0.0,178939000.0,354394736.0,823495736.0,16.59941224409157,0.0,0.19077753241508494,2.06450845036896,0.0,16.59941224409157,0.02682025113068317,10.397991256638207,12.286601580918042,1.3181189597714829,0.47427541256413813,0.0,0.009650256204708415,0.011714283259294902,0.0,0.002478411424545244,20.4592273409537,1.0,0.12820512820512817,-0.03139789017312709,0.11773702602449654,0.4024526452495175,0.016189624329159213,0.13202511773940345,0.0,0.027653625391569302,0.07593555906703472,0.1888533705307385,Banks—Regional,Financial Services,WASH
2010Q3,2010,Q3,2010-11-08,2010-09-30,6370000.0,33540000.0,0.0,0.39,33540000.0,1.0,2909003000.0,267109000.0,2233544000.0,0.0,2641894000.0,0.0,175145000.0,308432368.0,761524368.0,16.558327237561524,0.0,0.18400565417086198,2.0039496984377165,0.0,16.558327237561524,0.023847942225832898,9.19595611210495,12.104881004709577,1.1547060114035845,0.5342229199372056,0.0,0.011033212960320688,0.011529723413829412,0.0,0.002189753671618764,-89.86957109557109,1.0,0.1818181818181818,-0.09586122602615885,0.16777717754047117,0.40366337622569254,0.1052527515982337,0.20234050585126462,0.0,-0.19749081261960436,0.019959243767992862,0.2401363079893125,Banks—Regional,Financial Services,WASH
2010Q2,2010,Q2,2010-08-05,2010-06-30,5298000.0,30346000.0,0.0,0.33,30346000.0,1.0,2929853000.0,265411000.0,2155776000.0,0.0,2664442000.0,0.0,172186000.0,274422384.0,884010384.0,16.480446580480113,0.0,0.22835650798862606,2.5208111193582785,0.0,16.480446580480113,0.019961493683381622,9.043115534172543,12.949338618346546,1.033952564136377,0.6398640996602492,0.0,0.012353219699454255,0.010357516230336471,0.0,0.0018082818489528313,253.39093628808865,1.0,0.03125000000000003,-0.22432298352975488,0.14056893349267544,0.39685100869550305,0.06668072691483004,0.024361948955916472,0.0,-0.30453471051070197,-0.08176032184407035,0.26633045634927655,Banks—Regional,Financial Services,WASH
2010Q1,2010,Q1,2010-05-06,2010-03-31,5172000.0,28449000.0,0.0,0.32,28449000.0,1.0,2896425000.0,259529000.0,2080654000.0,0.0,2636896000.0,0.0,170296000.0,299315528.0,900973528.0,16.16227728753184,0.0,0.2181168164202422,2.434252048903976,0.0,16.16227728753184,0.019928408771274116,10.52112650708285,14.468074632637279,1.153302821649989,0.6513921113689095,0.0,0.011255680660844298,0.0098221082886662,0.0,0.0017856495507392735,21.7162829572662,1.0,0.10344827586206906,-0.2092043438037345,0.13684088440842818,0.43862409466978836,-0.005105787725126771,0.08930075821398484,0.0,-0.27700707149111303,-0.09021131612008419,0.23496715153854275,Banks—Regional,Financial Services,WASH
2009Q4,2009,Q4,2010-03-01,2009-12-31,4748000.0,28595000.0,0.0,0.29,28595000.0,1.0,2884473000.0,254946000.0,2093001000.0,0.0,2629527000.0,0.0,168514000.0,250178966.0,860145966.0,15.876869041020818,0.0,0.22944225860321799,2.595922273736399,0.0,15.876869041020818,0.018623551654075764,8.74904584717608,13.17286046756529,0.9813017893985393,0.7097725358045492,0.0,0.013470357056316237,0.009913422659875824,0.0,0.00164605458258753,-21.069476671719723,1.0,-0.06451612903225812,-0.2856533724383397,0.10747145899136255,0.3887712273211233,0.012929507616011335,-0.03358436800325667,0.0,-0.3606739919539977,-0.06002571956433923,0.23048120414822554,Banks—Regional,Financial Services,WASH
2009Q3,2009,Q3,2009-11-05,2009-09-30,4913000.0,28230000.0,0.0,0.31,28230000.0,1.0,2888065000.0,252146000.0,2057462000.0,0.0,2635919000.0,0.0,167135000.0,280614336.0,927285336.0,15.74259527496129,0.0,0.2390108948378932,2.737616301666495,0.0,15.74259527496129,0.019484742966376624,9.940288204038257,14.27917443517199,1.1129041745655295,0.6849175656421739,0.0,0.011991547003500207,0.009774710749238677,0.0,0.0017011389979103655,59.94751890621662,1.0,0.3478260869565217,-0.23871663025902295,0.11357313149991019,0.4040529661379574,-0.011693040190449517,0.3049136786188579,0.0,-0.37343442357552536,-0.11132370169264408,0.22681217765656472,Banks—Regional,Financial Services,WASH
2009Q2,2009,Q2,2009-08-04,2009-06-30,3765000.0,28564000.0,0.0,0.23,28564000.0,1.0,2919808000.0,242293000.0,2047172000.0,0.0,2677515000.0,0.0,165591000.0,284987588.0,981218588.0,15.158850321579619,0.0,0.2546266740826794,3.0684378005142534,0.0,15.158850321579619,0.015539037446397544,9.977159641506791,18.9234786188579,1.1762105714981448,0.8908366533864542,0.0,0.011768933600013487,0.009782835035728377,0.0,0.0012894683486037437,37.4737130834977,1.0,0.3529411764705882,-0.38268799061572323,0.17996858675626118,0.4460660430413044,0.10464846469177817,0.4101123595505618,0.0,-0.48824504502739396,-0.1005678632254227,0.2609652042135408,Banks—Regional,Financial Services,WASH
2009Q1,2009,Q1,2009-05-07,2009-03-31,2670000.0,25858000.0,0.0,0.17,25858000.0,1.0,2947110000.0,238727000.0,2018915000.0,0.0,2708383000.0,0.0,165191000.0,259068875.0,995849875.0,14.974063364423843,0.0,0.26367085042634986,3.255044465016525,0.0,14.974063364423843,0.011184323515982692,10.018906141232888,24.25738529962547,1.085209779371416,1.2550561797752808,0.0,0.012934784234501347,0.008774019293477339,0.0,0.0009059722914991296,394.9220655487805,1.0,-0.34615384615384615,-0.5537633934575626,0.1256762803421463,0.3674704399578216,0.06354625097684366,-0.3674484719260839,0.0,-0.63083299228213,-0.12923601200036042,0.2537827836306548,Banks—Regional,Financial Services,WASH
2008Q4,2008,Q4,2008-12-31,2008-12-31,4221000.0,24313000.0,0.0,0.26,24313000.0,1.0,2965466000.0,235111000.0,2004055000.0,0.0,2730355000.0,0.0,164679000.0,314868325.0,1150804325.0,14.747251092976724,0.0,0.2999056472068808,3.782723904878972,0.0,14.747251092976724,0.01795322209509551,12.950615925636491,18.648917614309408,1.3392326390513416,0.6690357735133855,0.0,0.00896882847774542,0.008198711433548724,0.0,0.0014233850598860348,85.79518392370572,1.0,-0.40909090909090906,-0.2806072696599586,0.07319875054898978,0.4103223880347288,-0.10725563633693178,-0.30115894039735097,0.0,-0.4239723398499375,-0.18993765659837816,0.24596708614582138,Banks—Regional,Financial Services,WASH
2008Q3,2008,Q3,2008-09-30,2008-09-30,6040000.0,27234000.0,0.0,0.44,27234000.0,1.0,2767882000.0,184762000.0,1922670000.0,0.0,2583120000.0,0.0,163809000.0,356692700.0,1139865700.0,13.778440657742646,0.0,0.2929532400586441,4.388672995529384,0.0,13.778440657742646,0.03269070479860577,13.097330542703974,14.763770695364238,1.930552278065836,0.46672185430463575,0.0,0.00790316146083169,0.009839292281968668,0.0,0.002182173951057162,30.861109188440906,1.0,-0.02222222222222224,0.24806272019191633,0.39115821315089283,0.3305536807983498,-0.03990693083268702,-0.009023789991796555,0.0,0.03131676170709591,0.1406905242225461,0.1680100444506349,Banks—Regional,Financial Services,WASH
2008Q2,2008,Q2,2008-06-30,2008-06-30,6095000.0,28366000.0,0.0,0.45,28366000.0,1.0,2732989000.0,186422000.0,1855259000.0,0.0,2546567000.0,0.0,160593000.0,263607670.0,1127998670.0,13.931739543086891,0.0,0.3310536559056769,4.853322032807287,0.0,13.931739543086891,0.03269463904474794,9.29308573644504,10.812455701394585,1.4140373453776913,0.43937653814602134,0.0,0.010159036723020995,0.010379112393061224,0.0,0.002230158994419663,54.58845930834541,1.0,0.046511627906976785,0.3034833045115218,0.41302837075153154,0.34889239354159335,0.08598774885145483,0.04797111416781293,0.0,0.07399140433626003,0.2831466942990041,0.1808274938795391,Banks—Regional,Financial Services,WASH
2008Q1,2008,Q1,2008-03-31,2008-03-31,5816000.0,26120000.0,0.0,0.43,26120000.0,1.0,2564387000.0,191219000.0,1729548000.0,0.0,2373168000.0,0.0,157065000.0,331548042.0,1001834042.0,14.314835193627836,0.0,0.2744460956946046,3.680523378952928,0.0,14.314835193627836,0.030415387592237175,12.6932634762634,14.251549260660248,1.7338655782113703,0.46028198074277854,0.0,0.008074244636920523,0.010185670103615405,0.0,0.002267988412045452,68.62927799627407,1.0,0.0,0.1970326507985103,0.4216532719212511,0.4269271600957484,-0.00019138755980861245,0.00501123207188526,0.0,0.06897809592249872,0.254713297585966,0.27418101140157786,Banks—Regional,Financial Services,WASH
2007Q4,2007,Q4,2008-02-25,2007-12-31,5787000.0,26125000.0,0.0,0.43,26125000.0,1.0,2539940000.0,186513000.0,1700108000.0,0.0,2353427000.0,0.0,154647000.0,337024863.0,975892863.0,13.962539582725087,0.0,0.2644385300440168,3.601132360746972,0.0,13.962539582725087,0.031027327853822523,12.900473224880383,14.559567262830482,1.8069778674944912,0.46241575946086055,0.0,0.007940067021108766,0.010285676039591487,0.0,0.0022784002771719016,36.42330735977521,1.0,-0.10416666666666664,0.2634108477803508,0.4548917247505837,0.4165597934500333,-0.03810751104565538,-0.11729713239780354,0.0,0.04662335210709158,0.21629071249428458,0.2213222382020817,Banks—Regional,Financial Services,WASH
2007Q3,2007,Q3,2007-11-09,2007-09-30,6556000.0,27160000.0,0.0,0.48,27160000.0,1.0,2431762000.0,177897000.0,1653509000.0,0.0,2253865000.0,0.0,151537000.0,375725520.0,905553520.0,13.352021976042511,0.0,0.23084043586502298,3.155471986598987,0.0,13.352021976042511,0.03685278560065656,13.833782032400588,14.327544234289201,2.112039663400732,0.40680292861500916,0.0,0.0070982668411770375,0.01116885616273303,0.0,0.002695987518515381,35.32250822600357,1.0,0.04347826086956513,0.4216267766846432,0.47867821619650436,0.38840361600163126,-0.007817637173960692,0.038985736925515053,0.0,0.22121657529291344,0.2879286312632738,0.19084215353098924,Banks—Regional,Financial Services,WASH
2007Q2,2007,Q2,2007-08-08,2007-06-30,6310000.0,27374000.0,0.0,0.46,27374000.0,1.0,2396300000.0,173606000.0,1631591000.0,0.0,2222694000.0,0.0,148485000.0,336291316.0,818431316.0,13.014333263366218,0.0,0.21661811960105162,2.990000345610175,0.0,13.014333263366218,0.03634667004596615,12.2850630525316,13.32374469096672,1.9370950082370424,0.4248811410459588,0.0,0.007972254626997266,0.01142344447690189,0.0,0.0026332262237616327,185.38661300992283,1.0,0.0454545454545455,0.5258957132717207,0.5303569827782457,0.3845042534990606,0.048089440232789646,0.05606694560669456,0.0,0.2396551818146958,0.3549444163820941,0.2414916042930972,Banks—Regional,Financial Services,WASH
2007Q1,2007,Q1,2007-05-09,2007-03-31,5975000.0,26118000.0,0.0,0.44,26118000.0,1.0,2399962000.0,175527000.0,1611264000.0,0.0,2224435000.0,0.0,144841000.0,359578401.0,835138401.0,13.087212293376876,0.0,0.2106775023937879,2.880571080232671,0.0,13.087212293376876,0.034040347069111875,13.767455433034689,15.045121380753137,2.04856461399101,0.4277824267782427,0.0,0.007108324618196409,0.010882672308978226,0.0,0.0024896227523602456,86.70807836990596,1.0,-0.02222222222222224,0.4370749533708144,0.6095616084301452,0.593938731271376,0.02790349876028179,-0.036756408189585685,0.0,0.18701698575403436,0.35152347168462045,0.19515828917651212,Banks—Regional,Financial Services,WASH
