Quarters,Year,Quarter,FillingDate,Date,NetIncome,Revenue,OperatingIncome,EPSDiluted,GrossProfit,GrossProfitRatio,TotalAssets,CommonStockEquity,CurrentAssets,CurrentLiability,TotalLiability,Inventory,RetainedEarnings,MarketCap,EnterpriseValue,bookValuePerShare,currentRatio,debtToAssets,debtToEquity,roic,shareholdersEquityPerShare,roe,priceToSalesRatio,peRatio,pbRatio,payoutRatio,inventoryTurnover,dividendYield,assetTurnover,quickRatio,returnOnAssets,priceToFreeCashFlowsRatio,grossProfitMargin,epsdilutedGrowth,fiveYNetIncomeGrowthPerShare,fiveYRevenueGrowthPerShare,fiveYShareholdersEquityGrowthPerShare,grossProfitGrowth,netIncomeGrowth,operatingIncomeGrowth,threeYNetIncomeGrowthPerShare,threeYRevenueGrowthPerShare,threeYShareholdersEquityGrowthPerShare,Industry,Sector,Symbol
2023Q1,2023,Q1,2023-05-15,2023-03-31,1293000.0,0.0,-197000.0,0.0517,0.0,0.0,209788000.0,204023000.0,662000.0,40000.0,5765000.0,0.0,-5104000.0,261500000.00000003,261001000.00000003,8.16092,16.55,0.0,0.0,-0.0022782693277997746,8.16092,0.00633752076971714,0.0,50.56071152358856,1.2817182376496767,0.0,0.0,0.0,0.0,12.475,0.006163364920777166,-1067.3469387755104,0.0,-0.999999993989071,0.0,0.0,0.0,0.0,-0.8496686431810254,-0.08839779005524862,0.0,0.0,0.0,Shell Companies,Financial Services,GTAC
2022Q4,2022,Q4,2023-03-31,2022-12-31,8601000.0,0.0,-181000.0,8601000.0,0.0,0.0,207857000.0,203475000.0,911000.0,92000.0,4382000.0,0.0,-3472000.0,205600000.0,204856000.0,10.17375,9.902173913043478,0.0,0.0,-0.001817332400608314,10.17375,0.04227054920751935,0.0,5.976049296593419,1.010443543432854,0.0,0.0,0.0,0.0,8.08695652173913,0.04137940988275593,-3370.4918032786886,0.0,169980236.15415022,0.0,0.0,0.0,0.0,5.793838862559242,-0.09036144578313253,0.0,0.0,0.0,Shell Companies,Financial Services,GTAC
2022Q3,2022,Q3,2022-11-08,2022-09-30,1266000.0,0.0,-166000.0,0.0506,0.0,0.0,206369000.0,195941000.0,1149000.0,148000.0,10428000.0,0.0,-9280000.0,252250000.0,251338000.0,7.83764,7.763513513513513,0.0,0.0,-0.0019500860880663985,7.83764,0.006461128605039272,0.0,49.81240126382307,1.2873773227655263,0.0,0.0,0.0,0.0,6.162162162162162,0.006134642315464047,-2547.979797979798,0.0,-0.8511764705882354,35.21621621621622,0.0,2969.8030303030305,0.0,-0.8524991261796575,0.005988023952095809,35.21621621621622,0.0,2969.8030303030305,Shell Companies,Financial Services,GTAC
2022Q2,2022,Q2,2022-08-15,2022-06-30,8583000.0,0.0,-167000.0,0.34,0.0,0.0,205625000.0,195391000.0,1325000.0,159000.0,10234000.0,0.0,-8910000.0,249000000.00000003,247989000.00000003,7.81564,8.333333333333334,0.0,0.0,-0.0017433127117852977,7.81564,0.043927304737679834,0.0,7.252708843061867,1.274367806091376,0.0,0.0,0.0,0.0,6.3584905660377355,0.04174103343465046,-2964.2857142857147,0.0,0.09677419354838718,176.16326530612247,0.0,6738.620689655172,0.0,0.12122795558458524,0.045714285714285714,176.16326530612247,0.0,6738.620689655172,Shell Companies,Financial Services,GTAC
2022Q1,2022,Q1,2022-05-16,2022-03-31,7655000.0,0.0,-175000.0,0.31,0.0,0.0,205511000.0,191183000.0,1487000.0,153000.0,14328000.0,0.0,-12818000.0,248749999.99999997,247654999.99999997,7.64732,9.718954248366012,0.0,0.0,-0.0018735374100929307,7.64732,0.04004017093570035,0.0,8.123775310254734,1.301109408263287,0.0,0.0,0.0,0.0,7.1568627450980395,0.03724861442939794,-1076.8398268398266,0.0,0.0,0.0,0.0,0.0,0.0,0.0,0.0,0.0,0.0,0.0,Shell Companies,Financial Services,GTAC
2021Q3,2021,Q3,2021-12-06,2021-09-30,-37000.0,0.0,-37000.0,-0.0015,0.0,0.0,1332000.0,-66000.0,839000.0,1398000.0,1398000.0,0.0,-91000.0,244250000.0,243611000.0,-0.00264,0.600143061516452,0.15015015015015015,-3.0303030303030303,-0.27611940298507465,-0.00264,0.5606060606060606,0.0,-1650.3378378378377,-3700.7575757575755,,0.0,,0.0,0.600143061516452,-0.027777777777777776,0.0,0.0,0.25,0.0,0.0,0.0,0.0,0.24489795918367346,0.24489795918367346,0.0,0.0,0.0,Shell Companies,Financial Services,GTAC
2021Q2,2021,Q2,2021-06-30,2021-06-30,-49000.0,0.0,-49000.0,-0.002,0.0,0.0,426000.0,-29000.0,61000.0,455000.0,455000.0,0.0,-54000.0,244250000.0,244359000.0,-0.00116,0.13406593406593406,0.39906103286384975,-5.862068965517241,-0.3475177304964539,-0.00116,1.6896551724137931,0.0,-1246.1734693877552,-8422.413793103447,,0.0,,0.0,0.13406593406593406,-0.11502347417840375,0.0,0.0,0.0,0.0,0.0,0.0,0.0,0.0,0.0,0.0,0.0,0.0,Shell Companies,Financial Services,GTAC
2021Q4,2021,Q4,2022-03-16,2021-12-31,,,,,,,205739000.0,187443000.0,1735000.0,226000.0,18296000.0,0.0,-16558000.0,0.0,-1326000.0,0.0,7.676991150442478,0.0,0.0,,0.0,,0.0,0.0,0.0,0.0,0.0,,,5.867256637168142,,0.0,0.0,0.0,0.0,0.0,0.0,0.0,0.0,0.0,0.0,0.0,0.0,Shell Companies,Financial Services,GTAC
2021Q1,2021,Q1,2021-03-31,2021-03-31,,,,,,,355000.0,20000.0,35000.0,335000.0,335000.0,0.0,-5000.0,0.0,25000.0,0.0,0.1044776119402985,0.16901408450704225,3.0,,0.0,,0.0,0.0,0.0,0.0,0.0,,,0.1044776119402985,,0.0,0.0,0.0,0.0,0.0,0.0,0.0,0.0,0.0,0.0,0.0,0.0,Shell Companies,Financial Services,GTAC
