Quarters,Year,Quarter,FillingDate,Date,NetIncome,Revenue,OperatingIncome,EPSDiluted,GrossProfit,GrossProfitRatio,TotalAssets,CommonStockEquity,CurrentAssets,CurrentLiability,TotalLiability,Inventory,RetainedEarnings,MarketCap,EnterpriseValue,bookValuePerShare,currentRatio,debtToAssets,debtToEquity,roic,shareholdersEquityPerShare,roe,priceToSalesRatio,peRatio,pbRatio,payoutRatio,inventoryTurnover,dividendYield,assetTurnover,quickRatio,returnOnAssets,priceToFreeCashFlowsRatio,grossProfitMargin,epsdilutedGrowth,fiveYNetIncomeGrowthPerShare,fiveYRevenueGrowthPerShare,fiveYShareholdersEquityGrowthPerShare,grossProfitGrowth,netIncomeGrowth,operatingIncomeGrowth,threeYNetIncomeGrowthPerShare,threeYRevenueGrowthPerShare,threeYShareholdersEquityGrowthPerShare,Industry,Sector,Symbol
2023Q1,2023,Q1,2023-05-04,2023-03-31,-15463000.0,6687000.0,-17413000.0,-0.0957,6687000.0,1.0,191224000.0,143915000.0,152854000.0,25154000.0,47309000.0,-3462000.0,-1220142000.0,489779514.11999995,451322514.11999995,0.8903239874854405,6.076727359465691,0.011070786093795758,0.014710071917451273,-0.11123543532433307,0.8903239874854405,-0.10744536705694334,73.24353433826828,-7.9185719802108245,3.403255491922315,0.0,0.0,0.0,0.034969459900430905,6.076727359465691,-0.08086328075973727,-17.863429649135604,1.0,0.36200000000000004,0.697730823246855,0.5865342808461455,-0.7890357434143026,0.07077662129703763,0.3250840207760464,0.2282155837248471,0.5328841916056606,0.8779284981990669,-0.1774008931031761,Biotechnology,Healthcare,ABUS
2022Q4,2022,Q4,2023-03-02,2022-12-31,-22911000.0,6245000.0,-22562000.0,-0.15,6245000.0,1.0,195419000.0,136852000.0,151139000.0,32857000.0,58567000.0,-2874000.0,-1203803000.0,351688655.21000004,323099655.21000004,0.9066688824795884,4.59990260827221,0.011191337587440321,0.01598076754450063,-0.1668893965863602,0.9066688824795884,-0.16741443311022125,56.31523702321858,-3.837552433438087,2.5698466606991497,0.0,0.0,0.0,0.031956974500944126,4.59990260827221,-0.11724039115950854,-20.53776309331932,1.0,-0.3636363636363636,0.7673501012961805,-0.10080484353921161,-0.7263593186069385,0.049227150537634407,-0.32257692085666456,-0.26674526977710405,0.583286494470215,0.7307520224169984,-0.15640325963885518,Biotechnology,Healthcare,ABUS
2022Q3,2022,Q3,2022-11-09,2022-09-30,-17323000.0,5952000.0,-17811000.0,-0.11,5952000.0,1.0,203801000.0,145517000.0,141136000.0,27506000.0,58284000.0,0.0,-1181871000.0,288400814.81,266711814.81,0.963719433952039,5.131098669381226,0.011359119925809982,0.015908794161506902,-0.11697610287384293,0.963719433952039,-0.11904451026340565,48.45443797211021,-4.1621083936096515,1.9819046215218838,0.0,0.0,0.0,0.029204959740138665,4.964480476986839,-0.0849995829264822,-15.354353128360751,1.0,-0.14583333333333331,0.4572583170882986,-0.686132957927529,-0.6840563074473075,-0.5820518222034969,-0.2135201401050788,-0.2623857112481395,0.9209463308581405,-0.2679036187839901,-0.3449356674687512,Biotechnology,Healthcare,ABUS
2022Q2,2022,Q2,2022-08-04,2022-06-30,-14275000.0,14241000.0,-14109000.0,-0.096,14241000.0,1.0,215836000.0,153142000.0,157791000.0,29824000.0,62694000.0,0.0,-1164304000.0,403112630.08,358257630.08,1.0295257182034656,5.290739002145923,0.011420708315572936,0.01609617218006817,-0.08977880070905711,1.0295257182034656,-0.0932141411239242,28.306483398637734,-7.059765850788091,2.632280041268888,0.0,0.0,0.0,0.06598065197650067,5.102233100858369,-0.06613817898774996,-19.65923580004877,1.0,0.12727272727272726,0.7127162954795756,4.0354890004066135,-0.6799434323840193,0.1319449964231778,0.09451316206787187,-0.2856752323674139,0.766183796803627,7.328393029794987,-0.6444079102304332,Biotechnology,Healthcare,ABUS
2022Q1,2022,Q1,2022-05-05,2022-03-31,-15765000.0,12581000.0,-10974000.0,-0.11,12581000.0,1.0,236877000.0,165845000.0,172698000.0,32409000.0,71032000.0,0.0,-1150112000.0,442316411.48,363525411.48,1.117340634832734,5.328704989354809,0.010718643008818923,0.015309475715276312,-0.08940743460281063,1.117340634832734,-0.09505863909071724,35.15749236785629,-7.01421521535046,2.6670470106424675,0.0,0.0,0.0,0.05311195261675891,5.146409947853991,-0.06655352778024037,21.530199156931467,1.0,0.5,0.6903338076463451,18.587997216431983,-0.6791085241413667,2.9242046163443542,0.2795119053059732,0.47141274505081643,0.7453735843101087,5.958193562963242,-0.6563045865062254,Biotechnology,Healthcare,ABUS
2021Q4,2021,Q4,2022-03-03,2021-12-31,-21881000.0,3206000.0,-20761000.0,-0.22,3206000.0,1.0,204485000.0,169439000.0,160661000.0,11221000.0,35046000.0,0.0,-1134347000.0,394003905.39,287335905.39,1.6728710070718216,14.317886106407629,0.012783333740861188,0.015427380945354965,-0.12198235211371637,1.6728710070718216,-0.12913791984135883,122.89579082657517,-4.501667032928111,2.3253436658030324,0.0,0.0,0.0,0.015678411619434188,13.92175385438018,-0.10700540381935106,-20.03681374033767,1.0,0.0833333333333333,0.9463540537759235,-0.9988457873130576,-0.5524771212866841,0.0,-0.14213383442948116,-0.12782485875706215,0.3401502191165286,0.05144980158968983,-0.53431469005476,Biotechnology,Healthcare,ABUS
2021Q3,2021,Q3,2021-11-04,2021-09-30,-19158000.0,3340000.0,-18408000.0,-0.24,0.0,0.0,165596000.0,130140000.0,126536000.0,10113000.0,35456000.0,0.0,-1112452000.0,434518445.79,359376445.79,1.284872035719798,12.512212004350836,0.01655233218193676,0.021061933302597202,-0.1357301912669036,1.284872035719798,-0.14721069617335178,130.0953430508982,-5.670195816238647,3.3388538941908714,0.0,0.0,0.0,0.020169569313268437,12.169484821516859,-0.11569120027053793,-27.062683469730942,0.0,-0.04347826086956513,0.4821071104095948,1.285812237369626,-0.8345371414232395,0.0,0.01181203899520297,0.012552301255230125,0.5716583150495139,0.15158744670309485,-0.669211320250042,Biotechnology,Healthcare,ABUS
2021Q2,2021,Q2,2021-08-05,2021-06-30,-19387000.0,2329000.0,-18642000.0,-0.23,0.0,0.0,135376000.0,100829000.0,83466000.0,8841000.0,34547000.0,0.0,-1088207000.0,293515509.15,265393509.14999998,1.0408713014339195,9.440787241262301,0.020919513059921995,0.028087157464618314,-0.17505375940202642,1.0408713014339195,-0.19227603169722995,126.02641011163588,-3.784952663511631,2.9110227132075095,0.0,0.0,0.0,0.01720393570499941,9.012215812690872,-0.14320854508923295,-20.04750421077795,0.0,-0.09523809523809533,0.9188437880154232,3.101715359351554,-0.87278557896663,0.0,-0.1835052805079055,-0.18920643021178873,-4.574794702354625,0.06705943103775817,-0.7586114644324794,Biotechnology,Healthcare,ABUS
2021Q1,2021,Q1,2021-05-05,2021-03-31,-16381000.0,2113000.0,-15676000.0,-0.21,0.0,0.0,146240000.0,114149000.0,137341000.0,6693000.0,32091000.0,0.0,-1065554000.0,311136478.74,234624478.74,1.221702358846976,20.520095622291947,0.01989195842450766,0.025484235516736897,-0.13066926738186335,1.221702358846976,-0.1435054183567092,147.24868847136773,-4.748435363225688,2.7257048133579795,0.0,0.0,0.0,0.014448851203501095,19.90527416704019,-0.11201449671772429,-17.304587249165742,0.0,-0.15131578947368413,0.4323056754639459,0.9277144507949932,-0.8832953391979612,1.0,0.03878652740288698,0.03834120606097786,0.4460229077924291,-0.13270084533863635,-0.7105148984797403,Biotechnology,Healthcare,ABUS
2020Q4,2020,Q4,2021-03-04,2020-12-31,-17042000.0,2386000.0,-16301000.0,-0.1824,-12149000.0,-5.091785414920369,137080000.0,101966000.0,127704000.0,9541000.0,35114000.0,0.0,-1045961000.0,331692041.9,282424041.9,1.091311380057563,13.384760507284351,0.02176101546542165,0.02925484965576761,-0.1510302783233888,1.091311380057563,-0.16713414275346683,139.01594379715004,-4.865802750557446,3.2529670860875193,0.0,0.0,0.0,0.017405894368252114,13.057331516612514,-0.12432156405018967,-21.872208499835146,-5.091785414920369,0.3244444444444445,-0.7810052450023796,-0.8965319533165932,-0.8975788112727016,-0.15243786757730982,0.09133564382831245,-0.07123611750016429,0.7204399415252855,-0.4450067581750267,-0.670632581065032,Biotechnology,Healthcare,ABUS
2020Q3,2020,Q3,2020-11-05,2020-09-30,-18755000.0,1523000.0,-15217000.0,-0.27,-10542000.0,-6.921864740643467,131104000.0,97345000.0,121242000.0,7608000.0,33759000.0,0.0,-1025796000.0,248795699.72,154988699.72,1.2246588278772683,15.936119873817034,0.023729253112033194,0.031958498125224714,-0.1469290411038265,1.2246588278772683,-0.19266526272535825,163.35896239001968,-3.316391625166622,2.5558138550516203,0.0,0.0,0.0,0.011616731754942641,15.690194532071503,-0.14305436905052477,-20.41819447845712,-6.921864740643467,-0.08000000000000007,0.5867796374673765,-0.7607607945274794,-0.8877598582130393,-0.17774550329572114,-0.33136934762547027,-0.1579788448367704,-0.11622494521988866,-0.8474376818361247,-0.598510501536641,Biotechnology,Healthcare,ABUS
2020Q2,2020,Q2,2020-08-07,2020-06-30,-14087000.0,1514000.0,-13141000.0,-0.25,-8951000.0,-5.91215323645971,97625000.0,65511000.0,85536000.0,6327000.0,32114000.0,0.0,-1004014000.0,126680601.32000001,84012601.32000001,0.9411860913007545,13.519203413940255,0.033096030729833546,0.049319961533177636,-0.1825823572728662,0.9411860913007545,-0.2150325899467265,83.67278819022458,-2.24818274508412,1.9337302333959183,0.0,0.0,0.0,0.015508322663252241,13.196775723091513,-0.14429705505761845,-14.286748767339574,-5.91215323645971,0.0,0.24971843688306342,-0.6510596380772085,-0.9117426672718331,-0.0029131652661064425,-0.016304739917754853,0.0004563778808853731,0.39414070326337064,0.1440511096796685,-0.7074062507197244,Biotechnology,Healthcare,ABUS
2020Q1,2020,Q1,2020-05-11,2020-03-31,-13861000.0,1491000.0,-13147000.0,-0.25,-8925000.0,-5.985915492957746,102614000.0,73256000.0,88333000.0,4031000.0,29358000.0,0.0,-986932000.0,68360421.86,45239421.86,1.0823303599782672,21.913420987348054,0.03211062817939073,0.04497925084634706,-0.16465445983518273,1.0823303599782672,-0.18921317025226603,45.848706814218644,-1.2329633839549816,0.9331716427323359,0.0,0.0,0.0,0.014530181066910949,21.325477548995288,-0.1350790340499347,-4.423763790849673,-5.985915492957746,0.3136582017844887,0.4839970662478745,-0.8578696578232053,-0.94492895679545,0.1736111111111111,0.43777885941429384,-0.004584702376404065,0.40292647892386735,4.0907989259114945,-0.6891632007708872,Biotechnology,Healthcare,ABUS
2019Q4,2019,Q4,2020-03-05,2019-12-31,-24654000.0,1618000.0,-13087000.0,-0.36425,-10800000.0,-6.6749072929542645,105535000.0,72744000.0,93828000.0,7828000.0,32791000.0,0.0,-970093000.0,188160369.07999998,159719369.07999998,1.0747657489660787,11.986203372508943,0.03181882787700763,0.0461618827669636,-0.1646992197331991,1.0747657489660787,-0.3389145496535797,116.29194627935722,-1.9080105569076011,2.5866101545144615,0.0,0.0,0.0,0.01533140664234614,11.757537046499744,-0.2336097029421519,-14.027163342776202,-6.6749072929542645,0.7571666666666667,-0.7839537633406346,-0.8339916902129874,-0.6312072481068988,0.26380368098159507,0.7011745027453548,0.8568177591054802,0.9095466407380192,-0.9991282972664536,-0.7124809624373373,Biotechnology,Healthcare,ABUS
2019Q3,2019,Q3,2019-11-06,2019-09-30,-82503000.0,3061000.0,-91401000.0,-1.5,-14670000.0,-4.792551453773276,117277000.0,83637000.0,94341000.0,8817000.0,33640000.0,0.0,-942559000.0,86696512.3,86512.29999999702,1.4711828840201222,10.699897924464103,0.029605122914126383,0.041512727620550714,-0.8748502246023525,1.4711828840201222,-0.9864414075110298,28.322937700098006,-0.2627071509520866,1.0365808469935553,0.0,0.0,0.0,0.02610059943552444,10.499035953272088,-0.7034883225184819,-3.654226018967334,-4.792551453773276,-2.260869565217391,-2.737601416443549,-0.7264722991800818,-0.6586209131775396,-0.2137006701414743,-2.5386232039459578,-3.455325371679259,-2.97354982036826,2.73230011779832,-0.8105444599058439,Biotechnology,Healthcare,ABUS
2019Q2,2019,Q2,2019-08-05,2019-06-30,-23315000.0,653000.0,-20515000.0,-0.46,-12087000.0,-18.509954058192957,192570000.0,164466000.0,99583000.0,8799000.0,28104000.0,0.0,-857264000.0,128380617.57999998,53147617.57999998,2.8952435889972294,11.31753608364587,0.018897024458638417,0.02212615373390245,-0.11945104341345258,2.8952435889972294,-0.1417618231123758,196.6012520367534,-1.3765882219601115,0.780590624080357,0.0,0.0,0.0,0.003390974710494885,11.00272758267985,-0.12107285662356546,-7.194206644998598,-18.509954058192957,0.021276595744680753,-0.48916418118882476,-0.8599520048169084,-0.39246728402931336,0.13867312762773462,-0.0027525697819448624,-0.07571705731214934,0.8335652601685838,0.9611310501647864,-0.6461457469165878,Biotechnology,Healthcare,ABUS
2019Q1,2019,Q1,2019-05-06,2019-03-31,-23251000.0,679000.0,-19071000.0,-0.47,-14033000.0,-20.66715758468336,209216000.0,181209000.0,112486000.0,8823000.0,28007000.0,0.0,-831187000.0,215156867.06,135058867.06,3.250961726473468,12.749178284030375,0.018502408993576018,0.021362073627689573,-0.10093092918269816,3.250961726473468,-0.12831040400863092,316.8731473637703,-2.313415197840953,1.187340954698718,0.0,0.0,0.0,0.0032454496788008567,12.67188031281877,-0.1111339476904252,-12.952673954608391,-20.66715758468336,-0.4355966889642321,0.5407132188000687,-0.9455504052377018,-0.38972455696633523,-0.49525839104954716,-0.2740972108060716,-0.12826125539844999,-0.35068653355801926,0.038369138414867145,-0.689447775212147,Biotechnology,Healthcare,ABUS
2018Q4,2018,Q4,2019-03-07,2018-12-31,-18249000.0,1678000.0,-16903000.0,-0.32739,-9385000.0,-5.5929678188319425,227905000.0,200234000.0,129229000.0,11239000.0,27671000.0,0.0,-805221000.0,213484663.43,176542663.43,3.5922778136775126,11.498264970193077,0.0,0.0,-0.08441623300738137,3.5922778136775126,-0.0911383681093121,127.22566354588797,-2.924607696723108,1.0661758913571122,0.0,0.0,0.0,0.00736271692152432,11.249844292196814,-0.08007283736644655,-12.338727513004278,-5.5929678188319425,0.3318571428571428,-1.4785041424754553,-0.9209291090689677,0.20169352355703588,0.3734561719740971,0.2543210885465615,0.47872077962129156,-2.196851775412994,-0.8780261985834733,-0.6628594087453349,Biotechnology,Healthcare,ABUS
2018Q3,2018,Q3,2018-11-07,2018-09-30,-24473000.0,1587000.0,-32426000.0,-0.49,-14979000.0,-9.438563327032137,245418000.0,215272000.0,144025000.0,12668000.0,30146000.0,0.0,-784325000.0,535371728.64,514094728.64,3.884268460126957,11.369197979160088,0.0,0.0,-0.12819753392712996,3.884268460126957,-0.11368408339217362,337.3482852173913,-5.469003888366772,2.48695477646884,0.0,0.0,0.0,0.006466518348287412,11.280233659614778,-0.09971966196448508,-39.83124236589539,-9.438563327032137,-50.0,-0.08678288142770023,-0.8595193063122833,0.8892464404705006,0.008800952885124405,-8.917502426399224,-0.47083371133085367,0.22665713880815172,-0.6424559134505222,-0.6440062874825733,Biotechnology,Healthcare,ABUS
2018Q2,2018,Q2,2018-08-03,2018-06-30,3091000.0,1244000.0,-22046000.0,0.01,-15112000.0,-12.14790996784566,277014000.0,238072000.0,157769000.0,11541000.0,38942000.0,0.0,-757285000.0,403042446.2,393538446.2,4.312016305939143,13.670305866042805,0.0,0.0,-0.09260223797842669,4.312016305939143,0.012983467186397393,323.9891046623794,32.598062617275964,1.69294350532612,0.0,0.0,0.0,0.004490747760041009,13.563209427259336,0.011158280808912185,-22.33293324098188,-12.14790996784566,1.027777777777778,1.2733036872447745,-0.8833878418275983,0.8262415825162845,-0.20770398785263325,1.1773480979975903,-0.197826677533279,1.2075465732678947,-0.6385431041034029,-0.5956516342941334,Biotechnology,Healthcare,ABUS
2018Q1,2018,Q1,2018-05-04,2018-03-31,-17429000.0,1436000.0,-18405000.0,-0.36,-12513000.0,-8.713788300835654,270026000.0,232418000.0,175186000.0,10396000.0,37608000.0,0.0,-757835000.0,275359820.0,263591820.0,4.220259876695155,16.851288957291267,0.0,0.0,-0.07918921942362468,4.220259876695155,-0.0749898889070554,191.75474930362117,-3.949736358941993,1.18476116307687,0.0,0.0,0.0,0.0053180064141971515,16.71113889957676,-0.06454563634612963,-13.621559238189464,-8.713788300835654,0.4482251241493471,-0.7612801460196538,-0.8266510099988843,0.5986314029580071,0.1815149136577708,0.5149313962873285,0.6945177513319724,0.20258780560242162,-0.8317649840567983,-0.7852650885552409,Biotechnology,Healthcare,ABUS
2017Q4,2017,Q4,2018-03-16,2017-12-31,-35931000.0,2534000.0,-60249000.0,-0.65244,-15288000.0,-6.033149171270718,237161000.0,182473000.0,129366000.0,14627000.0,54688000.0,0.0,-738070000.0,278113418.2,235822418.2,3.3133555941458708,8.844328980652218,0.05060275509042381,0.06576863426369929,-0.18475378348522456,3.3133555941458708,-0.19691132386709267,109.75273014996053,-1.9350520316718156,1.524134629232818,0.0,0.0,0.0,0.010684724722867588,8.69775073494223,-0.15150467403999815,-26.411530693257358,-6.033149171270718,-2.106857142857143,-1.242434285940857,-0.8256338427955302,0.16139024274145972,-0.7684210526315789,-2.0975,-3.671551523610142,-2.1953490225720182,-0.6804706788760055,0.13693754079990084,Biotechnology,Healthcare,ABUS
2017Q3,2017,Q3,2017-11-02,2017-09-30,-11600000.0,6892000.0,-12897000.0,-0.21,-8645000.0,-1.2543528728961115,239845000.0,167391000.0,90813000.0,8235000.0,72454000.0,0.0,-699631000.0,340238038.6,337014038.6,3.050288569351046,11.027686703096538,0.0500364818945569,0.07169441606776947,-0.07189283803068142,3.050288569351046,-0.06929882729656911,49.36709788160186,-7.3327163491379315,2.032594575574553,0.0,0.0,0.0,0.028735224832704454,10.845537340619307,-0.048364568784006336,-20.979038019484523,-1.2543528728961115,0.3636363636363637,0.1517421976145605,-0.4319427874002846,135.03578044776566,0.3999028182701652,0.36455765543686663,0.33810623556581987,0.4555953318814023,-0.361995325758476,-0.2921989932994578,Biotechnology,Healthcare,ABUS
2017Q2,2017,Q2,2017-08-03,2017-06-30,-18255000.0,1039000.0,-19485000.0,-0.33,-14406000.0,-13.865255052935515,255075000.0,175786000.0,105922000.0,11881000.0,79289000.0,0.0,-688031000.0,196732598.4,184521598.4,3.216699241237694,8.915242824678057,0.04704890718416152,0.06827051073464326,-0.10376117622625634,3.216699241237694,-0.10384786046670383,189.34802540904715,-2.6942289564502877,1.1191596509392103,0.0,0.0,0.0,0.004073311771047731,8.78200488174396,-0.07156718612172891,-23.99470647639956,-13.865255052935515,0.029411764705882377,-1.4730257998265066,-0.9252141220881434,11.722009460984776,-0.05639070176725086,0.019971009824448382,-0.06481228482430734,-0.21200997238202857,-0.7683691202928976,-0.3250136071739512,Biotechnology,Healthcare,ABUS
2017Q1,2017,Q1,2017-05-04,2017-03-31,-18627000.0,235000.0,-18299000.0,-0.34,-13637000.0,-58.02978723404255,268140000.0,189098000.0,120268000.0,10871000.0,79042000.0,0.0,-669776000.0,176499258.0,158649258.0,3.4819891424132785,11.063195658173122,0.04475647050048482,0.06346444700631419,-0.0909949825707736,3.4819891424132785,-0.09850447915895462,751.0606723404255,-2.368863182477049,0.9333745359549017,0.0,0.0,0.0,0.0008764078466472738,10.918314782448716,-0.06946744238084583,-8.421569710850273,-58.02978723404255,0.9155694838315562,-0.38399252543857526,-0.984519196232987,7.262265610531811,0.2140510633392888,0.9148265849699353,0.9289190837441103,0.6223464176640671,-0.9806580113528323,-0.3463557416808559,Biotechnology,Healthcare,ABUS
2016Q4,2016,Q4,2017-03-22,2016-12-31,-218695000.0,1489314000.0,-257439000.0,-4.02698,-17351000.0,-88.97948717948718,275919000.0,203005000.0,132564000.0,10585000.0,72914000.0,0.0,-651149000.0,133053286.80000001,121641286.80000001,3.738068122643326,12.523760037789325,0.04349464879185558,0.059116770522893526,-1.011679542474031,3.738068122643326,-1.0772887367306223,0.08933863966900198,-0.15209914126980498,0.6554187670254428,0.0,0.0,0.0,5.397649310123623,12.39990552668871,-0.7926058009778232,-7.637522920613054,-0.011650330286292884,-9.88372972972973,-25.69644095310813,89.74863129549699,8.176223156263186,-0.1595161721464849,-10.16075529471804,-12.567272727272726,-29.485815433286398,71.03098139667898,0.25046349046063815,Biotechnology,Healthcare,ABUS
2016Q3,2016,Q3,2016-11-03,2016-09-30,-19595000.0,774000.0,-18975000.0,-0.37,-14964000.0,-19.333333333333332,514730000.0,416625000.0,151812000.0,8392000.0,98105000.0,0.0,-432454000.0,184562904.07999998,157932904.07999998,7.765319944135547,18.09008579599619,0.0,0.0,-0.04554455445544554,7.765319944135547,-0.047032703270327034,238.45336444444442,-2.3547193682061747,0.4429952693189319,0.0,0.0,0.0,0.001503700969440289,17.91622974261201,-0.03806850193305228,-12.403420973118278,-19.333333333333332,0.8502024291497975,-2.1311874342348425,-0.9563204926099796,13.173000278321192,-0.0038910505836575876,0.8492692307692308,0.9028159059247726,0.10113766772458546,-0.9292261189654496,2.7769281948892797,Biotechnology,Healthcare,ABUS
2016Q2,2016,Q2,2016-08-04,2016-06-30,-130000000.0,309000.0,-195248000.0,-2.47,-14906000.0,-48.23948220064725,530861000.0,431324000.0,168085000.0,10084000.0,99537000.0,0.0,-412859000.0,183451885.32,140481885.32,8.18202286327967,16.66848472828243,0.0,0.0,-0.30199149286429544,8.18202286327967,-0.3013975572887203,593.6954217475728,-0.3527920871538462,0.4253226931958342,0.0,0.0,0.0,0.0005820732734180887,16.465886552955176,-0.24488519593641273,-10.330661410068702,-48.23948220064725,-6.967741935483872,-6.179499436513889,-0.9863254135158172,9.31135380890592,-0.18858145283470218,-7.1894922514804085,-8.773639685638484,-11.038567959311338,-0.9696633987856242,2.4652815114450015,Biotechnology,Healthcare,ABUS
2016Q1,2016,Q1,2016-05-04,2016-03-31,-15874000.0,603000.0,-19977000.0,-0.31,-12541000.0,-20.797678275290217,703254000.0,538077000.0,174757000.0,11112000.0,165177000.0,0.0,-282859000.0,212284003.04999998,67512003.04999998,10.468325347513744,15.72687185025198,0.0,0.0,-0.03712665659375888,10.468325347513744,-0.02950135389544619,352.0464395522388,-3.343265765560035,0.3945234660652657,0.0,0.0,0.0,0.0008574426878482028,15.594672426205904,-0.02257221430663743,-17.956691173236337,-20.797678275290217,-2.027048139830095,-0.0020237318485771057,-0.972853663067649,12.62059815049259,-4.65419296663661,-2.0155775075987843,-0.6990134376594659,-0.7187222272343268,-0.9220084528456141,2.9653941050715047,Biotechnology,Healthcare,ABUS
2015Q4,2015,Q4,2016-03-09,2015-12-31,-5264000.0,12686000.0,-11758000.0,-0.10241,-2218000.0,-0.17483840454043828,712291000.0,547679000.0,183882000.0,10578000.0,164612000.0,0.0,-266985000.0,228732158.25,61953158.25,10.655132923356657,17.38343732274532,0.0,0.0,-0.018073190194928545,10.655132923356657,-0.009611469492166031,18.03028206290399,-10.86303943056611,0.4176390883163313,0.0,0.0,0.0,0.017810136587434067,17.27037247116657,-0.00739023797857898,-12.856621789106851,-0.17483840454043828,0.8203333333333334,0.26962537791908797,-0.6165589945936919,9.268280299303406,0.8195133859549191,0.8183700227727555,0.7977570607864047,-1.0380543197972507,-0.0647157073760534,2.734814166690648,Biotechnology,Healthcare,ABUS
2015Q3,2015,Q3,2015-11-05,2015-09-30,-28982000.0,4065000.0,-58138000.0,-0.57,-12289000.0,-3.0231242312423126,722631000.0,553807000.0,200027000.0,13831000.0,168824000.0,0.0,-261721000.0,309106987.56,128017987.56,10.911059166352027,14.462222543561564,0.0,0.0,-0.06886902712512477,10.911059166352027,-0.052332310714743584,76.0410793505535,-2.666370398523221,0.5581492967044476,0.0,0.0,0.0,0.00562527763132221,14.373002675150026,-0.0401062229547307,-99.1999318228498,-3.0231242312423126,-1.1111111111111107,-1.2692616270906232,-0.9177245561368512,3.4156954051831296,-0.96624,-0.9469300013435443,-3.031761442441054,-1.2913839802008245,-0.6377511577471093,485.6078783891031,Biotechnology,Healthcare,ABUS
2015Q2,2015,Q2,2015-08-07,2015-06-30,-14886000.0,3440000.0,-14420000.0,-0.27,-6250000.0,-1.816860465116279,773820000.0,588501000.0,215702000.0,16131000.0,185319000.0,0.0,-232739000.0,654496294.1,447291294.1,10.664112116322524,13.37189262909925,0.0,0.0,-0.024502932025604034,10.664112116322524,-0.025294774350425913,190.26055061046512,-10.991809319158941,1.1121413457241363,0.0,0.0,0.0,0.004445478276601794,13.261112144318393,-0.01923703186787625,-38.37787581212619,-1.816860465116279,0.325,0.30256045918161695,-0.7069461998601593,3.0153215664636077,-0.06382978723404255,-0.24163816832096088,0.19915583694324115,-0.9969911904404698,-0.754803754595867,41.17644394527105,Biotechnology,Healthcare,ABUS
2015Q1,2015,Q1,2015-05-06,2015-03-31,-11989000.0,4682000.0,-18006000.0,-0.4,-5875000.0,-1.254805638615976,787064000.0,593691000.0,239769000.0,24875000.0,193373000.0,0.0,-217853000.0,527434024.351864,295158024.351864,19.653347694144387,9.638954773869347,0.0,0.0,-0.030328908472589275,19.653347694144387,-0.020194006646555195,112.65143621355489,-10.998290607053631,0.8883982144783464,0.0,0.0,0.0,0.005948690322515069,9.588502512562814,-0.015232560503338991,-29.327959539138345,-1.254805638615976,-0.9590557351356647,0.05402569339574302,-0.3382169419632284,5.2613800561856925,0.2220603813559322,-0.9437418936446174,-0.6754443100400112,-0.6014352559933588,-0.4455113666628229,45.63460227581628,Biotechnology,Healthcare,ABUS
2014Q4,2014,Q4,2015-03-13,2014-12-31,-6168000.0,4350000.0,-10747000.0,-0.20418,-7552000.0,-1.7360919540229884,118178000.0,88035000.0,116418000.0,20206000.0,30143000.0,0.0,-205864000.0,457653260.40000004,385466260.40000004,2.9142811062556127,5.761555973473226,0.0,0.0,-0.12207644686772307,2.9142811062556127,-0.07006304310785483,105.20764606896553,-18.549499854085603,5.198537631623786,0.0,0.0,0.0,0.03680888151771057,5.675937840245472,-0.052192455448560646,-63.837810071139636,-1.7360919540229884,0.4764615384615385,0.19808706665442455,-0.6683554893280427,-0.15058945927265355,-0.5265817667273095,0.28312412831241285,-0.5702805376972531,-0.35361286495779043,-0.5234827095861868,6.15398780698858,Biotechnology,Healthcare,ABUS
2014Q3,2014,Q3,2014-11-07,2014-09-30,-8604000.0,4362000.0,-6844000.0,-0.39,-4947000.0,-1.1341127922971115,125059000.0,95496000.0,111737000.0,19488000.0,29563000.0,0.0,-199696000.0,468446924.500731,390269924.500731,4.3095284415744946,5.7336309523809526,0.0,0.0,-0.07166792326380163,4.3095284415744946,-0.09009801457652676,107.39269245775584,-13.611312311155595,4.90540886006462,0.0,0.0,0.0,0.03487953685860274,5.697916666666667,-0.06879952662343373,-68.16748028241138,-1.1341127922971115,-0.3928571428571428,-0.5138841377533935,-0.3369599870116746,0.1988553228833152,0.3392547081608121,-0.41489886531820425,0.27369203013902155,-2.3288539575421385,-0.40399078379094105,6.865606084652812,Biotechnology,Healthcare,ABUS
2014Q2,2014,Q2,2014-08-14,2014-06-30,-6081000.0,1811000.0,-9423000.0,-0.28,-7487000.0,-4.134180011043623,132068000.0,105145000.0,118164000.0,16413000.0,26923000.0,0.0,-191092000.0,288148500.28000003,202881500.28000003,4.765576425577918,7.199415097788338,0.0,0.0,-0.0896190974368729,4.765576425577918,-0.05783441913547958,159.1101602871342,-11.846262961683934,2.740486949260545,0.0,0.0,0.0,0.013712632886088984,7.175531590812161,-0.046044461943847106,-34.90170788275194,-4.134180011043623,0.6923076923076923,-0.4677711367640244,-0.7395479039528402,0.34512995666499535,-0.983836777954425,0.661866103202847,-0.581570996978852,0.19759141676234404,-0.8085109599945732,5.005794098675754,Biotechnology,Healthcare,ABUS
2014Q1,2014,Q1,2014-05-14,2014-03-31,-17984000.0,4430000.0,-5958000.0,-0.91,-3774000.0,-0.8519187358916479,138522000.0,105483000.0,137001000.0,23039000.0,33039000.0,0.0,-185011000.0,425532687.71999997,291175687.71999997,5.32704004983883,5.946482052172403,0.0,0.0,-0.05648303518102443,5.32704004983883,-0.17049192760918822,96.05704011738148,-5.915434382228647,4.034135241887318,0.0,0.0,0.0,0.031980479635003826,5.917314119536438,-0.12982775299230448,48.24633647619047,-0.8519187358916479,-5.88924218335983,-4.704675074107993,0.012465149079656056,0.5559865697438836,-7.932008673403384,-5.875563034165862,-1.4299209416201573,-1.9467862266305245,-0.48231169369358035,5.931144136408344,Biotechnology,Healthcare,ABUS
2013Q4,2013,Q4,2013-12-31,2013-12-31,-2615640.335291,7538829.617674,-2451931.623762,-0.13209,544430.9402669994,0.07221690472890352,71715810.0,59193321.0,70342653.0,12522489.0,12522489.0,0.0,-167026633.0,157817381.16,89100850.16,2.989346071404547,5.61730603237104,0.0,0.0,-0.04142243723345071,2.989346071404547,-0.044188099114949135,20.933936587452994,-15.084010120837407,2.6661349370818375,0.0,0.0,0.0,0.1051208878164243,5.516928064380811,-0.03647229718650602,66.92452861832842,0.07221690472890352,0.6755677380373432,-0.30441935890207145,1.670441489187886,-0.19390999633479727,1.2143985471305725,0.5563997066583491,0.3275555133742014,0.057940082769468,-0.40850853585074465,1.880812805771497,Biotechnology,Healthcare,ABUS
2013Q3,2013,Q3,2013-09-30,2013-09-30,-5896390.003684,2958026.522422,-3646295.973167,-0.407142,-2539340.623122,-0.8584576926114968,43379492.622967,29836007.871421,42011283.661955,13543484.751546,13543484.751546,0.0,-233491121.386611,100856732.0,65067872.192714,2.0559882379133203,3.101955252481041,0.0,0.0,-0.1222112552349765,2.0559882379133203,-0.19762664057117277,34.09595256685515,-4.2762067950468765,3.380369533170943,0.0,0.0,0.0,0.06818951406674341,3.019851210935008,-0.13592574848517694,-26.82333476503113,-0.8584576926114968,-0.9471720852822175,0.2625485640310996,-0.47160913459656856,-0.5448574150719485,-0.2532054342417218,-0.9979735740486295,-0.21298947246314193,-0.6147818570547477,-0.790596859616201,-0.16794348955036167,Biotechnology,Healthcare,ABUS
2013Q2,2013,Q2,2013-06-30,2013-06-30,-2951185.180961,2783681.189173,-3006040.906326,-0.209094,-2026276.4218370002,-0.7279125316929644,45908739.165146,34016767.4118,44539076.756387,11891971.753345,11891971.753345,0.0,-223143032.428528,71026071.22999999,32309522.41613099,2.361142330357979,3.745306302452237,0.0,0.0,-0.08836938765919426,2.361142330357979,-0.08675677924461658,25.515160107505352,-6.016741315337559,2.0879723922668183,0.0,0.0,0.0,0.06063510433513225,3.652484200092928,-0.06428373409134149,-23.783148579731275,-0.7279125316929644,-0.18190296925607513,0.7063800937344725,-0.46829489620351983,-0.7032712288683114,-0.034165065014309375,-0.14500693535117481,0.008067365185305826,0.4703650425735083,-0.09163573859386823,-0.11096717502948289,Biotechnology,Healthcare,ABUS
2013Q1,2013,Q1,2013-03-31,2013-03-31,-2577438.694776,2157632.316084,-3030488.967517,-0.176913,-1959335.5938870003,-0.9080952205253865,50495567.349747,37867421.494914,49138464.789425,12318536.537422,12628145.854833,0.0,-227703625.730994,66987189.839999996,23928638.559838995,2.639920540085883,3.98898559420181,0.0,0.0,-0.08002892322425563,2.639920540085883,-0.0680648059208937,31.046619639799687,-6.497457143769401,1.7689926378799543,0.0,0.0,0.0,0.04272914295901678,6.102289505042269,-0.05104287029639471,-21.907978771804597,-0.9080952205253865,-1.0657669144981412,-1.0942309528696943,-0.6013032436371127,-0.24948666392828472,0.4162338369652251,-1.0667680611963803,0.4854489429963293,0.5717141027350167,-0.3577402249702147,-0.15894502672775665,Biotechnology,Healthcare,ABUS
2012Q4,2012,Q4,2012-12-31,2012-12-31,38602868.625991,3785199.099063,-5889578.743,2.69,-3356370.611995,-0.8867091331670892,52600261.351186,40922744.589528,51248400.229185,10955002.362213,11677516.761658,0.0,-230245005.679362,71146993.92,24118337.767693006,2.8529218450507217,4.678082079284226,0.0,0.0,,2.8529218450507217,0.9433108412740565,18.796103469857623,0.46076235039238317,1.7385684815042022,0.0,0.0,0.0,0.0719616025059475,4.60863771767577,0.7338911943470906,1.7473134747143328,-0.8867091331670892,11.590509486183127,35.948659269263516,-0.6968937068751033,-0.23698461105441385,-60.29980469540075,12.059678639549462,-2.269074596567196,11.569427908306471,-0.392255085227093,-0.16847352787770373,Biotechnology,Healthcare,ABUS
2012Q3,2012,Q3,2012-09-30,2012-09-30,-3490415.03683,3096707.137414,-1801604.267209,-0.254001,-54753.365507000126,-0.0176811571380055,10292248.920498,314069.596139,8741452.882906,8933891.795784,9978179.324359,0.0,-271644766.065532,46502489.68,40779459.961941004,0.0224226932010897,0.9784596772294897,0.0,0.0,,0.0224226932010897,-11.113508215183053,15.016754125103779,-3.330727806673216,148.06428336800568,0.0,0.0,0.0,0.300877598407731,0.8745589623233561,-0.3391304528088612,-35.35455334343951,-0.0176811571380055,-0.845320605030295,-1.8078112882039408,-0.811202751121828,-0.993851117161909,-2.1738964599019526,-0.8457856890480987,0.29041501001277625,0.02840199139228968,-0.25531686225803185,-0.9937622954664421,Biotechnology,Healthcare,ABUS
2012Q2,2012,Q2,2012-06-30,2012-06-30,-1891018.582244,3559086.618818,-2538954.871694,-0.137646,46642.41470800014,0.01310516424674442,11632098.122112,3539738.472127,9917851.735326,6823257.300167,8092359.649985,0.0,-259493579.785665,29539210.86,22718123.454632,0.2528452168741508,1.4535362362904385,0.0,0.0,,0.2528452168741508,-0.5342255076567005,8.299660565667883,-3.9051983858544292,8.345026360732838,0.0,0.0,0.0,0.3059711654299378,1.3131882359128826,-0.16256900194551094,-16.716583679484213,0.01310516424674442,0.4506772450453759,0.8624446848171589,-0.5535435506641255,-0.9175897288887064,1.0812782244572694,0.4029237363939953,0.038632944011457206,0.28065721956588363,-0.19331363335646803,-0.9286319963747863,Biotechnology,Healthcare,ABUS
2012Q1,2012,Q1,2012-03-31,2012-03-31,-3167130.72937,3572162.251556,-2640983.853023,-0.250574,-573861.1420149999,-0.1606481177513791,14694719.908591,5385730.322438,12732645.758788,7779641.378757,9308989.586152,0.0,-262608939.471389,33226889.8,24461743.615237,0.42143272881167465,1.6366623008556176,0.0,0.0,,0.42143272881167465,-0.5880596576057879,9.301618308498355,-2.622791150667898,6.169430664133018,0.0,0.0,0.0,0.24309155082755954,1.4835148327211207,-0.21552848567861402,-7.7949445825397055,-0.1606481177513791,-0.6611906656059402,-1.888422740769263,-0.2591078785205072,-0.8801892411428539,-343.9892045554929,-0.6429474894773284,-0.1757334638811668,-0.5566492869003605,0.26499177393359985,-0.8769028090747465,Biotechnology,Healthcare,ABUS
2011Q4,2011,Q4,2011-12-31,2011-12-31,-1927712.692983,3861917.647963,-2246243.671848,-0.15084,1673.1172130000778,0.0004332348241248948,13703518.119491,5205945.151812,11551139.079334,6841814.887365,8497572.967679,0.0,-253523689.520078,19169359.5,10174125.415769,0.4073645615398887,1.6883150552152266,0.0,0.0,,0.4073645615398887,-0.3702906267293334,4.963689350059299,-2.4860239248537552,3.682205428792857,0.0,0.0,0.0,0.2818194287253912,1.5147413360803954,-0.14067283132505556,-136.89453770774176,0.0004332348241248948,-0.30439294361812513,-3.0709992792938463,-0.6528894854232633,-0.891050142188357,1.0078725377573579,-0.3614607424021533,-0.3857087746332763,-0.48957263228245174,1.1196410180806453,-0.8901523968583281,Biotechnology,Healthcare,ABUS
2011Q3,2011,Q3,2011-09-30,2011-09-30,-1415915.004337,4009259.901706,-1621007.034788,-0.11564,-212525.778163,-0.05300873063194709,14862490.122386,6650962.705984,12511973.595451,6405802.254987,8211527.416402,0.0,-247672576.852655,21850403.400000002,12969947.584254002,0.5478952791677613,1.9532250758615388,0.0,0.0,,0.5478952791677613,-0.2128887300876118,5.449984270339353,-3.858000539063328,3.2852993417540546,0.0,0.0,0.0,0.2697569430621334,1.7795631640569796,-0.09526768345530051,-389.49053386150774,-0.05300873063194709,0.660607056696583,-1.378112641826495,-0.7179598713688372,-0.8497529333817025,0.8850290580227308,0.6117453004867524,0.566668276733183,0.7883016166878423,-0.14384858066531966,-0.8787101652471591,Biotechnology,Healthcare,ABUS
2011Q2,2011,Q2,2011-06-30,2011-06-30,-3646871.515302,4551091.355883,-3740799.363978,-0.340726,-1848517.3254039995,-0.4061701207150018,19053379.382976,8424792.466857,16272921.571057,8474689.216537,10628586.916119,217906.703011,-263846423.408913,26649430.529999997,16622151.795435997,0.7934964714539087,1.9201791540984177,0.0,0.0,,0.7934964714539087,-0.43287375085484125,5.855613180682788,-1.8268693055253646,3.1632150744173746,0.0,29.368571929446087,0.0,0.2388600606960755,1.7744350386078072,-0.19140287095529324,-6.377219135334358,-0.4061701207150018,-0.10384843409325788,0.6502125167621903,-0.24723690582292934,-0.7413743469352664,-0.3861633634500999,-0.14421041306227095,-0.1818338264013491,0.5076588239833425,0.1795695406350613,-0.9002799493090483,Biotechnology,Healthcare,ABUS
2011Q1,2011,Q1,2011-03-31,2011-03-31,-3187238.530317,4469019.765205,-3165249.868815,-0.308671,-1333549.4027220001,-0.2983986361180993,17408160.220597,7947937.566236,14393452.068607,7285281.558992,9460222.654361,0.0,-259291981.767859,32574965.849999998,23079575.330302,0.7685657584087199,1.9756891963690275,0.0,0.0,,0.7685657584087199,-0.40101454040817525,7.289062828413278,-2.555108877179026,4.098543248299183,0.0,0.0,0.0,0.25671982039304425,1.8292995631184545,-0.1830887635412455,-10.166526197249576,-0.2983986361180993,-1.2013336185993435,-2.592131776179527,0.14545756032078427,-0.7815014343897445,0.0,-1.198053012581738,0.5612268594355158,-2.592131776179527,0.14545756032078427,-0.7815014343897445,Biotechnology,Healthcare,ABUS
2010Q4,2010,Q4,2010-12-31,2010-12-31,-1450028.053042,6656291.774592,-7213864.241423,-0.14022,0.0,0.0,21018879.979203,10730861.06223,17905962.046073,8132885.738282,10288018.916973,150706.886898,-248870941.649336,48603917.300000004,36259882.345593005,1.0376745290133436,2.2016738734922248,0.0,0.0,,1.0376745290133436,-0.13512690590559812,7.301951138249074,-8.379823617555935,4.529358549899959,0.0,0.0,0.0,0.3166815634885411,1.975405655168684,-0.06898693243772842,-12.738658123797569,0.0,0.44354272244203075,-2.92511630799303,-0.26066708839658753,-0.7224734229128636,0.0,0.4424147515571248,-3.3435154263500917,-2.92511630799303,-0.26066708839658753,-0.7224734229128636,Biotechnology,Healthcare,ABUS
2010Q3,2010,Q3,2010-09-30,2010-09-30,-2600549.525102,10060316.921884,3078223.492925,-0.251987,0.0,0.0,35215442.915294,25537635.20062,18522669.121923,9677807.714673,9677807.714673,0.0,-225977569.296375,62010342.0,46601222.015507,2.470971877621962,1.913932335506095,0.0,0.0,0.12053674777413483,2.470971877621962,-0.10183204140369521,6.16385571960563,-5.961272934954757,2.428194369324162,0.0,0.0,0.0,0.285679125095281,1.8715824908002947,-0.07384684984247597,-26.054070941501585,0.0,0.33595189092183586,-1.8156863989230896,-0.16874851577335365,-0.3223955554555334,1.0,0.3490952229255896,1.778755808142452,-1.8156863989230896,-0.16874851577335365,-0.3223955554555334,Biotechnology,Healthcare,ABUS
2010Q2,2010,Q2,2010-06-30,2010-06-30,-3995284.128641,2197289.630965,-3952745.470069,-0.379471,-2384097.3342190003,-1.0850173325452588,35364675.078266,27434881.889764,18623914.239636,7929793.188502,7929793.188502,0.0,-218651369.889005,67661251.1,50407439.31743699,2.655855064110013,2.3486002468059577,0.0,0.0,,2.655855064110013,-0.1456278960738536,30.793050741464928,-4.233819731052209,2.466249039156408,0.0,0.0,0.0,0.062132329113788014,2.325028906678447,-0.11297386784408416,-785.8587123265715,-1.0850173325452588,0.14037142417020812,0.6061353901786757,-0.6264527364552863,-0.13437264674638186,0.18732162179870832,0.0780171989817359,0.10006974171054034,0.6061353901786757,-0.6264527364552863,-0.13437264674638186,Biotechnology,Healthcare,ABUS
2010Q1,2010,Q1,2010-03-31,2010-03-31,-4333360.800471,2419006.278203,-4392279.772415,-0.441436,-2933629.5860310006,-1.2127416172769496,37047460.270747,32419896.998234,19364839.121052,4627563.272513,4627563.272513,0.0,-221962899.744948,45962661.6,27786995.521915,3.1388204385914262,4.1846730083791845,0.0,0.0,,3.1388204385914262,-0.1336636202362719,19.00063758170324,-2.651675207555083,1.41773003173032,0.0,0.0,0.0,0.06529479377330134,4.145820799781859,-0.11696782367272447,-7.930208646739634,-1.2127416172769496,-0.7337051292121591,-3.8897966667671517,-0.379228200389169,-0.10765246039538064,-2.456503729945457,-0.6477316061516638,-0.7607699611383077,-3.8897966667671517,-0.379228200389169,-0.10765246039538064,Biotechnology,Healthcare,ABUS
2009Q4,2009,Q4,2009-12-31,2009-12-31,-2629894.810716,4484744.176564,-2494522.208668,-0.25462,-848727.4469330003,-0.18924768359546776,41946822.653042,35437163.59469,24790132.747589,6509659.058352,6509659.058352,0.0,-211872363.671092,47511964.8,24211668.744226996,3.4309453044462184,3.8082075459517117,0.0,0.0,,3.4309453044462184,-0.07421290374125965,10.594130440769407,-4.516527106559888,1.3407383656156757,0.0,0.0,0.0,0.1069149912416254,3.7749076326853053,-0.06269592413396485,-20.267260218949136,-0.18924768359546776,-0.08865468071915686,-4.495805032193436,-0.501260667498704,-0.08239194478300853,0.21578859595049507,0.00690881243430101,-0.03007592260242283,-4.495805032193436,-0.501260667498704,-0.08239194478300853,Biotechnology,Healthcare,ABUS
2009Q3,2009,Q3,2009-09-30,2009-09-30,-2648190.663299,3065401.81495,-2421687.716344,-0.233885,-1082268.687436,-0.3530593223236716,43451934.699224,37115891.103003,26724280.101038,6336043.59622,6336043.59622,108001.683974,-205111569.838151,56788396.5,44081805.612171,3.5947026795608945,4.217818216557309,0.0,0.0,,3.5947026795608945,-0.07134924110941629,18.525596293132708,-5.361056256921425,1.5300291819049259,0.0,38.403757698671605,0.0,0.07054695806225503,4.173024912009765,-0.06094528774449008,-46.30895998643821,-0.3530593223236716,-0.35764165017153005,-1.831425425996422,-0.7464730442928468,-0.014239484250811507,-1.082835054873131,-0.36587211171317513,-0.2607651405224423,-1.831425425996422,-0.7464730442928468,-0.014239484250811507,Biotechnology,Healthcare,ABUS
2009Q2,2009,Q2,2009-06-30,2009-06-30,-1938827.684224,3253967.009776,-1920807.958999,-0.172273,-519613.24777200026,-0.15968608354384328,41648470.649037,36580272.190878,26011143.460097,5068198.458159,5068198.458159,0.0,-186410358.757914,50076904.75,38095688.504684,3.542837182359165,5.132226702413984,0.0,0.0,,3.542837182359165,-0.053002002667095635,15.38949368556974,-6.457111320086559,1.368959325635845,0.0,0.0,0.0,0.07812932765758683,5.1045579268943015,-0.046552193970388435,-28.276055948977945,-0.15968608354384328,-0.08764386865415336,0.8087764012869805,-0.4465551076640919,0.1547229420072885,0.11110978167590642,-0.17950591949008757,-0.09963240306859669,0.8087764012869805,-0.4465551076640919,0.1547229420072885,Biotechnology,Healthcare,ABUS
2009Q1,2009,Q1,2009-03-31,2009-03-31,-1643762.572266,2281431.060426,-1746772.788469,-0.158391,-584564.0294610001,-0.2562269093293783,39711658.351152,35347632.850242,25001917.320029,4364025.500911,4364025.500911,0.0,-169606576.383939,27876868.200000003,4078756.217740003,3.423577139689364,5.729095147315201,0.0,0.0,,3.423577139689364,-0.046502762412129854,12.21902720777138,-4.2397954349286735,0.7886487991460834,0.0,0.0,0.0,0.057449906530025775,5.717510804461236,-0.041392443441443834,-18.33401728503535,-0.2562269093293783,-0.5640466080774169,-0.8555385372133267,-0.4143107198431611,-0.02669786404876602,0.9503610989238449,-0.5721522100046663,0.31600257333708087,-0.8555385372133267,-0.4143107198431611,-0.02669786404876602,Biotechnology,Healthcare,ABUS
2008Q4,2008,Q4,2008-12-31,2008-12-31,-1045549.255222,1471989.011393,-2553770.994419,-0.10127,-11776328.983677,-8.000283217150246,42342067.3788,38288898.9318,27330012.32539,4053168.447001,4053168.447001,143405.094495,-174270045.193098,14970910.7,-6572509.184962999,3.708451981555805,6.742876019774576,0.0,0.0,-0.06669742577261792,3.708451981555805,-0.027306850925233633,10.170531562482555,-3.579676094939508,0.3909987259405425,0.0,0.0,0.0,0.034764221553574906,6.605155060933837,-0.024692919357676188,-7.897378645505509,-8.000283217150246,0.821325861965539,-2.390331182522119,-0.8362408956913617,-0.008172643775131197,-3.9566801163752716,0.8162053375322583,0.03655426984598822,-2.390331182522119,-0.8362408956913617,-0.008172643775131197,Biotechnology,Healthcare,ABUS
2008Q3,2008,Q3,2008-09-30,2008-09-30,-5688681.277159,3982956.735311,-2650664.08464,-0.566786,3982956.735311,1.0,52152133.950501,46639304.742112,34857394.672209,5447408.841867,5512829.208388,178645.380691,-197547402.22936,34071625.5,7162207.400624,4.517239884811765,6.398894535748168,0.00017707498747347584,0.00019800549165694556,-0.05682201647623706,4.517239884811765,-0.12197182845271966,8.554354908738318,-1.4973428743847557,0.7305345928374384,0.0,0.0,0.0,0.07637188420882896,6.33644988656237,-0.10907859077364468,-9.421841898370978,1.0,0.175893264782089,-2.7860913055200465,-0.6705721414906517,0.2387440952860084,0.6073248789899123,-0.19576924674476778,0.48266961077067994,-2.7860913055200465,-0.6705721414906517,0.2387440952860084,Biotechnology,Healthcare,ABUS
2008Q2,2008,Q2,2008-06-30,2008-06-30,-4757340.341914,2478003.537041,-5123735.507958,-0.687758,2478003.537041,1.0,62192621.340145,54260855.767341,40129169.777952,7931765.572804,7931765.572804,159727.84437,-199549658.086068,33413364.6,4396010.502928004,7.9572409556136385,5.05929851426077,0.0005003819136485274,0.0005735269457311217,-0.09437371599774855,7.9572409556136385,-0.08767536513453571,13.483985838010188,-1.7558847065037264,0.615791331107445,0.0,0.0,0.0,0.03984401177574199,5.01257718522028,-0.07649364569946439,-10.730302230672219,1.0,-6.079122621020451,0.2895424955763291,-0.3618323733827553,1.5935170637473475,51.322759014233846,-10.285389292315628,-5.087884119760028,0.2895424955763291,-0.3618323733827553,1.5935170637473475,Biotechnology,Healthcare,ABUS
2008Q1,2008,Q1,2008-03-31,2008-03-31,-421548.625279,1853611.192072,-841628.291072,-0.097153,-49242.20344000007,-0.02656555142233267,22211067.715923,17281889.633732,20399140.192364,4929178.082192,4929178.082192,196881.375692,-192615972.991353,28496188.8,9148428.185990999,3.5174865165002553,4.138446583226817,0.002325445900017311,0.002988714628415673,,3.5174865165002553,-0.02439250766051601,15.373336610115333,-16.899704500957586,1.6489046860002594,0.0,9.664974093277426,0.0,0.08345439380850456,4.075020848103252,-0.018979214807255482,-34.54394689392018,-0.02656555142233267,-2.33086301369863,0.0,0.0,0.0,-1.0115122389689077,-2.1779934490195134,-10.821006862527414,0.0,0.0,0.0,Biotechnology,Healthcare,ABUS
2007Q4,2007,Q4,2007-12-31,2007-12-31,357853.115083,4277378.498917,85696.741979,0.073,4277378.498917,1.0,24834277.491669,18370262.546703,23293777.643138,6464014.944966,6464014.944966,215105.523579,-199763426.234474,22354768.8,1300716.4926179994,3.7390095748831293,3.603608259179315,0.0030775755350498633,0.004160493876703856,0.004626474161688543,3.7390095748831293,0.019480021810968924,5.226277918977724,15.617279728594136,1.2168997989640664,0.0,0.0,0.0,0.17223688107503454,3.5532790611429834,0.014409644701886203,28.239749410880535,1.0,-0.7584189346605951,0.0,0.0,0.0,-0.256499334735987,-0.7638729171995217,-0.9480713298636406,0.0,0.0,0.0,Biotechnology,Healthcare,ABUS
2007Q3,2007,Q3,2007-09-30,2007-09-30,1515510.676873,5753025.785657,1650278.001612,0.302176,5753025.785657,1.0,25870051.369863,17915194.399678,24481420.225624,6781562.248187,7954856.970185,649204.270749,-199624752.215955,31933265.0,10932085.507655,3.64662879282488,3.6099971259821326,0.004479791083755152,0.006468946017414302,0.09145715313463905,3.64662879282488,0.0845935937429872,5.550690400104507,5.267740024420166,1.782468238277892,0.0,0.0,0.0,0.22238169160958515,3.493321807556569,0.05858166476771962,-18.72758713509158,1.0,1.3063487766872572,0.0,0.0,0.0,1.0564887344301972,1.314144927162769,8.093370323634447,0.0,0.0,0.0,Biotechnology,Healthcare,ABUS
2007Q2,2007,Q2,2007-06-30,2007-06-30,-4824240.488492,2797499.295444,181481.446689,-0.986379,2797499.295444,1.0,24955155.472053,15073023.0155,23743180.836073,7688329.732269,9882132.456552,1370358.853922,-187592346.641616,30950488.8,9988227.644528,3.068127473245269,3.08821052983973,0.004708116537706117,0.007794838504404857,0.01192357927969788,3.068127473245269,-0.3200579262388906,11.063627022321645,-1.6039047428207063,2.053369703487666,,0.0,,0.11210105657634105,2.8936112109303873,-0.19331638682414193,0.0,1.0,0.0,0.0,0.0,0.0,0.0,0.0,0.0,0.0,0.0,0.0,Biotechnology,Healthcare,ABUS
