Quarters,Year,Quarter,FillingDate,Date,NetIncome,Revenue,OperatingIncome,EPSDiluted,GrossProfit,GrossProfitRatio,TotalAssets,CommonStockEquity,CurrentAssets,CurrentLiability,TotalLiability,Inventory,RetainedEarnings,MarketCap,EnterpriseValue,bookValuePerShare,currentRatio,debtToAssets,debtToEquity,roic,shareholdersEquityPerShare,roe,priceToSalesRatio,peRatio,pbRatio,payoutRatio,inventoryTurnover,dividendYield,assetTurnover,quickRatio,returnOnAssets,priceToFreeCashFlowsRatio,grossProfitMargin,epsdilutedGrowth,fiveYNetIncomeGrowthPerShare,fiveYRevenueGrowthPerShare,fiveYShareholdersEquityGrowthPerShare,grossProfitGrowth,netIncomeGrowth,operatingIncomeGrowth,threeYNetIncomeGrowthPerShare,threeYRevenueGrowthPerShare,threeYShareholdersEquityGrowthPerShare,Industry,Sector,Symbol
2023Q1,2023,Q1,2023-05-12,2023-03-31,6384950.0,0.0,-293878.0,0.21,0.0,0.0,314165572.0,296476236.0,289460.0,189336.0,17689336.0,0.0,-17400696.0,1228000.0,7439020.0,9.657206384364821,1.5288164955423162,0.01979847747289127,0.02097975906574853,-0.0020354189718778913,9.657206384364821,0.021536127435185057,0.0,0.048081817398726696,0.0041419845872571045,0.0,0.0,0.0,0.0,1657.8204461908988,0.020323519090118505,-5.4541901327127045,0.0,1.6785714285714286,406.65120711562895,0.0,0.023934528253528143,1.0,1.6511411414653347,-0.6305268122173828,406.65120711562895,0.0,0.023934528253528143,Shell Companies,Financial Services,ENTFW
2022Q4,2022,Q4,2023-03-27,2022-12-31,2408378.0,0.0,-180235.0,0.0784,-782183000000.0,0.0,310979805.0,293430700.0,443107.0,49105.0,17549105.0,0.0,-17106818.0,921000.0,7005279.0,9.55800325732899,9.023663578047042,0.020001298798164723,0.021197509326733706,-0.0007657388507793287,9.55800325732899,0.008207655163553098,0.0,0.09560376319664106,0.0031387308826240747,0.0,0.0,0.0,0.0,6323932351.811852,0.007744483600792019,-5.372110521987156,0.0,-0.396923076923077,0.0,0.0,1.0000179945365866,0.0,-0.37738182581526136,0.0026174823472120768,0.0,0.0,1.0000179945365866,Shell Companies,Financial Services,ENTFW
2022Q3,2022,Q3,2022-11-07,2022-09-30,3868146.0,0.0,-180708.0,0.13,0.0,0.0,308629832.0,291022322.0,653622.0,107510.0,17607510.0,0.0,-16926583.0,3684000.0,9625798.0,9.479554462540717,6.0796391033392245,0.020153592929409363,0.021372930974002745,-0.0020118172047528765,9.479554462540717,0.013291578369029713,0.0,0.23809856194673107,0.012658822782673006,0.0,0.0,0.0,0.0,2866.954580969212,0.012533286153621079,-34.21979063135699,0.0,1.981651376146789,583.3766937669377,0.0,15851.615862294368,0.0,1.8900816708643993,0.13214198239387578,583.3766937669377,0.0,15851.615862294368,Shell Companies,Financial Services,ENTFW
2022Q2,2022,Q2,2022-08-08,2022-06-30,1338421.0,0.0,-208223.0,0.0436,0.0,0.0,307468900.0,289853412.0,757933.0,115488.0,17615488.0,0.0,-16745875.0,5219000.0,11053141.0,9.441479218241042,6.562872333056248,0.020229688270911303,0.02145912293073162,-0.003062838817588882,9.441479218241042,0.0046175789022625,0.0,0.9748427438003439,0.018005653147184622,0.0,0.0,0.0,0.0,3.3411176918814074,0.004353028875440736,-42.660846677620015,0.0,88.2,0.0,0.0,0.0,0.0,86.03310038119442,-1.5549147842304814,0.0,0.0,0.0,Shell Companies,Financial Services,ENTFW
2022Q1,2022,Q1,2022-05-11,2022-03-31,-15740.0,0.0,-81499.0,-0.0005,0.0,0.0,307184604.0,289546087.0,904810.0,138517.0,17638517.0,0.0,-16454733.0,11359000.0,17067133.0,9.431468631921824,6.532122410967607,0.02024841062672529,0.0214818997018599,-2.945301337172323e-05,9.431468631921824,-5.436094876322746e-05,0.0,-180.4161372299873,0.03923036956807501,0.0,0.0,0.0,0.0,3.6953370344434258,-5.123954714865853e-05,-87.80242714694288,0.0,0.0,0.0,0.0,0.0,0.0,0.0,0.0,0.0,0.0,0.0,Shell Companies,Financial Services,ENTFW
2021Q4,2021,Q4,2022-02-28,2021-12-31,0.0,0.0,0.0,0.0,0.0,0.0,307296048000000.0,-16306655000000.0,997638000000.0,102703000000.0,17602703000000.0,0.0,-16307475000000.0,16881930.0,-637549118070.0,-531161.4006514658,9.713815565270732,0.0,0.0,,-531161.4006514658,0.0,0.0,0.0,-1.0352785411845656e-06,0.0,0.0,0.0,0.0,6.207861503558806,0.0,-2.0199084205475862e-05,0.0,1.0,0.0,0.0,0.0,0.0,1.0,1.0,0.0,0.0,0.0,Shell Companies,Financial Services,ENTFW
2021Q3,2021,Q3,2021-12-02,2021-09-30,-6642.0,0.0,-6642.0,-0.00022,0.0,0.0,233742.0,18358.0,14694.0,215384.0,215384.0,0.0,-6642.0,16885000.0,16998704.0,0.0005979804560260586,0.06822233777810793,0.5347776608397293,6.809020590478266,-0.04633156154522245,0.0005979804560260586,-0.3618041180956531,0.0,-635.5389942788318,919.7625013618042,,0.0,,0.0,0.052445864131040375,-0.028415945786379855,0.0,0.0,0.0,0.0,0.0,0.0,0.0,0.0,0.0,0.0,0.0,0.0,Shell Companies,Financial Services,ENTFW
2021Q2,2021,Q2,2021-06-30,2021-06-30,,,,,,,68175.0,20228.0,20426.0,47947.0,47947.0,0.0,-4772.0,0.0,-19591.0,0.0,0.4260120549773708,0.0,0.0,,0.0,,0.0,0.0,0.0,0.0,0.0,,,0.408596992512566,,0.0,0.0,0.0,0.0,0.0,0.0,0.0,0.0,0.0,0.0,0.0,0.0,Shell Companies,Financial Services,ENTFW
