Quarters,Year,Quarter,FillingDate,Date,NetIncome,Revenue,OperatingIncome,EPSDiluted,GrossProfit,GrossProfitRatio,TotalAssets,CommonStockEquity,CurrentAssets,CurrentLiability,TotalLiability,Inventory,RetainedEarnings,MarketCap,EnterpriseValue,bookValuePerShare,currentRatio,debtToAssets,debtToEquity,roic,shareholdersEquityPerShare,roe,priceToSalesRatio,peRatio,pbRatio,payoutRatio,inventoryTurnover,dividendYield,assetTurnover,quickRatio,returnOnAssets,priceToFreeCashFlowsRatio,grossProfitMargin,epsdilutedGrowth,fiveYNetIncomeGrowthPerShare,fiveYRevenueGrowthPerShare,fiveYShareholdersEquityGrowthPerShare,grossProfitGrowth,netIncomeGrowth,operatingIncomeGrowth,threeYNetIncomeGrowthPerShare,threeYRevenueGrowthPerShare,threeYShareholdersEquityGrowthPerShare,Industry,Sector,Symbol
2024Q1,2024,Q1,2023-06-05,2023-04-29,-11968000.0,123637000.0,-17261000.0,-0.4,25938000.0,0.2097915672,473184000.0,165521000.0,192868000.0,115752000.0,307663000.0,77182000.0,-5438000.0,223782980.0,423995980.0,5.554768776427948,1.6662174303683737,0.515442195847704,1.4735229970819412,-0.019522150757694496,5.554768776427948,-0.0723050247400632,1.8100000808819365,-4.674611046122995,1.3519914693603834,0.0,1.2658262289134772,0.0,0.2612873639007236,0.9188091782431405,-0.025292486643673496,-10.942933007334963,0.20979156724928621,-41.0,-10.549978851879022,-0.024071896397843254,-0.013589100877363374,-0.5050850044839627,-39.73139158576052,-14.3978590544157,0.3147800035039034,0.5931756174705037,0.1528376923371066,Apparel Retail,Consumer Cyclical,TLYS
2023Q4,2023,Q4,2023-04-13,2023-01-28,309000.0,180350000.0,-1121000.0,0.01,52409000.0,0.2905960632,475898000.0,177211000.0,202772000.0,108037000.0,298687000.0,62117000.0,6943000.0,259129499.99999997,427607500.0,5.94967265402048,1.8768755148699057,0.5085207334344755,1.3656262873072214,0.17462141892474353,5.94967265402048,0.0017436840828165294,1.436814527308012,209.6516990291262,1.462265322130116,0.0,2.0596777049760937,0.0,0.37896776199942006,1.1340466691966642,0.0006492987993225439,40.23125291103865,0.2905960632104242,-0.9411764705882353,-0.9551502935214811,0.06735019752302783,0.07422327208167814,-0.03982925086565414,-0.9399883472518936,-1.177513855898654,-0.9510009202729558,0.040122886729543596,0.10241275159829377,Apparel Retail,Consumer Cyclical,TLYS
2023Q3,2023,Q3,2022-12-07,2022-10-29,5149000.0,177847000.0,6315000.0,0.17,54583000.0,0.306909872,500440000.0,175532000.0,214748000.0,124703000.0,324908000.0,81589000.0,6634000.0,264561900.0,441343900.0,5.871813741888004,1.7220756517485545,0.504691871153385,1.4388715447895541,0.0068341378909498925,5.871813741888004,0.029333682747305335,1.48758146046883,12.845304913575452,1.5072003965088987,0.0,1.510791895966368,0.0,0.3553812644872512,0.9392155762090728,0.010288945727759572,-29.494080267558527,0.3069098719686022,0.30769230769230776,-0.4338852365717553,0.12044855204437115,-0.05653691107564046,0.050036551113847104,0.3482587064676617,0.22573757763975155,-0.203799045292951,0.13500143609457393,-0.04491614667483266,Apparel Retail,Consumer Cyclical,TLYS
2023Q2,2023,Q2,2022-09-06,2022-07-30,3819000.0,168308000.0,5152000.0,0.13,51982000.0,0.3088504409,517488000.0,171568000.0,234089000.0,147644000.0,345920000.0,89295000.0,3372000.0,227258970.0,393218970.0,5.714932880317112,1.5854961935466392,0.4859436354079708,1.4657162174764524,0.005467691264642371,5.714932880317112,0.022259395691504244,1.3502564940466288,14.876863707776904,1.3245999836799403,0.0,1.3027157175653732,0.0,0.3252403920477383,0.8873980656172956,0.0073798812726092195,37.000809182676655,0.3088504408584262,3.3333333333333335,7.1366478029138,0.1612127755318293,-0.031293640757482845,0.18639735250484993,3.697416974169742,3.6498194945848375,-0.5957174549121087,0.02273508644111108,-0.033369097490504505,Apparel Retail,Consumer Cyclical,TLYS
2023Q1,2023,Q1,2022-06-09,2022-04-30,813000.0,145775000.0,1108000.0,0.03,43815000.0,0.3005659407,485657000.0,167935000.0,208041000.0,122185000.0,317722000.0,74112000.0,391000.0,271320840.0,459751840.0,5.459170405045185,1.7026721774358555,0.5114412023300395,1.4790543960460893,0.0012186993321373321,5.459170405045185,0.00484115878167148,1.8612302521008404,83.4319926199262,1.6156300949772235,0.0,1.3757556131260795,0.0,0.30016040127085575,0.9752424602037894,0.001674020965413862,-13.464385886556498,0.30056594066197906,-0.9210526315789473,5.712025726666885,0.1246850777591295,-0.0753365640732032,-0.37725631768953066,-0.9325758832310499,-0.9359426490142799,0.15041015805627175,0.07171538762796106,-0.022206936933832307,Apparel Retail,Consumer Cyclical,TLYS
2022Q4,2022,Q4,2022-04-14,2022-01-29,12058000.0,204489000.0,17297000.0,0.38,70358000.0,0.344067407,504823000.0,174713000.0,227978000.0,136167000.0,330110000.0,65645000.0,7754000.0,394341220.0,599142220.0,5.644460956934707,1.6742529394052892,0.4892843630341724,1.4137585640450339,0.018431132037227564,5.644460956934707,0.0690160434541219,1.9284226535412663,8.175925111958867,2.2570800112183984,2.564272682036822,2.043278239012872,0.0784092517642462,0.4050706881421805,1.1433680700904036,0.023885599507153993,28.09098304601795,0.3440674070487899,-0.42424242424242425,0.768152511315256,0.17984434002337088,-0.14646992199147674,-0.08315198269458815,-0.42123452049534416,-0.40346944406124985,0.32221774106906664,0.1404012249049198,0.017804892287766674,Apparel Retail,Consumer Cyclical,TLYS
2022Q3,2022,Q3,2021-12-07,2021-10-30,20834000.0,206096000.0,28996000.0,0.66,76739000.0,0.3723458971,550237000.0,192638000.0,261128000.0,152162000.0,357599000.0,86692000.0,26616000.0,429100200.0,628332200.0,6.231214620734272,1.7161183475506367,0.47002291739741237,1.3425388552622017,0.029348374246005695,6.231214620734272,0.10815103977408404,2.0820404083533885,5.149037630795815,2.2274950944258145,0.0,1.4921446038850181,0.0,0.3745585992944858,1.0811503529133424,0.03786368419426538,61.23005136986301,0.37234589705768184,0.0,1.9911752027551148,0.24831574558953265,-0.015512748217970891,0.026924672474473752,0.021374644572997353,0.09721118552995044,2.6965130105090718,0.33366160976120474,-0.002537033407843438,Apparel Retail,Consumer Cyclical,TLYS
2022Q2,2022,Q2,2021-09-09,2021-07-31,20398000.0,201952000.0,26427000.0,0.66,74727000.0,0.3700235699572176,535163000.0,171232000.0,256344000.0,166528000.0,363931000.0,86853000.0,5782000.0,452315000.0,619461000.0,5.614163934426229,1.5393447348193696,0.4653535464895742,1.4544010465333583,0.030594154872099984,5.614163934426229,0.11912492991964119,2.239715377911583,5.543619472497303,2.641533124649598,1.5055397587998824,1.4648313817599852,0.06789516155776394,0.3773654008218057,0.9708937836279785,0.038115490046957655,29.863660372375545,0.3700235699572176,0.8333333333333335,12.283330305560957,0.3815326626233066,-0.07779572977642216,0.36266160943853826,0.8613012136143808,0.7767244856797095,1.0161622593815194,0.2286939648393848,-0.06480228141538934,Apparel Retail,Consumer Cyclical,TLYS
2022Q1,2022,Q1,2021-06-08,2021-05-01,10959000.0,163157000.0,14874000.0,0.36,54839000.0,0.3361118431939788,524233000.0,174601000.0,237646000.0,146005000.0,349632000.0,65341000.0,16094000.0,360328680.0,536573680.0,5.843798112323449,1.6276565871031814,0.4907359895313725,1.47341653255136,0.016026780417221647,5.843798112323449,0.06276596353972773,2.2084782142353685,8.219926088146728,2.063726324591497,0.0,1.6577340414135076,0.0,0.3112299302027915,1.1461867744255334,0.0209048266705835,26.139186071817193,0.3361118431939788,0.24137931034482762,4.798197368753148,0.29117516219677975,-0.029822205034611013,-0.05875184511345302,0.2353736895502198,0.053847243871333425,7.721422966342768,0.2844306784284291,0.03773647153950278,Apparel Retail,Consumer Cyclical,TLYS
2021Q4,2021,Q4,2021-04-01,2021-01-31,8871000.0,177920000.0,14114000.0,0.29,58262000.0,0.3274617805755396,505473000.0,160622000.0,212156000.0,133559000.0,344851000.0,55698000.0,5135000.0,292950460.0,482561460.0,5.406145871899296,1.5884814950695947,0.5258342186427366,1.6547857703178892,0.012917024392417126,5.406145871899296,0.055229047079478524,1.6465291142086331,8.255846578739712,1.8238501575126695,0.0,2.1483356673489173,0.0,0.35198714867065106,1.1220733907860945,0.017549898807651447,18.555260957689384,0.3274617805755396,3.1428571428571423,1.9417632228843826,0.06960444408665324,-0.11314026689671956,0.43290703393999014,3.198296261239943,2.9892594686263427,0.2907853867882493,0.05559152105549689,-0.023911390496723528,Apparel Retail,Consumer Cyclical,TLYS
2021Q3,2021,Q3,2020-12-10,2020-10-31,2113000.0,140275000.0,3538000.0,0.07,40660000.0,0.2898592051327749,507461000.0,151206000.0,208186000.0,142123000.0,356255000.0,65936000.0,-3736000.0,182407120.0,359897120.0,5.089740137336745,1.464829760137346,0.5454586657890951,1.8306085737338464,0.0030219122485908713,5.089740137336745,0.01397431318863008,1.3003537337373017,21.581533364884052,1.2063484253270371,0.0,1.5107831836932784,0.0,0.27642518341310957,0.9617936576064395,0.00416386677991018,4053.4915555555554,0.2898592051327749,-0.611111111111111,-0.28196990388992554,-0.05332220409642205,-0.1479608609325847,-0.024331717617699283,-0.598746676794531,-0.5410559086781683,-0.7662284260187303,-0.11072462109183805,-0.18219784160762476,Apparel Retail,Consumer Cyclical,TLYS
2021Q2,2021,Q2,2020-09-08,2020-08-01,5266000.0,135845000.0,7709000.0,0.18,41674000.0,0.3067761051198057,543507000.0,148568000.0,234204000.0,172605000.0,394939000.0,68067000.0,-5849000.0,178460940.0,355665940.0,5.003300330033003,1.3568784218301904,0.5706642232758732,2.087663561466803,0.006792413394683492,5.003300330033003,0.035445048731893816,1.3137100371747212,8.472319597417394,1.2012071240105542,0.0,1.3835044882248373,0.0,0.24994158308908626,0.9396077749775499,0.009688927649505893,4.7328331609515475,0.3067761051198057,1.305084745762712,7.972566487698333,-0.0031097847105125706,-0.14559558659057298,25.144291091593477,1.3027306697326817,1.2714341044329425,9.554976984481081,-0.052439050686912715,-0.1519185004611606,Apparel Retail,Consumer Cyclical,TLYS
2021Q1,2021,Q1,2020-06-15,2020-05-02,-17395000.0,77289000.0,-28401000.0,-0.59,1594000.0,0.020623892145065922,516194000.0,142994000.0,194277000.0,143515000.0,373200000.0,67650000.0,-11115000.0,165300890.0,418564890.0,4.818344172254608,1.353705187611051,0.6168165457173078,2.2266458732534233,-0.02334196590754037,4.818344172254608,-0.12164846077457796,2.1387375952593515,-2.3756954584650765,1.1559987831657275,-1.706064961195746,1.118920916481892,0.17953321364452424,0.14972859041368167,0.8677490157823224,-0.033698570692414095,-7.1515484122177035,0.020623892145065922,-3.8095238095238093,-13.880997812274925,-0.38953263542920163,-0.17140409231066076,-0.9694249434150458,-3.7729953770125935,-4.343260741612713,-103.50476946720559,-0.3818980093727815,-0.18387843807232712,Apparel Retail,Consumer Cyclical,TLYS
2020Q4,2020,Q4,2020-04-01,2020-02-01,6273000.0,172479000.0,8495000.0,0.21,52134000.0,0.3022628841772042,546640000.0,159901000.0,208864000.0,145266000.0,386739000.0,56901000.0,6280000.0,251838000.0,477777000.0,5.396955582557041,1.4378037531149752,0.5416288599443876,1.8516206903021244,0.007800332170790663,5.396955582557041,0.03923052388665487,1.460108187083645,10.036585365853659,1.5749620077422903,0.0,2.1149891917540993,0.0,0.3155257573540173,1.0147040601379538,0.011475559783404069,30.463045844925606,0.3022628841772042,0.0,-0.1646904230330839,0.06782678738942176,-0.046657790008845,0.10521294863369443,-0.01800250469630557,0.10267393561786085,-0.03900718207807265,0.0396601542403378,-0.18389657497249437,Apparel Retail,Consumer Cyclical,TLYS
2020Q3,2020,Q3,2019-12-10,2019-11-02,6388000.0,154780000.0,7704000.0,0.21,47171000.0,0.3047615971055692,544833000.0,181543000.0,215968000.0,127463000.0,363290000.0,70337000.0,29684000.0,306511020.0,528312020.0,6.147956246401843,1.6943583628190142,0.5311664308145799,1.5940961645450389,0.007513110475066089,6.147956246401843,0.03518725591182254,1.9803012017056467,11.99557842830307,1.6883659518681524,0.0,1.5299060238565763,0.0,0.2840870505274093,1.0915481355373717,0.011724693621715278,66.18678903044699,0.3047615971055692,-0.32258064516129037,0.18568820394795058,0.11889088117053154,0.14357805274935617,-0.08793673504901486,-0.3119345109866437,-0.363831544178365,-0.03981567806394588,-0.018500146860827866,-0.028666974660698293,Apparel Retail,Consumer Cyclical,TLYS
2020Q2,2020,Q2,2019-09-10,2019-08-03,9284000.0,161738000.0,12110000.0,0.31,51719000.0,0.31977024570601836,540291000.0,174440000.0,214039000.0,130793000.0,365851000.0,72635000.0,23296000.0,231909300.0,457141300.0,5.912218268090154,1.6364713707920149,0.5323427560333228,1.648819078193075,0.01182539350101683,5.912218268090154,0.053221738133455626,1.433857844167728,6.244864821197759,1.3294502407704656,0.0,1.514683004061403,0.0,0.2993534965416785,1.044084928092482,0.017183332685534278,15.912536023054756,0.31977024570601836,14.499999999999998,5.962752075919337,0.24788528351473968,0.14452171958094115,0.4493610581773344,12.71344165435746,81.94520547945206,5.249693754816771,0.14374520784829195,-0.028836172757073054,Apparel Retail,Consumer Cyclical,TLYS
2020Q1,2020,Q1,2019-06-03,2019-05-04,677000.0,130303000.0,146000.0,0.02,35684000.0,0.27385401717535285,497285000.0,164530000.0,180362000.0,109247000.0,332755000.0,58963000.0,14012000.0,355396140.0,596218140.0,5.5831551800196815,1.6509560903274232,0.5523713765748012,1.6695192366133835,0.00014200325850944565,5.5831551800196815,0.004114751109220203,2.727459383130089,131.23934268833088,2.1600689236005595,43.50516986706056,1.6047182131167004,0.08287371945007618,0.26202881647345083,1.0627751791811217,0.0013613923605176107,-66.59099494097808,0.27385401717535285,-0.9310344827586207,0.0877524283598601,0.1133618667367309,0.09848713598421346,-0.31583488314128494,-0.9219776420421805,-0.9866471556612402,1.237892852858065,0.04549025885068505,-0.0730937179232113,Apparel Retail,Consumer Cyclical,TLYS
2019Q4,2019,Q4,2019-03-29,2019-02-02,8677000.0,170612000.0,10934000.0,0.29,52157000.0,0.3057053431177174,293168000.0,163327000.0,217141000.0,97259000.0,129841000.0,55809000.0,13335000.0,374322210.0,306162210.0,5.545720009507317,2.2326057228636937,0.0,0.0,0.04926935500999045,5.545720009507317,0.053126549804992436,2.19399696387124,10.78489714186931,2.2918575005969624,0.0,2.1225071225071224,0.0,0.5819598319052557,1.5439290965360533,0.029597363968782403,16.321003270111184,0.3057053431177174,0.38095238095238093,0.5222471461622634,0.15877336388561591,0.10121046973200443,0.19472695620304195,0.6203548085901027,0.6229775864628173,1.9028323615741816,0.03472567722890199,-0.09024360717642198,Apparel Retail,Consumer Cyclical,TLYS
2019Q3,2019,Q3,2018-12-10,2018-11-03,5355000.0,146826000.0,6737000.0,0.21,43656000.0,0.29733153528666584,292691000.0,183495000.0,210345000.0,75575000.0,109196000.0,71488000.0,34111000.0,489941640.0,465190640.0,6.247063629864161,2.783261660602051,0.0,0.0,0.02685171711349062,6.247063629864161,0.029183356494727378,3.3368861100894938,22.87309243697479,2.6700544429003514,0.0,1.4431792748433303,0.0,0.5016416630507942,1.6956665564009263,0.01829574534235764,-76.5892824761607,0.29733153528666584,-0.3636363636363637,-0.1727355596906177,0.12606320151004596,0.2926174106198593,-0.12870970960981937,-0.447311384043761,-0.4600897579740343,0.8404657338371974,0.002189829198016461,0.04577887539735929,Apparel Retail,Consumer Cyclical,TLYS
2019Q2,2019,Q2,2018-08-30,2018-08-04,9689000.0,157406000.0,12478000.0,0.33,50105000.0,0.3183169637752055,301582000.0,175347000.0,219285000.0,92760000.0,126235000.0,74815000.0,28756000.0,448066060.0,402428060.0,6.0031839501523505,2.3640038809831823,0.0,0.0,0.05316827808149035,6.0031839501523505,0.05525614923551586,2.8465627739730377,11.561204974713592,2.5553106697006505,0.0,1.4342177370848093,0.0,0.5219343329509055,1.4597671410090556,0.032127248973745116,25.519196947260507,0.3183169637752055,7.250000000000001,1.155472601019797,0.2143687004531747,0.3213380967514287,0.4325127941218515,6.922322158626328,8.374906085649886,15.7828920758279,0.17429435575224309,0.02515270385237356,Apparel Retail,Consumer Cyclical,TLYS
2019Q1,2019,Q1,2018-06-13,2018-05-05,1223000.0,123634000.0,1331000.0,0.04,34977000.0,0.2829076144102755,259866000.0,163758000.0,176047000.0,62775000.0,96108000.0,56837000.0,19068000.0,324823600.0,283633600.0,5.631292984869326,2.8044125846276384,0.0,0.0,0.0057995082335614255,5.631292984869326,0.007468337424736501,2.6272999336752028,66.39893704006542,1.983558665836173,23.766966475878988,1.559846578813097,0.08948549304915036,0.4757605843011398,1.7513978494623657,0.004706271693872996,-142.71687170474516,0.2829076144102755,-0.8260869565217391,-0.49539613425225104,0.07894042158055342,0.29401514676791457,-0.32006920415224915,-0.8174626865671641,-0.8836741828351686,-0.07577624906922008,-0.0034289238050758293,-0.03160377186608195,Apparel Retail,Consumer Cyclical,TLYS
2018Q4,2018,Q4,2018-01-31,2018-01-31,6700000.0,164318000.0,11442000.0,0.23,51442000.0,0.3130636935697854,290111000.0,160425000.0,203054000.0,95631000.0,129686000.0,53216000.0,16398000.0,432157800.0,378955800.0,5.538581046090108,2.1233072957513777,0.0,0.0,0.040309103553555124,5.538581046090108,0.04176406420445691,2.6300088852103847,16.12529104477612,2.6938307620383357,0.0,2.1210914010823814,0.0,0.5663969997690539,1.467139316748753,0.0230946086153231,39.33713817586018,0.3130636935697854,-0.23333333333333328,-0.3492378989930926,0.11573668146444353,0.3073008017498528,0.026909410308619795,-0.23489779604887517,-0.18920068027210885,-0.08740984563256907,0.04058731914241998,-0.02164043896152254,Apparel Retail,Consumer Cyclical,TLYS
2018Q3,2018,Q3,2017-10-31,2017-10-31,8757000.0,152824000.0,14112000.0,0.3,50094000.0,0.3277888289797414,292902000.0,179130000.0,197521000.0,79440000.0,113772000.0,62242000.0,38765000.0,342793620.0,304036620.0,6.223681467583907,2.486417421953676,0.0005291872366866734,0.00086529336236253,0.04753857910212735,6.223681467583907,0.0488862837045721,2.2430614301418625,9.786274409044193,1.9136583486853123,0.0,1.6504932360785323,0.0,0.5217581307058333,1.5800604229607251,0.029897371817194828,28.435804230609705,0.3277888289797414,16.0,-0.09457499327439024,0.17583481179711763,0.6135297616321,0.22392435681301767,15.692953020134228,12.389830508474576,0.6675878124982034,0.1334235334987387,0.1576636606347541,Apparel Retail,Consumer Cyclical,TLYS
2018Q2,2018,Q2,2017-07-31,2017-07-31,-596000.0,138810000.0,-1239000.0,-0.02,40929000.0,0.29485627836611195,296857000.0,169618000.0,200884000.0,94159000.0,127239000.0,75033000.0,30008000.0,286934980.0,243753980.0,5.899551319954089,2.1334551131596555,0.0013002893649130727,0.002275701871263663,-0.004159161116098227,5.899551319954089,-0.00351377801884234,2.067105972192205,-120.35863255033559,1.6916540697331652,0.0,1.304506017352365,0.0,0.46759887757405083,1.2368440616404168,-0.0020077006774305473,72.90014735772358,0.29485627836611195,-1.0,0.5108074471668745,0.2531565180149448,0.6727792041278808,0.24385351770247682,-2.701863354037267,-2.765957446808511,-1.4587063198790862,0.09907166903112927,0.14206957782887167,Apparel Retail,Consumer Cyclical,TLYS
2018Q1,2018,Q1,2017-04-30,2017-04-30,-161000.0,120947000.0,-329000.0,-0.01,32905000.0,0.2720613161136696,268363000.0,169473000.0,174333000.0,64534000.0,98890000.0,55437000.0,30604000.0,265521250.0,213320250.0,5.903954014979969,2.701413208541234,0.0022804932125516557,0.0036111947035811012,-0.0034100008967757078,5.903954014979969,-0.0009500038354192113,2.1953520963727913,-412.3000776397515,1.5667466204056102,-124.72049689440993,1.5881451016469146,0.07562483228743462,0.45068433427857046,1.7104627018315925,-0.0005999336719294388,-33.09913363251059,0.2720613161136696,-1.0454545454545454,-1.0189678016853894,-0.12696383601062278,0.7869651063833557,-0.32937268169404477,-1.025539340101523,-1.0316437433875156,-1.265567616907034,0.060925469872279696,0.1616043845793629,Apparel Retail,Consumer Cyclical,TLYS
2017Q4,2017,Q4,2017-03-20,2017-01-28,6304000.0,160216000.0,10397000.0,0.22,49066000.0,0.3062490637639187,290506000.0,189220000.0,195215000.0,65396000.0,101286000.0,47768000.0,51023000.0,340780830.0,262621830.0,6.613077971551393,2.9851214141537707,0.00287429519527996,0.004412852763978438,0.03256075649336028,6.613077971551393,0.033315717154634814,2.1270087257202777,13.514468194796954,1.800976799492654,0.0,2.326871545804723,0.0,0.5515066814454779,2.1087834118294695,0.02170006815693996,12.800722334910976,0.3062490637639187,0.0,-0.6819869583981635,-0.08900050365707068,7.730868164428898,0.02286893618795472,-0.017609474832476234,-0.025311709009093467,0.1383306417670414,0.12003466790896719,0.3131551334978863,Apparel Retail,Consumer Cyclical,TLYS
2017Q3,2017,Q3,2016-12-05,2016-10-29,6417000.0,152106000.0,10667000.0,0.22,47969000.0,0.31536560030505045,284771000.0,180274000.0,186151000.0,67402000.0,104497000.0,65016000.0,44719000.0,266306700.0,223978700.0,6.329401025208904,2.7618023204059226,0.003701219576431589,0.005846655646404917,0.03484790364244822,6.329401025208904,0.03559581525899464,1.750796812749004,10.37504675081814,1.4772329897822203,0.0,1.601713424387843,0.0,0.5341344448697375,1.6493575858283136,0.022533895656509966,29.596210268948656,0.31536560030505045,3.3999999999999995,-0.6292880467405554,-0.004617622471689131,0.0,0.23513659654453228,3.4780181437543614,3.779121863799283,0.022338565764545234,0.20305080451380997,0.3096543350172534,Apparel Retail,Consumer Cyclical,TLYS
2017Q2,2017,Q2,2016-09-06,2016-07-30,1433000.0,136412000.0,2232000.0,0.05,38837000.0,0.2847036917573234,295965000.0,173270000.0,197174000.0,83944000.0,122695000.0,76820000.0,38301000.0,161948780.0,106753780.0,6.087766144332795,2.348875440770037,0.00429442670586049,0.007335372539966526,0.00783145860057008,6.087766144332795,0.008270329543487043,1.187203325220655,28.253450802512212,0.9346613955098979,0.0,1.270177037229888,0.0,0.460905850353927,1.2547889068903078,0.004841788725018161,19.983807996051333,0.2847036917573234,1.5000000000000002,-0.709727113304608,0.09850477500727844,0.854951748783569,0.19179427379016173,1.522040072859745,1.5626417948071591,-0.6728393852038966,0.08002332026188229,0.33995516336232473,Apparel Retail,Consumer Cyclical,TLYS
2017Q1,2017,Q1,2016-06-08,2016-04-30,-2745000.0,120218000.0,-3967000.0,-0.1,32587000.0,0.2710658969538671,269974000.0,171216000.0,170102000.0,58115000.0,98758000.0,59719000.0,36868000.0,178793250.0,136803250.0,6.0234300791556725,2.926989589606814,0.005496825620244912,0.0086674142603495,-0.01606700981151243,6.0234300791556725,-0.01603238015138772,1.4872419271656492,-16.28353825136612,1.0442555018222597,0.0,1.4673889381938747,0.0,0.4452947320853119,1.622352232642175,-0.010167645773296688,-14.527768749492159,0.2710658969538671,-2.0,-1.397407081663898,0.017503744474169053,0.8504308800379928,-0.34769902115819606,-1.9518030513176143,-1.4186365555086535,-2.1586716845845357,0.07330455096173925,0.3841243527672301,Apparel Retail,Consumer Cyclical,TLYS
2016Q4,2016,Q4,2016-03-30,2016-01-30,2884000.0,159086000.0,9476000.0,0.1,49957000.0,0.31402511848937054,270751000.0,173213000.0,170674000.0,55812000.0,97538000.0,51357000.0,39613000.0,184413350.0,135086350.0,6.095829667429174,3.0580161972335698,0.006252977828336738,0.009774093168526612,0.016310128852337385,6.095829667429174,0.01665002049499749,1.159205398338006,15.985900658807212,1.064662294400536,0.0,2.1249099441166734,0.0,0.5875730837559233,1.9054862753529707,0.010651853548094005,7.424645704162976,0.31402511848937054,0.0,-0.8534992943176827,-0.0891225539680723,7.204406786187454,0.11908335386752089,0.024875621890547265,0.7590495637646185,-0.714458932751316,0.10111937847282243,0.43883116365813085,Apparel Retail,Consumer Cyclical,TLYS
2016Q3,2016,Q3,2015-12-08,2015-10-31,2814000.0,141692000.0,5387000.0,0.1,44641000.0,0.3150566016430003,272392000.0,169698000.0,166142000.0,59498000.0,102694000.0,70110000.0,36729000.0,207094320.0,162659320.0,5.97359898620107,2.7923963830717,0.0069752415636288876,0.011196360593524968,0.016156225749170514,5.97359898620107,0.016582399321146978,1.4615808937695847,18.398571428571426,1.2203698334688682,0.0,1.3842675795179005,0.0,0.5201768040177391,1.3912568489697132,0.010330699873711416,-967.7304672897196,0.3150566016430003,4.0,-0.83701093579007,-0.07035153776237658,0.0,0.2198327686085911,4.025,3.8795289855072466,-0.705217608438798,0.10453731176429834,0.5486942573287827,Apparel Retail,Consumer Cyclical,TLYS
2016Q2,2016,Q2,2015-09-09,2015-08-01,560000.0,130023000.0,1104000.0,0.02,36596000.0,0.2814578959107235,285547000.0,165915000.0,181245000.0,75540000.0,119632000.0,79923000.0,33914000.0,256413650.00000003,206791650.00000003,5.855892422263791,2.3993248610007942,0.007364812097483076,0.012675164994123496,0.0032622255336963294,5.855892422263791,0.003375222252358135,1.9720637887143047,114.47037946428573,1.5454518880149477,0.0,1.1689626265280333,0.0,0.45534710573040516,1.1662695260788987,0.0019611482523017227,-92.76904848046311,0.2814578959107235,-0.6,-0.33785800968039775,0.3101797348429408,0.0,0.015089315433263065,-0.5631825273010921,-0.4814466885861907,1.4664251901844072,0.19114638867560974,0.6604000091398718,Apparel Retail,Consumer Cyclical,TLYS
2016Q1,2016,Q1,2015-06-11,2015-05-02,1282000.0,120190000.0,2129000.0,0.05,36052000.0,0.29995839920126466,262607000.0,163828000.0,158468000.0,55972000.0,98779000.0,61696000.0,33354000.0,387660480.0,345782480.0,5.815071167429808,2.831201314943186,0.008769758612679784,0.014057426081011792,0.007582796518002002,5.815071167429808,0.00782528017188759,3.2253971212247277,75.5968174726989,2.3662651073076644,0.0,1.3637512966804979,0.0,0.4576801075371182,1.5119524047738155,0.0048818196011530535,-47.80030579531443,0.29995839920126466,-0.8,-0.4514218070572188,0.3260416949522096,0.0,-0.2642749275539774,-0.8195636875439831,-0.810029445882038,-0.8461124074920402,-0.11604547242131519,0.7600627039044184,Apparel Retail,Consumer Cyclical,TLYS
2015Q4,2015,Q4,2015-04-01,2015-01-31,7105000.0,152817000.0,11207000.0,0.25,49002000.0,0.32065804197177017,257551000.0,158686000.0,153284000.0,55296000.0,98865000.0,51507000.0,32072000.0,385145940.0,337856940.0,5.661089508044665,2.7720630787037037,0.009706815349192975,0.015754382869314243,0.043390790841869295,5.661089508044665,0.044773956114591076,2.5203082117827207,13.551933145672061,2.4270946397287725,0.0,2.0155512842914556,0.0,0.5933465604870491,1.617259837962963,0.027586769222406438,16.46063509701684,0.32065804197177017,0.38888888888888895,-0.6341377407708374,-0.11303042022736344,6.761923163404238,0.20849363717076058,0.3895951496186192,0.30663402121954064,-0.6341377407708374,-0.11303042022736344,6.761923163404238,Apparel Retail,Consumer Cyclical,TLYS
2015Q3,2015,Q3,2014-12-09,2014-11-01,5113000.0,131283000.0,8577000.0,0.18,40548000.0,0.3088594867576152,252653000.0,150659000.0,142035000.0,57520000.0,101994000.0,62196000.0,24967000.0,199530880.0,170866880.0,5.376070510990579,2.4693150208623087,0.010662845879526464,0.017881440869778772,0.032850029594217366,5.376070510990579,0.03393756761959126,1.5198531416862808,9.756057109329161,1.32438739139381,0.0,1.4588558749758826,0.0,0.5196178157393737,1.1679937413073713,0.020237242383822872,48.689819424109324,0.3088594867576152,2.6,-0.6997930785776498,-0.12684277457038612,0.0,0.170047612177175,3.0387045813586098,2.682696436238729,-0.6997930785776498,-0.12684277457038612,0.0,Apparel Retail,Consumer Cyclical,TLYS
2015Q2,2015,Q2,2014-09-09,2014-08-02,1266000.0,123060000.0,2329000.0,0.05,34655000.0,0.28161059645701286,261110000.0,144711000.0,150184000.0,72054000.0,116399000.0,70387000.0,19854000.0,208984440.0,179461440.0,5.1656671664167915,2.0843256446553973,0.011048983187162499,0.019936286806117018,0.008398597857540819,5.1656671664167915,0.00874847109065655,1.6982320819112628,41.26864928909953,1.4441503410245247,0.0,1.2559847699148992,0.0,0.471295622534564,0.9390734726732728,0.004848531270345831,41.83035228182546,0.28161059645701286,1.5,0.5139594596097499,0.25413718133438945,0.0,0.10623423883550931,1.1421319796954315,1.1624883936861652,-0.7394540797385354,0.006830987440040989,0.5739867657200987,Apparel Retail,Consumer Cyclical,TLYS
2015Q1,2015,Q1,2014-06-11,2014-05-03,591000.0,111134000.0,1077000.0,0.02,31327000.0,0.281884931704069,236322000.0,142226000.0,126461000.0,48353000.0,94096000.0,52850000.0,18588000.0,324882630.0,300559630.0,5.0825858556981025,2.6153702976030444,0.013003444452907473,0.021606457328477213,0.003983231337449113,5.0825858556981025,0.004155358373293209,2.9233414616588984,137.4292005076142,2.284270316257224,0.0,1.510066225165563,0.0,0.4702651467066122,1.2752673050276095,0.0025008251453525277,-41.439110969387755,0.281884931704069,-0.8947368421052632,-0.7453892020077547,0.23445315364803224,0.0,-0.28393791858099615,-0.8908788774002954,-0.8728453364817002,-0.9130865609322767,-0.0445242602840218,0.561398355128981,Apparel Retail,Consumer Cyclical,TLYS
2014Q4,2014,Q4,2014-04-01,2014-02-01,5416000.0,139896000.0,8470000.0,0.19,43749000.0,0.3127251672671127,232407000.0,140923000.0,126938000.0,46228000.0,91484000.0,46266000.0,17997000.0,324882630.0,302728630.0,5.036021870421327,2.7459115687462146,0.014018510630058476,0.02311900825273376,0.03686003889079325,5.036021870421327,0.03843233538882936,2.3223153628409676,14.996428637370753,2.305391100104312,0.0,2.078135131630139,0.0,0.6019440034078147,1.4904386951631046,0.02330394523400758,32.976312423873324,0.3127251672671127,-0.13636363636363635,-0.7206320993800344,-0.1866327691055252,6.12572200551789,0.14550167574361123,-0.11863303498779496,-0.16551724137931034,-0.7206320993800344,-0.1866327691055252,6.12572200551789,Apparel Retail,Consumer Cyclical,TLYS
2014Q3,2014,Q3,2013-12-10,2013-11-02,6145000.0,123779000.0,10150000.0,0.22,38192000.0,0.3085499155753399,232095000.0,134760000.0,126266000.0,52742000.0,97335000.0,56378000.0,12581000.0,401529600.0,384312600.0,4.832879070434658,2.3940313222858443,0.01482151705120748,0.025526862570495697,0.04289441521993373,4.832879070434658,0.04559958444642327,3.2439234442029745,16.335622457282344,2.979590382902938,0.0,1.5180921636099187,0.0,0.5333117904306426,1.071062910014789,0.026476227406880805,-188.6887218045113,0.3085499155753399,0.46666666666666673,-0.637388272658763,-0.1726181689138426,0.0,0.0009697287380421963,0.4401218654792594,0.40991804417280175,-0.637388272658763,-0.1726181689138426,0.0,Apparel Retail,Consumer Cyclical,TLYS
2014Q2,2014,Q2,2013-09-11,2013-08-03,4267000.0,123043000.0,7199000.0,0.15,38155000.0,0.31009484489162326,235732000.0,125971000.0,137360000.0,65949000.0,109761000.0,63399000.0,6435000.0,406200550.0,388936550.0,4.543261081256537,2.0828215742467666,0.015352179593775984,0.02872883441426995,0.03224287373647067,4.543261081256537,0.03387287550309198,3.3012893866371917,23.798954183266932,3.224556048614364,0.0,1.338948563857474,0.0,0.5219613798720582,0.9360414866032843,0.018101063920044798,214.2407964135021,0.31009484489162326,0.8749999999999999,4.155555007820627,0.26694361199600175,0.0,0.18501149139698117,0.848786828422877,0.8378861373500127,4.155555007820627,0.26694361199600175,0.0,Apparel Retail,Consumer Cyclical,TLYS
2014Q1,2014,Q1,2013-06-13,2013-05-04,2308000.0,109119000.0,3917000.0,0.08,32198000.0,0.29507235220264116,209671000.0,120510000.0,118689000.0,46861000.0,89161000.0,49665000.0,2168000.0,426179880.0,411351880.0,4.351798353315036,2.5327884594865666,0.01810455427789251,0.03149946062567422,0.018245131606201153,4.351798353315036,0.01915193759853954,3.905643196876804,46.16333188908146,3.5364690067214344,0.0,1.548796939494614,0.0,0.520429625460841,1.2088517103774994,0.011007721621015782,-49.980049255306675,0.29507235220264116,-0.7714285714285714,0.004766371357645723,0.22480794359524545,0.0,-0.31236118229967536,-0.7654709887206584,-0.7355879573376536,0.004766371357645723,0.22480794359524545,0.0,Apparel Retail,Consumer Cyclical,TLYS
2013Q4,2013,Q4,2013-04-03,2013-02-02,9841000.0,140770000.0,14814000.0,0.35,46824000.0,0.332627690559068,205381000.0,117296000.0,121098000.0,47207000.0,88085000.0,46595000.0,-140000.0,402831300.0,389487300.0,4.23665390450047,2.5652551528375027,0.019329928279636383,0.033845996453416995,0.07881906772323422,4.23665390450047,0.08389885418087574,2.8616274774454786,10.23349507163906,3.4343140431046244,0.0,2.0162249168365705,0.0,0.6854090689985929,1.33700510517508,0.0479158247354916,54.06405851563549,0.332627690559068,0.06060606060606049,-0.48693647784566574,-0.17277139623566276,5.312115933333811,0.11997703788748565,0.058855175381966864,0.06821459475050476,-0.48693647784566574,-0.17277139623566276,5.312115933333811,Apparel Retail,Consumer Cyclical,TLYS
2013Q3,2013,Q3,2012-12-04,2012-10-27,9294000.0,124895000.0,13868000.0,0.33,41808000.0,0.33474518595620323,196959000.0,106682000.0,118188000.0,50138000.0,90277000.0,49870000.0,-9981000.0,450272240.00000006,429530240.00000006,3.857184178176296,2.357253979017911,0.021024680263405073,0.038816295157571096,0.08108827889205758,3.857184178176296,0.08711872668303931,3.605206293286361,12.11190660641274,4.220695525018279,0.0,1.6660717866452777,0.0,0.6341167451093882,1.155072001276477,0.047187485720378355,257.00470319634707,0.33474518595620323,9.25,-0.44708683803425037,-0.1583367512024756,0.0,0.34240945286411506,9.039792387543253,5.179626280892104,-0.44708683803425037,-0.1583367512024756,0.0,Apparel Retail,Consumer Cyclical,TLYS
2013Q2,2013,Q2,2012-09-07,2012-07-28,-1156000.0,105101000.0,-3318000.0,-0.04,31144000.0,0.29632448787356924,197215000.0,96211000.0,122568000.0,62555000.0,101004000.0,54687000.0,-19276000.0,441663200.00000006,424477200.00000006,3.5267961876832845,1.9593637598912956,0.021849250817635574,0.044786978619908324,-0.011162046402179566,3.5267961876832845,-0.012015258130567192,4.2022740031017785,-95.51539792387544,4.59056864599682,-72.68771626297578,1.3523689359445572,0.19025130461401354,0.532925994473037,0.9141395571896731,-0.005861623101691048,156.50715804394048,0.29632448787356924,-1.1379310344827585,-2.4196102703154088,0.09993175255283249,0.0,0.023867446906436978,-1.1954683801149815,-1.5506140059741123,-2.4196102703154088,0.09993175255283249,0.0,Apparel Retail,Consumer Cyclical,TLYS
2013Q1,2013,Q1,2012-06-11,2012-04-28,5914000.0,96524000.0,6026000.0,0.29,30418000.0,0.3151340599229207,145163000.0,66078000.0,75963000.0,41569000.0,79085000.0,40267000.0,65908000.0,336200000.0,318959000.0,3.3039,1.827395414852414,0.030827414699337984,0.0677229940373498,0.07940368706125485,3.3039,0.0895002875389691,3.483071567693009,14.212039228948257,5.0879263900239105,0.043963476496449105,1.6416917078501005,0.0007733491969066032,0.6649352796511507,0.725540667324208,0.040740409057404434,-93.57083217367102,0.3151340599229207,-0.573529411764706,2.5647980711271856,0.500124331717021,0.0,-0.26450177720821144,-0.5731812933025404,-0.5712557808609036,2.5647980711271856,0.500124331717021,0.0,Apparel Retail,Consumer Cyclical,TLYS
2012Q4,2012,Q4,2012-01-28,2012-01-28,13856000.0,122929000.0,14055000.0,0.68,41357000.0,0.33642997177232387,145682000.0,-19650000.0,78842000.0,130170000.0,165332000.0,36531000.0,-19820000.0,336200000.0,399747000.0,-0.9825,0.6056848736267957,0.6084348100657597,-4.510839694656489,0.1888123435835185,-0.9825,-0.7051399491094148,2.734912022386906,6.065964203233256,-17.10941475826972,0.3762990762124711,2.232952834578851,0.015508625817965497,0.8438173556101646,0.24349696550664515,0.09511126975192542,22.734649715985935,0.33642997177232387,0.15254237288135608,0.0,0.0,0.0,0.15335489988287132,0.13994241053064582,0.1386098509397278,0.0,0.0,0.0,Apparel Retail,Consumer Cyclical,TLYS
2012Q3,2012,Q3,2011-10-29,2011-10-29,12155000.0,107304000.0,12344000.0,0.59,35858000.0,0.33417207187057335,,,,,,,,336200000.0,,,0.0,0.0,0.0,0.0,,0.0,3.133154402445389,6.914849856026326,0.0,2.139942410530646,0.0,0.07736763831052945,0.0,0.0,0.0,30.886541111621497,0.33417207187057335,2.470588235294117,0.0,0.0,0.0,0.3942763823003344,2.5038916114153933,2.4664420106711598,0.0,0.0,0.0,Apparel Retail,Consumer Cyclical,TLYS
2012Q2,2012,Q2,2011-07-30,2011-07-30,3469000.0,87260000.0,3561000.0,0.17,25718000.0,0.2947283978913592,149806000.0,65638000.0,87347000.0,52643000.0,84168000.0,45239000.0,65468000.0,336200000.0,310205000.0,3.2819,1.6592329464506201,0.03308946237133359,0.07552027788780889,0.046595817960206155,3.2819,0.052850482951948566,3.8528535411414166,24.228884404727587,5.122032968707151,0.8457768809455174,1.3603748977652026,0.008726948245092207,0.5824866827763908,0.7012518283532474,0.02315661588988425,63.770864946889226,0.2947283978913592,-0.2825006119847721,4.8107202680067,0.2456283099938619,0.0,-0.018734022663970392,-0.2862139917695473,-0.2827794561933535,4.8107202680067,0.2456283099938619,0.0,Apparel Retail,Consumer Cyclical,TLYS
2012Q1,2012,Q1,2011-04-30,2011-04-30,4860000.0,83131000.0,4965000.0,0.236934,26209000.0,0.31527348401919864,133579000.0,65103000.0,74512000.0,35881000.0,68476000.0,35631000.0,64933000.0,336200000.0,312543000.0,3.25515,2.0766422340514477,0.038276974674162856,0.07853708738460594,0.06516005552469854,3.25515,0.07465093774480439,4.044219364617291,17.29423868312757,5.164124541111776,0.3804526748971193,1.5975414667003451,0.005499702558001191,0.6223358462033702,0.9665282461469858,0.0363829643881149,237.42937853107344,0.31527348401919864,0.0,1.929475587703436,0.29197749595921924,0.0,0.0,0.0,0.0,1.929475587703436,0.29197749595921924,0.0,Apparel Retail,Consumer Cyclical,TLYS
2011Q2,2011,Q2,2010-07-31,2010-07-31,597000.0,70053000.0,665000.0,0.029,18762000.0,0.267825789045437,,,,,,,,336200000.0,,,0.0,0.0,0.0,0.0,,0.0,4.799223445105849,140.78726968174203,0.0,3.3484087102177553,0.0,0.005945865556216538,0.0,0.0,0.0,-156.8097014925373,0.267825789045437,-0.641439681499524,0.0,0.0,0.0,0.0073016213894556,-0.6401446654611211,-0.6219442865264355,0.0,0.0,0.0,Apparel Retail,Consumer Cyclical,TLYS
2011Q1,2011,Q1,2010-04-30,2010-04-30,1659000.0,64344000.0,1759000.0,0.080879,18626000.0,0.2894753201541713,,,,,,,,336200000.0,,,0.0,0.0,0.0,0.0,,0.0,5.225040407808032,50.663050030138635,0.0,3.0325497287522603,0.0,0.014964306960142773,0.0,0.0,0.0,211.84625078764967,0.2894753201541713,0.0,0.0,0.0,0.0,0.0,0.0,0.0,0.0,0.0,0.0,Apparel Retail,Consumer Cyclical,TLYS
