Quarters,Year,Quarter,FillingDate,Date,NetIncome,Revenue,OperatingIncome,EPSDiluted,GrossProfit,GrossProfitRatio,TotalAssets,CommonStockEquity,CurrentAssets,CurrentLiability,TotalLiability,Inventory,RetainedEarnings,MarketCap,EnterpriseValue,bookValuePerShare,currentRatio,debtToAssets,debtToEquity,roic,shareholdersEquityPerShare,roe,priceToSalesRatio,peRatio,pbRatio,payoutRatio,inventoryTurnover,dividendYield,assetTurnover,quickRatio,returnOnAssets,priceToFreeCashFlowsRatio,grossProfitMargin,epsdilutedGrowth,fiveYNetIncomeGrowthPerShare,fiveYRevenueGrowthPerShare,fiveYShareholdersEquityGrowthPerShare,grossProfitGrowth,netIncomeGrowth,operatingIncomeGrowth,threeYNetIncomeGrowthPerShare,threeYRevenueGrowthPerShare,threeYShareholdersEquityGrowthPerShare,Industry,Sector,Symbol
2023Q1,2023,Q1,2023-05-05,2023-03-31,-24086000.0,481714000.0,-34970000.0,-0.0754,381800000.0,0.7925864725,3139744000.0,1512099000.0,2462992000.0,772954000.0,1627645000.0,34858000.0,-226352000.0,23199320760.0,23823103760.0,4.735876298992126,3.1864664650160295,0.26955414199374217,0.5597060774459873,-0.016729787797797588,4.735876298992126,-0.01592885121939767,48.15994710554396,-240.79673627833597,15.342461545176604,0.0,2.8663147627517356,0.0,0.15342461041409747,3.0854824478558878,-0.0076713260698961444,199.41481007761934,0.7925864724712174,0.17595628415300552,0.347891804260472,0.7670469086397417,0.0,0.02457586638113793,0.17042088585795964,-0.009876400600669978,-4.44007705041078,2.396315616410921,0.7427413695672769,Software—Application,Technology,DDOG
2022Q4,2022,Q4,2023-02-24,2022-12-31,-29034000.0,469399000.0,-34628000.0,-0.0915,372642000.0,0.7938704599,3004852000.0,1410505000.0,2344234000.0,759748000.0,1594347000.0,33054000.0,-202266000.0,23325078000.0,23823614000.0,4.444663271865586,3.0855415216624458,0.27872287886391744,0.5937738611348418,-0.016571009394714675,4.444663271865586,-0.020584117036097,49.69136704594599,-200.84278776606735,16.536685796930886,0.0,2.927240273491862,0.0,0.15621368373550512,3.006098074624744,-0.009662372722516783,242.08444126163715,0.7938704598859393,-0.1131386861313869,-0.13954182366979687,0.9697087381926047,5.7955438970679,0.08662891401844086,-0.1173369251491245,-0.1048433412034969,-31.241325426390404,2.8332513895493765,0.6732090015907297,Software—Application,Technology,DDOG
2022Q3,2022,Q3,2022-11-04,2022-09-30,-25985000.0,436533000.0,-31342000.0,-0.0822,342934000.0,0.7855855113,2797603000.0,1289439000.0,2176569000.0,674408000.0,1508164000.0,0.0,-173232000.0,28053592200.0,28595465200.0,4.080632298490459,3.2273771960000475,0.299073170853763,0.6488775351141077,-0.015875069665211617,4.080632298490459,-0.020152174705433915,64.26453945062572,-269.9017914181258,21.75643221587062,0.0,0.0,0.0,0.15603822272137968,3.1362216936928387,-0.009288308598468046,418.0863219076006,0.7855855112900972,-4.3032258064516125,-0.44377802440838476,1.2191706245544929,0.0,0.05774290358498888,-4.325886452141832,-7.918763796909492,-1.0528956958602218,0.49693661918072674,-0.4503883243914048,Software—Application,Technology,DDOG
2022Q2,2022,Q2,2022-08-08,2022-06-30,-4879000.0,406138000.0,4530000.0,-0.0155,324213000.0,0.7982828497,2654487000.0,1215120000.0,2069588000.0,625876000.0,1439367000.0,0.0,-147247000.0,29981075800.0,30553504800.0,3.860035896377007,3.306706120701225,0.30562892189715,0.6676608071630785,0.9565467619173912,3.860035896377007,-0.004015241293041017,73.81992278486622,-1536.230569788891,24.67334567779314,0.0,0.0,0.0,0.15300056093700967,3.209966510938269,-0.001838019926260705,498.3059502044344,0.7982828496717864,-1.5496453900709222,0.6779949486272888,0.2719044227897632,4.147049116389916,0.12352374483657232,-1.5010269049086054,-0.718651015464878,0.6779949486272888,0.2719044227897632,4.147049116389916,Software—Application,Technology,DDOG
2022Q1,2022,Q1,2022-05-06,2022-03-31,9738000.0,363030000.0,16101000.0,0.0282,288568000.0,0.7948874749,2529015000.0,1116857000.0,2003671000.0,601972000.0,1412158000.0,0.0,-142368000.0,47479180320.0,48015949320.0,3.563042340870808,3.328511957366788,0.3196718880670933,0.723866170870577,0.007231978119434622,3.563042340870808,0.008719110861999342,130.7858312536154,1218.9150831792977,42.51142296641379,0.0,0.0,0.0,0.14354600506521314,3.2332915816682504,0.003850510969685826,365.50280844643225,0.7948874748643363,0.36231884057971014,1.2685517801209425,0.35645257616763876,0.0,0.11395141459723836,0.3583484446924257,0.13900679117147707,1.2685517801209425,0.35645257616763876,0.0,Software—Application,Technology,DDOG
2021Q4,2021,Q4,2022-02-25,2021-12-31,7169000.0,326198000.0,14136000.0,0.0207,259049000.0,0.7941465,2380794000.0,1041203000.0,1870948000.0,528696000.0,1339591000.0,-6768000.0,-152106000.0,55537725870.00001,56074497870.00001,3.339147641084354,3.5387973428964847,0.33927546860417157,0.7757805154230251,0.00618242996803687,3.339147641084354,0.00688530478686673,170.2577142410438,1936.731966452783,53.339959517980645,0.0,-9.92154255319149,0.0,0.13701227405647023,3.461418281961657,0.0030111803037138033,520.5864652287619,0.7941464999785406,2.035,1.2863636926700912,0.3930834161576914,4.602754159797015,0.25050203711212804,2.3072574762946756,3.887844739530133,1.2863636926700912,0.3930834161576914,4.602754159797015,Software—Application,Technology,DDOG
2021Q3,2021,Q3,2021-11-05,2021-09-30,-5484000.0,270488000.0,-4895000.0,-0.02,207156000.0,0.7658602230043478,2194173000.0,957412000.0,1736336000.0,440202000.0,1236761000.0,0.0,-159275000.0,43853413450.0,44373704450.0,3.085966987593756,3.944407340266514,0.36790945836996447,0.8431657426478882,-0.003064989095297146,3.085966987593756,-0.005727941575831512,162.12702023749668,-1999.1526919219546,45.804119281981,0.0,0.0,0.0,0.12327560315435473,3.843072044197891,-0.002499347134432882,768.2394662158612,0.7658602230043478,0.3333333333333333,0.6896577529404788,0.40051371395051727,0.0,0.17401431558903038,0.4142277291177099,0.5048553510014161,0.6896577529404788,0.40051371395051727,0.0,Software—Application,Technology,DDOG
2021Q2,2021,Q2,2021-08-06,2021-06-30,-9362000.0,233549000.0,-9886000.0,-0.03,176451000.0,0.75552025485016,2076733000.0,912879000.0,1642386000.0,381057000.0,1163854000.0,0.0,-153791000.0,32058617520.0,32604054520.0,2.9637100308747186,4.31007959439139,0.38179149654770256,0.8685477483872451,-0.005429985527149602,2.9637100308747186,-0.010255466496655088,137.26720097281512,-856.0835697500535,35.11814547163425,0.0,0.0,0.0,0.11245981067378426,4.194871108521822,-0.004508042198973099,758.1557885775097,0.75552025485016,0.25000000000000006,0.36853276320015615,-0.2525034666693966,2.9518702688664757,0.1617560885681742,0.28359351086623813,0.22946219797349962,0.36853276320015615,-0.2525034666693966,2.9518702688664757,Software—Application,Technology,DDOG
2021Q1,2021,Q1,2021-05-07,2021-03-31,-13068000.0,198549000.0,-12830000.0,-0.04,151883000.0,0.7649648197674126,1952074000.0,841330000.0,1746857000.0,320814000.0,1110744000.0,0.0,-144429000.0,25504873560.0,25931381560.0,2.7491389845572716,5.445077209847451,0.407881053689563,0.9463753818359026,-0.007868078409526583,2.7491389845572716,-0.015532549653524776,128.45631838991886,-487.926108815427,30.31494604970701,0.0,0.0,0.0,0.10171182035107276,5.305276577705461,-0.0066944183468454575,573.5427727180733,0.7649648197674126,0.20000000000000004,0.6308742863562654,-0.2401345264866023,0.0,0.11127939476418339,0.19133663366336634,-0.435444170955471,0.6308742863562654,-0.2401345264866023,0.0,Software—Application,Technology,DDOG
2020Q4,2020,Q4,2021-03-01,2020-12-31,-16160000.0,177531000.0,-8938000.0,-0.05,136674000.0,0.7698599117900535,1890285000.0,957432000.0,1718080000.0,297844000.0,932853000.0,0.0,-148163000.0,29931371080.0,30298634080.0,3.1488569577414762,5.7683888209935406,0.3132808015722497,0.6185191219846422,-0.0058880255112664205,3.1488569577414762,-0.01687848327609689,168.59799742016887,-463.0472011138614,31.262137760175133,0.0,0.0,0.0,0.0939175838564026,5.669592135480318,-0.008548975419050567,1797.4640331491712,0.7698599117900535,0.0,0.3380190180806145,-0.22247419718841252,4.397441120460563,0.13242909579007547,-0.06666666666666667,0.03550232006042948,0.3380190180806145,-0.22247419718841252,4.397441120460563,Software—Application,Technology,DDOG
2020Q3,2020,Q3,2020-11-12,2020-09-30,-15150000.0,154675000.0,-9267000.0,-0.05,120691000.0,0.7802877000161629,1814284000.0,936188000.0,1652975000.0,254650000.0,878096000.0,0.0,-132003000.0,30908916640.0,31293134640.0,3.0942839955842594,6.491164343216179,0.3211961302640601,0.6224615141403222,-0.0060908385828650595,3.0942839955842594,-0.01618264707516012,199.83136667205432,-510.0481293729373,33.01571547595141,0.0,0.0,0.0,0.08525401756285124,6.345085411348911,-0.008350401590930636,1079.1842687057017,0.7802877000161629,-59.27505827505827,0.1208544569168285,-0.17877118475558412,0.0,0.08599528497129591,-54.34507042253521,-15.169724770642201,0.1208544569168285,-0.17877118475558412,0.0,Software—Application,Technology,DDOG
2020Q2,2020,Q2,2020-08-07,2020-06-30,284000.0,140012000.0,654000.0,0.000858,111134000.0,0.793746250321401,1783706000.0,912871000.0,1626072000.0,241408000.0,870835000.0,0.0,-116853000.0,26021265650.0,26389208650.0,3.05035637073249,6.735783404029693,0.3218832027251128,0.6289442867612182,0.00014465964206103428,3.05035637073249,0.00031110638852587056,185.8502531925835,22906.043705985914,28.504866131140105,0.0,0.0,0.0,0.07849499861524264,6.585850510339342,0.00015921906412828124,1398.767169273773,0.793746250321401,-0.9571,1.0197160178276157,-0.5387725923455566,3.067406232514365,0.060752703566894786,-0.9561660750115759,-0.8268925357331922,1.0197160178276157,-0.5387725923455566,3.067406232514365,Software—Application,Technology,DDOG
2020Q1,2020,Q1,2020-05-12,2020-03-31,6479000.0,131248000.0,3778000.0,0.02,104769000.0,0.7982521638424966,1066656000.0,802895000.0,933065000.0,210638000.0,263761000.0,0.0,-117137000.0,10630470900.0,10495598900.0,2.7174865884821715,4.429708789487177,0.012596375963759638,0.0167344422371543,0.004187688095902254,2.7174865884821715,0.008069548322009727,80.99529821406803,410.18949297731126,13.240175739044332,0.0,0.0,0.0,0.12304623046230462,4.287787578689505,0.006074123241232412,550.4593465202983,0.7982521638424966,6.347538574577517,1.1895620900879704,-0.4797165198365516,0.0,0.19164012738853503,6.271604938271605,2.6672550750220654,1.1895620900879704,-0.4797165198365516,0.0,Software—Application,Technology,DDOG
2019Q4,2019,Q4,2020-02-25,2019-12-31,891000.0,113644000.0,-2266000.0,0.002722,87920000.0,0.7736440111224526,1038041000.0,782341000.0,903942000.0,200239000.0,255700000.0,0.0,-123616000.0,11126776700.0,10589905700.0,2.6563706432609546,4.514315393105239,0.011479315364229352,0.01523120991997096,-0.0018868101982126443,2.6563706432609546,0.0011388895635023601,97.90905547147231,3121.9912177328843,14.222412860888026,0.0,0.0,0.0,0.10947929802387382,4.389469583847302,0.0008583475989869379,1024.7537944372812,0.7736440111224526,1.06805,1.037681609770826,-0.4861519535184577,3.866075841397427,0.21156999738173,1.2141312184571016,0.46277856804172596,1.037681609770826,-0.4861519535184577,3.866075841397427,Software—Application,Technology,DDOG
2019Q3,2019,Q3,2019-11-13,2019-09-30,-4161000.0,95864000.0,-4218000.0,-0.04,72567000.0,0.7569786364015689,1006753000.0,771235000.0,872476000.0,176661000.0,235518000.0,0.0,-124507000.0,3522435159.9999995,2823396159.9999995,7.42457352997805,4.938701807416464,0.01015343386113575,0.013254066529656978,-0.005041387251686623,7.42457352997805,-0.005395242695157766,36.74408703997329,-211.63393174717615,4.567265697225878,0.0,0.0,0.0,0.09522097277087826,4.822218825886868,-0.0041330892483061885,-962.4139781420764,0.7569786364015689,0.20000000000000004,0.29671145625184786,0.4824746726879089,0.0,0.1658473105841527,-0.05368447708280577,-0.05608412618928393,0.29671145625184786,0.4824746726879089,0.0,Software—Application,Technology,DDOG
2019Q2,2019,Q2,2019-06-30,2019-06-30,-3949000.0,83222000.0,-3994000.0,-0.05,62244000.0,0.7479272307803225,261759000.0,61529000.0,145934000.0,156698000.0,200230000.0,0.0,-120346000.0,3080752200.0,3076829200.0,0.7499512456730535,0.9313073555501665,0.03677428474283597,0.15644655365762486,-0.03597762992147868,0.7499512456730535,-0.06418111784686896,37.0184830934128,-195.03369207394275,50.06992150043069,0.0,0.0,0.0,0.31793367181262155,0.7784974919909635,-0.015086396265266906,-556.8966377440347,0.7479272307803225,0.5677806400304282,0.0,0.0,0.0,0.21808219178082192,0.5839216099462649,0.5866280273235355,0.0,0.0,0.0,Software—Application,Technology,DDOG
2019Q1,2019,Q1,2019-03-31,2019-03-31,-9491000.0,70050000.0,-9662000.0,-0.115682,51100000.0,0.729478943611706,,,,,,,,3080752200.0,,,0.0,0.0,0.0,0.0,,0.0,43.979331905781585,-81.14930460436202,0.0,0.0,0.0,0.0,0.0,0.0,0.0,-3520.859657142857,0.729478943611706,-0.44087050371944736,0.0,0.0,0.0,0.11642743221690591,-0.44086837710642174,-0.4477075217261013,0.0,0.0,0.0,Software—Application,Technology,DDOG
2018Q4,2018,Q4,2018-12-31,2018-12-31,-6587000.0,61610000.0,-6674000.0,-0.08028618789917605,45771000.0,0.7429151111832495,179750000.0,-76041000.0,121951000.0,112234000.0,255791000.0,0.0,-106906000.0,3080752200.0,3027113200.0,-0.9268319438350153,1.086578042304471,0.0,0.0,0.08903907576686405,-0.9268319438350153,0.08662432108993832,50.00409349131635,-116.92546682860178,-40.514356728606934,0.0,0.0,0.0,0.3427538247566064,0.9799793289021153,-0.036645340751043115,-402.81801778242675,0.7429151111832495,-0.40959298943371397,0.0,0.0,0.0,0.17433805418719212,-0.4095869890862401,-0.43991370010787484,0.0,0.0,0.0,Software—Application,Technology,DDOG
2018Q3,2018,Q3,2018-09-30,2018-09-30,-4673000.0,51074000.0,-4635000.0,-0.056957,38976000.0,0.763128010337941,,,,,,,,3080752200.0,,,0.0,0.0,0.0,0.0,,0.0,60.31938363942515,-164.81661673443182,0.0,0.0,0.0,0.0,0.0,0.0,0.0,2704.786830553117,0.763128010337941,0.0,0.0,0.0,0.0,0.0,0.0,0.0,0.0,0.0,0.0,Software—Application,Technology,DDOG
