Quarters,Year,Quarter,FillingDate,Date,NetIncome,Revenue,OperatingIncome,EPSDiluted,GrossProfit,GrossProfitRatio,TotalAssets,CommonStockEquity,CurrentAssets,CurrentLiability,TotalLiability,Inventory,RetainedEarnings,MarketCap,EnterpriseValue,bookValuePerShare,currentRatio,debtToAssets,debtToEquity,roic,shareholdersEquityPerShare,roe,priceToSalesRatio,peRatio,pbRatio,payoutRatio,inventoryTurnover,dividendYield,assetTurnover,quickRatio,returnOnAssets,priceToFreeCashFlowsRatio,grossProfitMargin,epsdilutedGrowth,fiveYNetIncomeGrowthPerShare,fiveYRevenueGrowthPerShare,fiveYShareholdersEquityGrowthPerShare,grossProfitGrowth,netIncomeGrowth,operatingIncomeGrowth,threeYNetIncomeGrowthPerShare,threeYRevenueGrowthPerShare,threeYShareholdersEquityGrowthPerShare,Industry,Sector,Symbol
2023Q1,2023,Q1,2023-05-04,2023-03-31,-8700000.0,4715500000.0,51000000.0,-0.18,2166100000.0,0.4593574382,15849100000.0,6033800000.0,6771800000.0,5265200000.0,9686800000.0,0.0,5566700000.0,6918776950.0,10748176950.0,126.88045421091368,1.2861429765251082,0.2722425879071998,0.7151049090125625,0.0035769969349239692,126.88045421091368,-0.0014418774238456693,1.4672414272081433,-198.81542959770115,1.1466699177964135,0.0,0.0,0.0,0.2975247805869103,1.1673250778697866,-0.0005489270684139794,-9.037064981713689,0.459357438235606,-1.0497237569060773,-1.2062932485383908,0.2674607530803548,0.6786504252668425,-0.2910584538849251,-1.049771167048055,-0.7997644287396938,-2.781549467052053,0.24945984624710862,0.3237424707365428,Real Estate Services,Real Estate,JLL
2022Q4,2022,Q4,2023-02-28,2022-12-31,174800000.0,5604800000.0,254700000.0,3.62,3055400000.0,0.5451398801,15593700000.0,6020900000.0,6569700000.0,5912100000.0,9444200000.0,-3298100000.0,5590400000.0,7566887600.0,10185887600.0,126.80918281381635,1.1112295123560156,0.20125435271936742,0.5212343669551064,0.020061432900040133,126.80918281381635,0.029032204487701174,1.35007272337996,10.82220766590389,1.256770183859556,0.0,-0.7729905096873958,0.0,0.3594272045762071,1.0091507247847635,0.011209655181259099,14.223472932330827,0.545139880102769,0.25694444444444453,1.1304623428984064,1.1122484577466696,0.7739287787000599,0.13952187371797262,0.24679029957203993,0.2571569595261599,-0.30847501234216157,0.12661805238633161,0.2770361854183628,Real Estate Services,Real Estate,JLL
2022Q3,2022,Q3,2022-11-02,2022-09-30,140200000.0,5177500000.0,202600000.0,2.88,2681300000.0,0.5178754225,15378600000.0,5771600000.0,6369900000.0,5403700000.0,9369200000.0,0.0,5415600000.0,7230663410.0,10487163410.0,120.58583874809352,1.1788034124766364,0.24357873928706125,0.6490228013029316,0.014906059475193608,120.58583874809352,0.024291357682445076,1.3965549802028006,12.893479689728958,1.2528005076581883,0.0,0.0,0.0,0.3366691376328144,1.047819086921924,0.00911656457674951,81.79483495475112,0.5178754225012071,-0.5739644970414202,0.5339030824072113,1.519544043814233,0.7394939725124196,-0.01567547723935389,-0.5821162444113264,-0.5496777061569238,0.17095031077434986,0.23986903800788437,0.2987369310059493,Real Estate Services,Real Estate,JLL
2022Q2,2022,Q2,2022-08-03,2022-06-30,335500000.0,5278400000.0,449900000.0,6.76,2724000000.0,0.5160654744,15272300000.0,5912900000.0,6149800000.0,5337200000.0,9118400000.0,0.0,5275400000.0,8518829480.000001,11606629480.0,121.3699248737633,1.152252117215019,0.23937455393097307,0.6182752963858682,0.0353074102987999,121.3699248737633,0.056740347376076035,1.6139037359806003,6.3478610134128175,1.4407193559843732,0.0,0.0,0.0,0.3456191929178971,1.0487708911039497,0.02196787648225873,62.31769919531822,0.5160654743861777,1.397163120567376,2.9780492228912583,1.6744281082102908,0.8290909313111018,-0.43266547257050025,1.3314801945795691,1.5606146841206603,1.8460141700777954,0.16177680817612067,0.45278720383301857,Real Estate Services,Real Estate,JLL
2022Q1,2022,Q1,2022-05-09,2022-03-31,143900000.0,4801400000.0,175700000.0,2.82,4801400000.0,1.0,15392600000.0,6173200000.0,6165400000.0,5403000000.0,8969900000.0,0.0,5083200000.0,11920558260.0,14865458260.0,124.00715132279383,1.1411067925226726,0.2287267907955771,0.5703200933065509,0.01293084846859958,124.00715132279383,0.02331043867038165,2.4827255092264755,20.709795448227936,1.9310176666882655,0.0,0.0,0.0,0.31192910879253666,1.036220618175088,0.009348648051661189,-15.623274259501965,1.0,-0.6539877300613497,11.113475913389536,1.7025474251814328,0.9580349769971751,0.3323898323898324,-0.658032319391635,-0.6057001795332136,5.198500229125636,0.153033028737482,0.5134412755230027,Real Estate Services,Real Estate,JLL
2021Q4,2021,Q4,2022-02-28,2021-12-31,420800000.0,5945700000.0,445600000.0,8.15,3603600000.0,0.6060850699,15505000000.0,6184900000.0,6387700000.0,6486500000.0,9091600000.0,0.0,4937600000.0,13567463819.999998,15594063819.999998,122.78204593730769,0.9847683650659061,0.168997097710416,0.42366085142847903,0.03611687545687466,122.78204593730769,0.0680366699542434,2.2818951208436347,8.060517953897337,2.193643198758266,0.0,0.0,0.0,0.3834698484359884,0.9075772758806753,0.027139632376652692,19.443198366294066,0.606085069882436,0.7833698030634573,1.2819936086462664,1.4725665799193064,0.9898111971988676,0.2847516845520339,0.7740303541315345,0.5213383407306248,0.8915092121171491,0.10026496038552346,0.5160248283414559,Real Estate Services,Real Estate,JLL
2021Q3,2021,Q3,2021-11-03,2021-09-30,237200000.0,4889200000.0,292900000.0,4.57,2804900000.0,0.5736930377,15447400000.0,5855700000.0,7251200000.0,6670900000.0,9495300000.0,0.0,4516100000.0,12615624590.0,16193624590.0,115.15407759926059,1.0869897615014465,0.26631666170358764,0.7025462369998463,0.021238957979296733,115.15407759926059,0.04050753966220947,2.58030446494314,13.296400284569982,2.1544178475673275,0.0,0.0,0.0,0.316506337636107,1.0153202716275165,0.015355334878361408,30.428423999035214,0.5736930377157817,0.19633507853403154,3.3913400588647886,1.5479218392151601,0.859883643775605,0.11860418743768694,0.186,0.30584039233169863,0.5750055333246675,0.10318544823846591,0.48503767853021534,Real Estate Services,Real Estate,JLL
2021Q2,2021,Q2,2021-08-04,2021-06-30,200000000.0,4495000000.0,224300000.0,3.82,2507500000.0,0.5578420467,13455100000.0,5809300000.0,5328000000.0,4642100000.0,7555400000.0,0.0,4278900000.0,10024752480.0,12220652480.0,113.26821088753705,1.1477564033519312,0.19991676018758686,0.46303341194291914,0.018814557541058985,113.26821088753705,0.034427555815674867,2.2302007741935483,12.530940600000001,1.7256386277176252,0.0,0.0,0.0,0.33407406856879546,1.0585726287671529,0.014864252216631612,55.53879490304709,0.5578420467185762,0.9390862944162436,1.227216374546122,1.4660004698278892,0.8511117365486115,0.1774511645379414,0.941747572815534,0.94874022589053,0.6426122347585458,0.021367594187416614,0.5031828231933264,Real Estate Services,Real Estate,JLL
2021Q1,2021,Q1,2021-05-06,2021-03-31,103000000.0,4037100000.0,115100000.0,1.97,2129600000.0,0.5275073692,13306400000.0,5620200000.0,5273700000.0,4691800000.0,7599500000.0,0.0,4078900000.0,9162013920.0,11507313920.0,109.82744806831728,1.1240248944967817,0.21056784705104312,0.49854097718942386,0.009731588664939754,109.82744806831728,0.018326749937724637,2.2694542914468308,22.23789786407767,1.6301935731824488,0.0,0.0,0.0,0.30339535862442135,1.0360202907199796,0.0077406360848914805,-18.456917647058823,0.5275073691511233,-0.5895833333333333,2.5317497211906725,1.6612696945107632,0.809782007238876,-0.22481071636575423,-0.5881647341063575,-0.6499391727493917,1.2696468879782532,0.008397095608667754,0.4530361949949174,Real Estate Services,Real Estate,JLL
2020Q4,2020,Q4,2021-02-18,2020-12-31,250100000.0,4845400000.0,328800000.0,4.8,2747200000.0,0.5669707351,14316500000.0,5520800000.0,6453700000.0,6127800000.0,8706500000.0,0.0,3975900000.0,7599808140.0,10128808140.0,107.78181250244036,1.053183850647867,0.21676387385184925,0.5621105636864222,0.02687166267838632,107.78181250244036,0.04530140559339226,1.5684583605068725,7.59676943222711,1.376577332995218,0.0,0.0,0.0,0.3384486431739601,0.9687979372694931,0.017469353543114588,10.633563928921225,0.5669707351302266,0.9047619047619047,0.12176940975647223,1.2575440940744127,0.8056100373969776,0.3135698575117146,0.8961334344200151,1.1226597805035508,1.8255324810608324,0.6926559615784544,0.5077556275971933,Real Estate Services,Real Estate,JLL
2020Q3,2020,Q3,2020-11-02,2020-09-30,131900000.0,3978100000.0,154900000.0,2.52,2091400000.0,0.5257283628,13902100000.0,5203700000.0,6168500000.0,5802100000.0,8615900000.0,0.0,3725900000.0,4951457260.0,8284057260.0,100.53321999188579,1.0631495493011152,0.2713690737370613,0.7249841458961892,0.013210814361583417,100.53321999188579,0.025347349001671887,1.2446789321535405,9.384869711902956,0.9515262716912966,0.0,0.0,0.0,0.2861510131562857,0.9864876510229055,0.009487775228202933,13.288935212023619,0.5257283627862548,7.689655172413794,0.038634651730214964,1.3037759828102908,0.8049577090045202,0.14377905386929177,7.677631578947368,2.971794871794872,0.33441821093422225,0.790089730994358,0.4502277550058939,Real Estate Services,Real Estate,JLL
2020Q2,2020,Q2,2020-08-06,2020-06-30,15200000.0,3670400000.0,39000000.0,0.29,1828500000.0,0.4981745859,12810500000.0,5026200000.0,5108900000.0,4606500000.0,7701100000.0,0.0,3593900000.0,5342157100.0,8081857100.0,97.34095090539363,1.1090632801476175,0.2461418367745209,0.6273526719987267,0.0038901711968292695,97.34095090539363,0.0030241534359953842,1.4554700032693983,87.86442598684211,1.0628620229994827,0.0,0.0,0.0,0.28651496819015654,1.0173450558992727,0.0011865266773349987,11.402683244397013,0.4981745858761988,-0.14705882352941188,-0.8537469463366701,1.3221733854422903,0.7721721221867518,-0.18114643976712944,1.8679245283018868,-0.5044472681067345,-0.8299539744240875,0.7546370513130006,0.46696515410584216,Real Estate Services,Real Estate,JLL
2020Q1,2020,Q1,2020-05-06,2020-03-31,5300000.0,4096000000.0,78700000.0,0.34,2233000000.0,0.5451660156,13900800000.0,4947000000.0,6197300000.0,4987400000.0,8871900000.0,0.0,3578700000.0,5211779760.0,7801579760.0,95.8498023715415,1.242591330151983,0.23815176104972377,0.6691934505761067,0.006700832630895351,95.8498023715415,0.0010713563776025875,1.27240716796875,245.83866792452832,1.0535232989690722,0.0,0.0,0.0,0.2946593001841621,1.1569755784577134,0.0003812730202578269,-8.82604531752752,0.545166015625,-0.9349904397705545,-0.8900806621532811,1.9570587035447569,0.8473760797671906,-0.29669291338582676,-0.9806851311953353,-0.7863155036654901,-0.5696747956978135,1.2237108317300456,0.5134390523431689,Real Estate Services,Real Estate,JLL
2019Q4,2019,Q4,2020-02-27,2019-12-31,274400000.0,5400500000.0,368300000.0,5.23,3175000000.0,0.587908527,13672600000.0,5118100000.0,5868600000.0,5490200000.0,8467900000.0,0.0,3588300000.0,8972946780.0,10487746780.0,99.29960032594776,1.0689228079122801,0.14384242938431607,0.3842636916043063,0.03553271387212289,99.29960032594776,0.05361364568882984,1.661502968243681,8.175060841836734,1.753179261835447,0.08309037900874636,0.0,0.0025409712727617446,0.39498705440077236,1.0000910713635205,0.02006933575179556,13.222733244916004,0.5879085269882418,1.1174089068825912,0.23049060397307342,1.6853399202002264,0.8648490044889104,0.24715217220520072,1.1287820015515904,0.5244205298013245,0.4543178994258167,1.1949039630041924,0.6092536583633003,Real Estate Services,Real Estate,JLL
2019Q3,2019,Q3,2019-11-06,2019-09-30,128900000.0,4495600000.0,241600000.0,2.47,2545800000.0,0.5662870362,13077900000.0,4784300000.0,5590100000.0,4862700000.0,8219800000.0,0.0,3336700000.0,7165483680.0,9567083680.0,92.84854836205558,1.1495876776276555,0.21439221893423255,0.586041845202015,0.021836621321292136,92.84854836205558,0.02694229040821019,1.5938881751045466,13.89736943366951,1.49770785276843,0.0,0.0,0.0,0.3437554959129524,1.0718942151479631,0.009856322498260425,38.87945567010309,0.5662870362131862,0.029166666666666785,0.07487630985089987,1.8619903584066775,0.7908498412141819,0.0841495613661528,0.16440831074977416,0.3742889647326507,1.3550032668322727,1.312023119105289,0.499621203583018,Real Estate Services,Real Estate,JLL
2019Q2,2019,Q2,2019-08-07,2019-06-30,110700000.0,4266500000.0,175800000.0,2.4,2348200000.0,0.5503808743,10580900000.0,3822000000.0,5030100000.0,4170500000.0,6705600000.0,0.0,3207800000.0,6456556370.0,7836956370.0,83.54280967890008,1.2061143747752068,0.1693239705507093,0.46875981161695446,0.02105760817743607,83.54280967890008,0.028963893249607537,1.5133145130669168,14.581202280939475,1.6893135452642596,0.0,0.0,0.0,0.4032265686283775,1.1269152379810574,0.010462248012928957,221.1149441780822,0.5503808742529005,4.217391304347826,0.49962594415072187,2.255587043958281,0.6124693126575398,0.19708401305057097,4.197183098591549,2.9954545454545456,0.3820195750007401,1.62403345196046,0.36531754398775246,Real Estate Services,Real Estate,JLL
2019Q1,2019,Q1,2019-05-08,2019-03-31,21300000.0,3820600000.0,44000000.0,0.46,1961600000.0,0.5134272104,10552500000.0,3742400000.0,5027700000.0,4211600000.0,6757400000.0,0.0,3117000000.0,7105047440.0,8619047440.0,81.93720716381311,1.1937743375439263,0.18038379530916845,0.5086308251389483,0.007206822994771808,81.93720716381311,0.005691534843950406,1.8596679683819295,83.39257558685446,1.8985269987174005,0.0,0.0,0.0,0.36205638474295193,1.1052569094880806,0.0020184790334044065,-11.919220667673208,0.5134272103858033,-0.8947368421052632,0.305430044529817,2.5891655842296895,0.6477038714667035,-0.3047423265045722,-0.8941877794336811,-0.8591549295774648,-0.18171586930827144,1.8217776101792036,0.35019510929755593,Real Estate Services,Real Estate,JLL
2018Q4,2018,Q4,2019-02-26,2018-12-31,201300000.0,4889700000.0,312400000.0,4.37,2821400000.0,0.5770088144,10025500000.0,3691500000.0,5206000000.0,4761800000.0,6291000000.0,0.0,3095700000.0,5770428000.0,6295728000.0,80.98946906537955,1.0932840522491494,0.10036407161737569,0.2725721251523771,0.042122592278271476,80.98946906537955,0.05453067858594068,1.1801190257070986,7.166453055141579,1.5631661926046323,0.09388971684053651,0.0,0.0032753203055301966,0.48772629794025235,1.0257255659624511,0.020078799062390903,10.442323561346363,0.577008814446694,0.4914675767918088,0.33224034848542655,2.158487071855436,0.6512724647927313,0.27451777566969326,0.4922164566345441,0.605344295991778,0.014649129012520985,1.5601831334914478,0.3567724913198163,Real Estate Services,Real Estate,JLL
2018Q3,2018,Q3,2018-11-07,2018-09-30,134900000.0,3969800000.0,194600000.0,2.93,2213700000.0,0.5576351453,9619100000.0,3532000000.0,4861300000.0,4334700000.0,6046300000.0,0.0,2913300000.0,6503486220.0,7772586220.0,77.54286592460866,1.1214847624979813,0.1659302845380545,0.4518969422423556,0.02842428495430827,77.54286592460866,0.03819365798414496,1.6382402690311855,12.052420719051149,1.8413041392978482,0.0,0.0,0.0,0.4126997328232371,1.0487692343184072,0.014024181056439792,28.46164647702407,0.5576351453473727,0.2468085106382979,1.0923554522252006,2.49684076947661,0.6992834386623136,0.023297739564554155,0.2490740740740741,0.5250783699059561,0.20712924947053793,1.6125041505570035,0.3921924876197428,Real Estate Services,Real Estate,JLL
2018Q2,2018,Q2,2018-08-08,2018-06-30,108000000.0,3903700000.0,127600000.0,2.35,2163300000.0,0.5541665599,9187700000.0,3428000000.0,4469800000.0,3832400000.0,5721500000.0,0.0,2778400000.0,7551383070.0,8873383070.0,75.35225199481239,1.1663187558709947,0.17575671822109995,0.47106184364060677,0.018848803495807233,75.35225199481239,0.03150525087514586,1.9344168532417962,17.480053402777777,2.2028538710618437,0.0,0.0,0.0,0.4248832678472305,1.0748617054587204,0.011754846153008914,-195.12617751937984,0.5541665599303225,1.6704545454545456,1.2500143545685494,2.8248632301630083,0.7249065645166519,0.143937390936492,1.6799007444168734,1.3412844036697247,0.17946406734328688,1.8032206652664735,0.3718497619669168,Real Estate Services,Real Estate,JLL
2018Q1,2018,Q1,2018-05-08,2018-03-31,40300000.0,3555200000.0,54500000.0,0.88,1891100000.0,0.5319250675,9204200000.0,3434800000.0,4389500000.0,3838300000.0,5728500000.0,0.0,2689300000.0,7936165519.999999,9157665520.0,75.58479853882886,1.143605241903968,0.16452271788965908,0.4408699196459765,0.0083621318498248,75.58479853882886,0.011732851985559567,2.2322697794779476,49.23179602977667,2.310517503202515,0.0,0.0,0.0,0.3862584472306121,1.048927910793841,0.004378435931422612,-26.436260892738172,0.5319250675067507,-0.4853801169590643,1.9714151242241618,3.0288259807672318,0.7330331202124972,-0.254151055018734,-0.48596938775510207,-0.8134839151266255,-0.05073608008507487,1.9150615544467806,0.4567953752621691,Real Estate Services,Real Estate,JLL
2017Q4,2017,Q4,2018-02-23,2017-12-31,78400000.0,2535500000.0,292200000.0,1.71,2535500000.0,1.0,8014500000.0,3243200000.0,3354900000.0,3210000000.0,4733200000.0,0.0,2552800000.0,6756805170.0,7550705170.0,71.48493464700566,1.0451401869158878,0.13249734855574272,0.3274235323137642,0.01865747306427525,71.48493464700566,0.024173655648741982,2.6648807611910867,21.54593485331633,2.083376039097188,0.21683673469387754,0.0,0.002515981972586609,0.31636409008671784,0.9648598130841122,0.009782269636284235,15.349398387096775,1.0,-0.0952380952380952,-0.2890536143834412,0.9715183102510745,0.6138844264860503,0.3022598870056497,-0.09468822170900693,1.4741744284504656,-0.6005960853699339,0.4322900413517968,0.3424888798629811,Real Estate Services,Real Estate,JLL
2017Q3,2017,Q3,2017-11-06,2017-09-30,86600000.0,1947000000.0,118100000.0,1.89,1947000000.0,1.0,7554300000.0,3143700000.0,2986300000.0,2582400000.0,4382900000.0,0.0,2491400000.0,5600601500.0,6836601500.0,69.32236653509449,1.1564048946716232,0.20040241981388085,0.48156630721760985,0.019176193510325183,69.32236653509449,0.02754715780767885,2.876528762198254,16.168018187066973,1.7815317937462227,0.0,0.0,0.0,0.2577340057980223,1.0614931846344486,0.011463669698052764,20.321485849056604,1.0,0.10526315789473681,0.6976210025488164,0.9902937886637844,0.646698510050675,0.06120891698915354,0.10459183673469388,0.13231064237775647,-0.1794613600432384,0.4083870616104059,0.3370801298677063,Real Estate Services,Real Estate,JLL
2017Q2,2017,Q2,2017-08-03,2017-06-30,78400000.0,1834700000.0,104300000.0,1.71,1834700000.0,1.0,7897900000.0,3005100000.0,3399300000.0,2851800000.0,4864100000.0,0.0,2404800000.0,5661000000.0,7598300000.0,66.35532591414945,1.191984010098885,0.2769850213347852,0.7279624638115204,0.01517043692705029,66.35532591414945,0.02608898206382483,3.085518068349049,18.051658163265305,1.8837975441749026,0.0,0.0,0.0,0.23230225756213677,1.0987446525001754,0.0099266893731245,34.0,1.0,6.125,1.0214011204278244,0.9223326493683429,0.6578025479506707,0.13589648340762753,6.2592592592592595,3.6771300448430493,0.07287679154640612,0.41423338808701404,0.2807317251981163,Real Estate Services,Real Estate,JLL
2017Q1,2017,Q1,2017-05-05,2017-03-31,10800000.0,1615200000.0,22300000.0,0.24,1615200000.0,1.0,7236000000.0,2866300000.0,2796200000.0,2230900000.0,4341000000.0,0.0,2342500000.0,5044004100.0,6550004100.0,63.332449511688544,1.253395490609171,0.23895798783858485,0.6032515786902976,0.003680219466621567,63.332449511688544,0.003767923804207515,3.1228356240713224,116.75935416666667,1.7597613997139168,0.0,0.0,0.0,0.2232172470978441,1.1408400197229818,0.0014925373134328358,-20.6298736196319,1.0,-0.9337016574585635,-0.25801435337947204,0.913473223875261,0.576386388006377,-0.25159855435084794,-0.9347432024169184,-0.901458241272647,-0.33200771702683174,0.5313057693878818,0.273574312110133,Real Estate Services,Real Estate,JLL
2016Q4,2016,Q4,2017-02-23,2016-12-31,165500000.0,2158200000.0,226300000.0,3.62,2158200000.0,1.0,7629400000.0,2789700000.0,3299700000.0,2966300000.0,4814700000.0,0.0,2333000000.0,4568018400.0,6157218400.0,61.705374917053746,1.112395914101743,0.2421815608042572,0.6623292827185719,0.03707202946853072,61.705374917053746,0.05932537548840377,2.1165871559633027,6.900329909365559,1.6374586514679,0.09184290030211481,0.0,0.003327482218547981,0.28287938763205495,1.0304419647372147,0.021692400450887356,15.773544198895028,1.0,2.447619047619048,0.8797614715178683,0.8129579298710228,0.5910552765788305,0.26565798733286416,2.4479166666666665,2.187323943661972,0.10427342231218488,0.40549204264769406,0.25809426467519225,Real Estate Services,Real Estate,JLL
2016Q3,2016,Q3,2016-11-03,2016-09-30,48000000.0,1705200000.0,71000000.0,1.05,1705200000.0,1.0,7116600000.0,2797800000.0,2818300000.0,2296800000.0,4269100000.0,0.0,2182700000.0,5141942520.0,6648442520.0,61.91466761087014,1.2270550330895158,0.24378214315824973,0.6200943598541712,0.011778510719487618,61.91466761087014,0.017156337122024447,3.0154483462350457,26.780950625000003,1.8378520694831655,0.0,0.0,0.0,0.2396088019559902,1.1209508881922674,0.006744793862237585,48.6465706717124,1.0,-0.39306358381502887,0.361385742618089,0.8141364486669521,0.6409404190920028,0.0633574457470691,-0.3924050632911392,-0.37664618086040386,-0.2495522162342752,0.5140432458798961,0.35680527185730987,Real Estate Services,Real Estate,JLL
2016Q2,2016,Q2,2016-08-03,2016-06-30,79000000.0,1603600000.0,113900000.0,1.73,1603600000.0,1.0,6341300000.0,2760900000.0,2450500000.0,1954200000.0,3532100000.0,0.0,2134700000.0,4397006562.900001,5528106562.900001,61.18928892900061,1.2539658172142052,0.21207008026745305,0.4870875439168387,0.020816021593203452,61.18928892900061,0.028613857799992756,2.7419596925043654,13.914577730696202,1.5925989941323482,0.0,0.0,0.0,0.2528819011874537,1.1521850373554396,0.01245801334111302,578.5534951184211,1.0,2.089285714285714,0.7047203576676173,0.8051487692409707,0.5708942010324471,0.19958108916816278,2.0739299610894943,2.8741496598639458,0.6594261560912906,0.5841811075405665,0.4006987629116317,Real Estate Services,Real Estate,JLL
2016Q1,2016,Q1,2016-05-05,2016-03-31,25700000.0,1336800000.0,29400000.0,0.56,1336800000.0,1.0,6346800000.0,2736600000.0,2463100000.0,2026400000.0,3555900000.0,0.0,2069900000.0,5290524751.679999,6421924751.679999,60.68545693847258,1.215505329648638,0.21614041721812566,0.5012789592925528,0.005376530581884181,60.68545693847258,0.009391215376744866,3.95760379389587,51.464248557198445,1.933247369611927,0.0,0.0,0.0,0.21062582718850445,1.096525858665614,0.0040492846788933,-13.075938585467126,1.0,-0.8700696055684455,15.388474920040734,0.8465264883447563,0.6131404742593803,-0.2917304443056304,-0.8689163410827409,-0.8841881351926258,0.9095529474022953,0.5265857594584306,0.3914161157097637,Real Estate Services,Real Estate,JLL
2015Q4,2015,Q4,2016-02-25,2015-12-31,196058000.0,1887417000.0,253860000.0,4.31,1887417000.0,1.0,6205159000.0,2688763000.0,2650807000.0,2505193000.0,3486860000.0,0.0,2044224000.0,7200635206.380001,7826370206.380001,59.69274110694572,1.0581248630345048,0.1357447891343316,0.31327342722285306,0.05456279135759319,59.69274110694572,0.07291754609833592,3.815073831792339,9.181766628217161,2.678047565508749,0.06763814789501066,0.0,0.0018416430800785903,0.30416899873153935,0.9343691284463912,0.031595967162162966,21.594800929634154,1.0,0.7736625514403289,1.194341011921075,0.8775127165913356,0.630181875409652,0.2572160714916134,0.7757429195083734,1.1099262780820665,0.7907442361870811,0.4782002397945479,0.34765717731265655,Real Estate Services,Real Estate,JLL
2015Q3,2015,Q3,2015-11-05,2015-09-30,110409000.0,1501267000.0,120317000.0,2.43,1501267000.0,1.0,5235026000.0,2506500000.0,2094397000.0,1861771000.0,2709243000.0,0.0,1861427000.0,6469838194.93,6858122194.93,55.69837979601882,1.1249487718951472,0.11113278138446686,0.23210971474167166,0.03163677828300632,55.69837979601882,0.044049072411729506,4.3095853002364,14.649707439905262,2.5812240953241576,0.0,0.0,0.0,0.2867735518410033,1.0014566775398264,0.021090439665438148,42.16224198558498,1.0,0.22727272727272738,1.81322137009325,1.0047404533478637,0.6057440700639473,0.09304282931979103,0.22254210450554196,0.16854598253741634,1.181071445374781,0.5465064742982355,0.32307137806537944,Real Estate Services,Real Estate,JLL
2015Q2,2015,Q2,2015-08-06,2015-06-30,90311000.0,1373475000.0,102963000.0,1.98,1373475000.0,1.0,5043301000.0,2464540000.0,1984948000.0,1623060000.0,2558346000.0,0.0,1751018000.0,7672595409.0,8140909409.0,54.92748118917527,1.22296649538526,0.13073738807182042,0.26753390084965145,0.02454300433148702,54.92748118917527,0.03664416077645321,5.58626506416207,21.239371197860727,3.113195731860712,0.0,0.0,0.0,0.27233651134445475,1.0761795620617844,0.017907120752856116,80.99179176211035,1.0,1.1521739130434783,1.6461641578505222,0.8914499040082517,0.6811723237146191,0.14122347032972693,1.1557024872296748,0.95531543165331,1.3502499128305872,0.4525169019142571,0.37229253286675695,Real Estate Services,Real Estate,JLL
2015Q1,2015,Q1,2015-05-07,2015-03-31,41894000.0,1203511000.0,52658000.0,0.92,1203511000.0,1.0,4996418000.0,2326680000.0,2061137000.0,1695600000.0,2648727000.0,0.0,1673039000.0,7641354381.6,8253032381.6,51.884293307305704,1.2155797357867422,0.1621499642343775,0.3482081764574415,0.012495493467494085,51.884293307305704,0.01800591400622346,6.349218562688667,45.599336310688884,3.284230913404508,0.0,0.0,0.0,0.24087476267998395,1.0666454352441614,0.008384806875645712,-21.528944484326665,1.0,-0.7850467289719626,158.17166306257366,0.9372054895787986,0.595645295694502,-0.3118787453951758,-0.7839791682780313,-0.798873250195749,1.9048130313204874,0.43893360285886734,0.2914342387131591,Real Estate Services,Real Estate,JLL
2014Q4,2014,Q4,2015-02-27,2014-12-31,193935000.0,1748981000.0,261815000.0,4.28,1748981000.0,1.0,5075336000.0,2386797000.0,2118176000.0,2047011000.0,2666216000.0,0.0,1631145000.0,6720478512.440001,6848000512.440001,53.24806463521817,1.0347653236841423,0.07446502064099796,0.1583440066331573,0.07014563773367409,53.24806463521817,0.081253244410815,3.8425108748694243,8.66331311062985,2.815689190341701,0.058741330858277256,0.0,0.001695117390660909,0.3446039828693115,0.9233643590581585,0.038211263254294886,16.510285058371494,1.0,0.8608695652173916,2.5601597455563785,1.0064129321246325,0.618496280709422,0.28039019747799193,0.8596812550343294,1.0541276342010701,1.2216916942335878,0.48184910040628265,0.37298597276750256,Real Estate Services,Real Estate,JLL
2014Q3,2014,Q3,2014-11-06,2014-09-30,104284000.0,1365975000.0,127458000.0,2.3,1365975000.0,1.0,4934786000.0,2323178000.0,1994247000.0,1760276000.0,2591567000.0,0.0,1448602000.0,5661185863.22,6252706863.22,51.846082360040306,1.1329172243443641,0.15281088176873323,0.3245937246306568,0.03089390001794948,51.846082360040306,0.0448885104800407,4.144428604637713,13.571559067594263,2.436828285744786,0.0,0.0,0.0,0.27680531638048744,0.9987132699644828,0.021132426005909883,38.01111802611878,1.0,0.4556962025316454,3.9159616132146757,1.1385767820679373,0.6195652630634039,0.06950416691460409,0.44955658725084097,0.3906127258444619,1.9827319124087914,0.46552744253988915,0.37409010496289063,Real Estate Services,Real Estate,JLL
2014Q2,2014,Q2,2014-08-07,2014-06-30,71942000.0,1277204000.0,91656000.0,1.58,1277204000.0,1.0,4776256000.0,2310027000.0,1833938000.0,1449515000.0,2449304000.0,0.0,1344318000.0,5635236547.05,6295188547.05,51.810480375103495,1.2652080178542477,0.16972708330541747,0.3509309631445866,0.021983118941289154,51.810480375103495,0.031143358930436744,4.412166378315446,19.58256841292291,2.439467827453965,0.0,0.0,0.0,0.2674069396615257,1.117271639134469,0.015062425464631712,68.1877055171037,1.0,3.5142857142857147,5.142933385108947,0.7817684763395971,0.43853925532874916,0.23110882343302083,3.5240850207521066,7.003930302633303,0.5710297046995617,0.4549667056342605,0.33011487138529805,Real Estate Services,Real Estate,JLL
2014Q1,2014,Q1,2014-05-08,2014-03-31,15902000.0,1037442000.0,-15266000.0,0.35,1037442000.0,1.0,4555642000.0,2213588000.0,1665077000.0,1281072000.0,2331329000.0,0.0,1282869000.0,5274886840.5,5877259840.5,49.728114731487956,1.2997528632270474,0.1629893218123812,0.3354377598722075,0.006404641025052021,49.728114731487956,0.007183811983079056,5.084512522627771,82.92804113476292,2.3829578225487307,0.0,0.0,0.0,0.22772684947588068,1.134002616558632,0.003490616690249146,-17.778999233211547,1.0,-0.8926380368098159,1.2012073501708025,0.6325153190682339,0.75189907635822,-0.31268740666932554,-0.8920595701931823,-1.0779673135852912,9.272805509190517,0.4517265863431441,0.3218724654789822,Real Estate Services,Real Estate,JLL
2013Q4,2013,Q4,2014-02-27,2013-12-31,147322000.0,1509418000.0,195800000.0,3.26,1509418000.0,1.0,4597276000.0,2179669000.0,1724228000.0,1658424000.0,2406544000.0,0.0,1266967000.0,4550281634.76,4852077634.76,49.046702341485116,1.0396786346555524,0.09886767729411938,0.20852799209421247,0.05537380091382357,49.046702341485116,0.06758916147359989,3.0145934623543647,7.72166009618387,2.0876021243408975,0.06789888814976718,0.0,0.0021983254670625675,0.32832877556187623,0.895283112159496,0.03204549824722292,13.480278934916502,1.0,1.3453237410071943,1.7638167916528977,0.4751446375834636,0.5902614661547947,0.3637651540203216,1.3437644176464036,1.2480424349583228,0.6712346229667792,0.5218603972658125,0.3394433514529588,Real Estate Services,Real Estate,JLL
2013Q3,2013,Q3,2013-11-06,2013-09-30,62857000.0,1106802000.0,87098000.0,1.39,1106802000.0,1.0,4325945000.0,2026432000.0,1420974000.0,1287325000.0,2292515000.0,0.0,1129648000.0,3876771956.4,4572644956.4,45.63268502496022,1.1038191598858098,0.1885315231700819,0.40246946356946595,0.022900206091646225,45.63268502496022,0.0310185587278527,3.5026788498755876,15.419014415260035,1.9131024166614028,4.772738119859363e-05,0.0,7.738396876936304e-07,0.2558520739399137,0.9932682112131747,0.014530235590142732,32.38686033984395,1.0,0.34951456310679596,2.2280282189828218,0.2595578318862337,0.43301549385165383,0.1186790151033523,0.35086286561647073,0.32323539242198657,0.6230138131948909,0.4977498549196823,0.31555735819021485,Real Estate Services,Real Estate,JLL
2013Q2,2013,Q2,2013-08-08,2013-06-30,46531000.0,989383000.0,65822000.0,1.03,989383000.0,1.0,4174703000.0,1926545000.0,1356471000.0,1237200000.0,2241400000.0,0.0,1066794000.0,4081989115.36,4863075115.360001,43.68483113514463,1.0964039767216296,0.2162877215457004,0.46868201884721095,0.01732254671654299,43.68483113514463,0.024152563267403563,4.125792655988631,21.931557001568848,2.1188132721322366,0.0,0.0,0.0,0.23699482334431934,0.991781441965729,0.01114594259759317,103.6721977792452,1.0,2.5517241379310347,0.31793705589393334,0.08431558788762519,0.2573825695409683,0.15583746501119175,2.536865308604439,2.274726368159204,0.3871269461633622,0.3862329550555593,0.33706711978311554,Real Estate Services,Real Estate,JLL
2013Q1,2013,Q1,2013-05-08,2013-03-31,13156000.0,855988000.0,20100000.0,0.29,855988000.0,1.0,4235247000.0,1922546000.0,1419561000.0,1279228000.0,2304737000.0,0.0,1030284000.0,4312862243.28,5099635243.28,43.614168510271156,1.1097013198585397,0.21728201448463336,0.47865850804089993,0.005294357605766161,43.614168510271156,0.0068430092179849016,5.03846110375379,81.95618431286105,2.2433076988951113,0.0,0.0,0.0,0.20211052625738238,1.0078711535394784,0.0031063123355025103,-13.72893400249567,1.0,-0.8781512605042017,2.3401437689384865,0.09409961947675255,0.28663220495319663,-0.3144988724309364,-0.8771294082486552,-0.8667974393298785,49.849817511650315,0.40166720347127194,0.34130655681961974,Real Estate Services,Real Estate,JLL
2012Q4,2012,Q4,2013-02-26,2012-12-31,107072000.0,1248704000.0,150898000.0,2.38,1248704000.0,1.0,4351476000.0,1951183000.0,1515529000.0,1661971000.0,2392243000.0,0.0,1017128000.0,3697642115.16,4165973115.16,44.2937136475451,0.9118865491636136,0.14259299603169132,0.31800707570740416,0.04423724398660192,44.2937136475451,0.054875426856425054,2.9611838475411307,8.633541250653765,1.8950770456487165,0.0852510460251046,0.0,0.002468600182417877,0.2869610219612839,0.8393943095276633,0.024605903835847882,14.586992394778472,1.0,1.1636363636363634,-0.26767385111472775,0.04510757897992886,0.39266744611364707,0.31512989591265217,1.162502777048452,1.2914717852153315,1.0000688769947645,0.45764066535886916,0.34632519113088656,Real Estate Services,Real Estate,JLL
2012Q3,2012,Q3,2012-10-31,2012-09-30,49513000.0,949491000.0,65852000.0,1.1,949491000.0,1.0,4054010000.0,1852973000.0,1269090000.0,1313380000.0,2195159000.0,0.0,919184000.0,3392307108.5399995,3869352108.5399995,42.097789068237624,0.9662778479952489,0.14868611572245752,0.32530155593200766,0.02000428594862586,42.097789068237624,0.026720842667432285,3.572763837192769,17.128365825843716,1.8307374735303752,0.0,0.0,0.0,0.2342103250855326,0.8661149096225007,0.01221333938495465,25.211304734420864,1.0,0.32530120481927727,-0.21630664390085755,0.1203691925481639,0.5026227539536559,0.030553291343812985,0.32242728559600436,0.13377638511070555,1.3761113052504335,0.5133162185804823,0.3150485769246259,Real Estate Services,Real Estate,JLL
2012Q2,2012,Q2,2012-08-07,2012-06-30,37441000.0,921341000.0,58082000.0,0.83,921341000.0,1.0,3794071000.0,1749887000.0,1155466000.0,991252000.0,2039360000.0,0.0,869670000.0,3076483370.86,3599582370.86,40.026073066527765,1.165663221864874,0.1683147205205174,0.36493670734167405,0.018141006167815672,40.026073066527765,0.0213962387285579,3.339136509565948,20.542208881039503,1.758104020922494,0.0,0.0,0.0,0.24283704759346886,1.0371812616771516,0.009868291869076779,58.21821532927107,1.0,1.6774193548387097,-0.6532231575071114,-0.007876469246376422,0.46422762485307534,0.13285109689730898,1.669780376497433,0.6420796697859829,3.198899086820252,0.3108222814133524,0.11134034901798451,Real Estate Services,Real Estate,JLL
2012Q1,2012,Q1,2012-05-08,2012-03-31,14024000.0,813294000.0,35371000.0,0.31,813294000.0,1.0,3828927000.0,1751873000.0,1131580000.0,993573000.0,2074209000.0,0.0,841321000.0,3632755293.63,4191508293.63,40.17571452883691,1.1388997084260541,0.17252849166359138,0.37708155785265257,0.010937817904012362,40.17571452883691,0.008005146491783365,4.466718423632782,64.75961376265687,2.0736407796855136,0.0,0.0,0.0,0.21240781033433126,1.0148061591850825,0.0036626449133138343,-17.469537065179757,1.0,-0.841025641025641,-0.623071943921355,0.2152372217970118,0.6512435821722248,-0.2916643441423615,-0.8348524458889752,-0.703310713896275,1.1811422603708592,0.3064620374673463,0.41537232117375494,Real Estate Services,Real Estate,JLL
2011Q4,2011,Q4,2012-02-27,2011-12-31,84918000.0,1148176000.0,119219000.0,1.95,1148176000.0,1.0,3932636000.0,1691129000.0,1300884000.0,1348617000.0,2238256000.0,0.0,827297000.0,2671259023.98,3014896023.98,38.78267199473788,0.9646059629976487,0.1342842307297192,0.3122712696665955,0.03987497790315071,38.78267199473788,0.050213792088007476,2.3265240032712753,7.864230857945311,1.5795714129318343,0.07926470241880403,0.0,0.00251978559157893,0.2919609137484374,0.8820450876712959,0.021593150243246515,12.3169309054441,1.0,1.5657894736842104,-0.23165126139493547,0.19361036407817578,0.6502620783412105,0.2712171034421674,1.5064344746162928,1.1933804319829266,0.623615268961755,0.1436029571990528,0.2574665753947379,Real Estate Services,Real Estate,JLL
2011Q3,2011,Q3,2011-11-07,2011-09-30,33880000.0,903210000.0,54354000.0,0.76,903210000.0,1.0,3759438000.0,1638352000.0,1191973000.0,1142191000.0,2117684000.0,0.0,749110000.0,2249676515.46,2784858515.46,37.73121003694331,1.0435846544054366,0.16514516265463083,0.3789497006748245,0.01804431232397237,37.73121003694331,0.0206793167768587,2.490756873218853,16.600328478896106,1.3731338048600057,2.95159386068477e-05,0.0,4.445083518132055e-07,0.2402513354389672,0.9186353245648057,0.009011985302058446,29.82469197215962,1.0,-0.23232323232323232,0.014360582408897985,0.44458146561488343,0.7985405057097279,0.0685145422603943,-0.23167634252539912,-0.17101590739243827,0.7794123642063552,0.051202642206864456,0.18488334743256613,Real Estate Services,Real Estate,JLL
2011Q2,2011,Q2,2011-08-05,2011-06-30,44096000.0,845295000.0,65567000.0,0.99,845295000.0,1.0,3684949000.0,1672357000.0,1122233000.0,1161420000.0,2008106000.0,0.0,715229000.0,4048668467.4,4442254467.4,38.95188414903107,0.9662594065884865,0.132756518475561,0.29252187182521433,0.02274991001860695,38.95188414903107,0.026367575822626388,4.789651503203024,22.953717272541727,2.420935522379492,0.0,0.0,0.0,0.22939123445127735,0.8467729159132785,0.011966515683120717,96.7608734620716,1.0,32.0,-0.5084869623416587,0.2238174134510921,0.9118604396767926,0.2288693695265343,28.594630872483222,4.434029504392508,0.28291963710963236,-0.04841512333324225,0.12115393163024653,Real Estate Services,Real Estate,JLL
2011Q1,2011,Q1,2011-05-06,2011-03-31,1490000.0,687864000.0,12066000.0,0.03,687864000.0,1.0,3347630000.0,1611873000.0,1135028000.0,1165355000.0,1732603000.0,0.0,677887000.0,4273539732.2599998,4493105732.26,37.61944970498263,0.9739761703515238,0.09574445204517823,0.1988475518852912,0.004683060872805179,37.61944970498263,0.000924390445152937,6.212768413901585,717.0368678288589,2.6512881177735466,0.0,0.0,0.0,0.20547790526432133,0.8599980263524849,0.0004450910046809235,-19.937297268753294,1.0,-0.9848484848484849,-0.6757906765456078,0.5007292137736863,1.108870874654347,-0.28066660252736725,-0.982468525708907,-0.90227664795782,-0.6108130006090862,-0.09547092388622372,0.10978604376348242,Real Estate Services,Real Estate,JLL
2010Q4,2010,Q4,2011-02-25,2010-12-31,84990000.0,956252000.0,123471000.0,1.98,956252000.0,1.0,3349861000.0,1568931000.0,1194841000.0,1296312000.0,1777926000.0,0.0,676397000.0,3595703372.08,3570006372.08,36.61722781204729,0.9217233196946414,0.06752518985116099,0.14417460041263766,0.051598119187798025,36.61722781204729,0.05417064230358123,3.7602048122043144,10.576842487586775,2.291817404385534,0.05260618896340746,0.0,0.0012434284859859472,0.2854602026770663,0.809802732675467,0.02537120196927574,12.838404750458807,1.0,1.3571428571428574,-0.06548013726135497,0.4094861620308379,1.1527448330436525,0.3499157936641261,1.2892929292929294,0.9962974939369442,-0.40236780746430684,-0.17716761105938617,0.1513060644801421,Real Estate Services,Real Estate,JLL
2010Q3,2010,Q3,2010-11-05,2010-09-30,37125000.0,708379000.0,61850000.0,0.84,708379000.0,1.0,3064064000.0,1476581000.0,927553000.0,1052566000.0,1584606000.0,0.0,596314000.0,3672407270.2799997,3882872270.2799997,34.686959668361524,0.8812302506446151,0.09209402936753279,0.19110499186973148,0.027078101305088295,34.686959668361524,0.025142542129419247,5.184240738757078,24.730015288080807,2.487101804967015,8.080808080808081e-05,0.0,8.169028594073303e-07,0.2311893615799148,0.7500099756214812,0.012116261279137773,24.383879145065332,1.0,0.16666666666666666,0.33569452821542234,0.6099150963362834,1.1790155847144048,0.041245356957544915,0.16106333072713058,0.07863483371409637,-0.3924078570250902,-0.1357194359067637,0.23810337827166056,Real Estate Services,Real Estate,JLL
2010Q2,2010,Q2,2010-08-06,2010-06-30,31975000.0,680319000.0,57341000.0,0.72,680319000.0,1.0,2967138000.0,1373442000.0,894709000.0,902382000.0,1590826000.0,0.0,559188000.0,2759316031.68,3036059031.68,32.67213028335534,0.9914969491855999,0.11180369770465681,0.24153695605638972,0.025893386720120804,32.67213028335534,0.023280924858858257,4.0559149923491775,21.57401119374511,2.0090517340229876,0.0,0.0,0.0,0.22928458332575027,0.8383943828666796,0.010776377775486007,40.98440471259246,1.0,75.59574468085106,-0.04610472551495945,0.5452350689256183,1.0866938512915263,0.1716265228308379,128.97967479674796,3.4149214659685865,-0.6920023871449412,-0.2381103014398416,0.19520682541535317,Real Estate Services,Real Estate,JLL
2010Q1,2010,Q1,2010-05-07,2010-03-31,246000.0,580662000.0,12988000.0,0.0094,580662000.0,1.0,2981793000.0,1362854000.0,864501000.0,862174000.0,1615271000.0,0.0,531702000.0,3055045859.0,3376993859.0,32.516182291455415,1.0026989911549178,0.12799949560549642,0.28005054099705473,0.00572906691424669,32.516182291455415,0.00018050356090967923,5.261315290134364,3104.7214014227643,2.2416530743571945,0.0,0.0,0.0,0.19473585188509063,0.8566925005857287,8.250069672844493e-05,-18.934630696573223,1.0,-0.992295081967213,1.0213848301784305,0.803653076437775,1.0434825741399263,-0.28760558714735274,-0.9951704099261819,-0.8415111837850371,-0.9931212283135025,-0.09733599078909384,0.3364326672265979,Real Estate Services,Real Estate,JLL
2009Q4,2009,Q4,2010-02-26,2009-12-31,50936000.0,815085000.0,81949000.0,1.22,815085000.0,1.0,3096933000.0,1378929000.0,939918000.0,1095095000.0,1714319000.0,0.0,531456000.0,2531551240.0,2660687240.0,32.89971393192105,0.8582981385176629,0.06406305851628047,0.143879053961444,0.04010456367967079,32.89971393192105,0.03693881265822969,3.105873914990461,12.4251572561646,1.8358822245380289,0.08740380084812313,0.0,0.0017586055259936196,0.26319103448476283,0.7426205032440107,0.0164472398983123,14.037657979372296,1.0,1.6521739130434783,-0.23932982431450642,0.474559865757624,1.0251374287181068,0.36919580313857503,1.5762986191897224,0.8362687102267634,-0.5205175798742278,-0.1184514334385327,0.39993320464072,Real Estate Services,Real Estate,JLL
2009Q3,2009,Q3,2009-11-05,2009-09-30,19771000.0,595302000.0,44628000.0,0.46,595302000.0,1.0,2993409000.0,1336914000.0,888486000.0,902133000.0,1652683000.0,0.0,483654000.0,1978287303.87,2271123303.87,32.01234525243741,0.9848725187971175,0.11673880849559816,0.2613833051340625,0.022494018749691095,32.01234525243741,0.014788535388214948,3.3231658954110683,25.01501319950938,1.479741631750434,5.0579131050528554e-05,0.0,5.054877509670929e-07,0.19887091940994364,0.7842147443891311,0.006604844175987979,17.5760270786986,1.0,2.1794871794871797,-0.04306023784494881,0.6337906324463786,1.2821125768075003,0.03326286410547473,2.4165651644336177,0.36301997434487815,-0.3845424521404895,-0.010054818421828994,0.5259383296454044,Real Estate Services,Real Estate,JLL
2009Q2,2009,Q2,2009-08-07,2009-06-30,-13957000.0,576138000.0,32742000.0,-0.39,576138000.0,1.0,2980797000.0,1290663000.0,890023000.0,762795000.0,1686376000.0,0.0,463883000.0,1172905341.2399998,1566865341.2399998,36.01603514341585,1.1667918641312542,0.14703584309833914,0.3395805101719039,0.016096907539675884,36.01603514341585,-0.0108138220433994,2.0358062499609466,-21.009266698430892,0.9087618853565957,0.0,0.0,0.0,0.1932832058003279,0.9455397583885579,-0.004682304766141405,-10.14861032628728,1.0,0.7808988764044944,-3.3404408926907436,0.8543382965781658,1.5780920661886326,0.16577332353994548,0.7729202935099165,4.12215123486221,-1.1863852277190459,-0.0006481683833538492,0.7677612852116339,Real Estate Services,Real Estate,JLL
2009Q1,2009,Q1,2009-05-08,2009-03-31,-61463000.0,494211000.0,-10487000.0,-1.78,494211000.0,1.0,2879037000.0,982638000.0,874556000.0,900930000.0,1891153000.0,0.0,481843000.0,805212214.44,1293752214.44,28.385262257721397,0.9707258055564806,0.18567284824752164,0.5440039974029093,-0.005875308717737077,28.385262257721397,-0.06254897530932042,1.6292883291549562,-3.2751908239103202,0.8194393199123177,0.0,0.0,0.0,0.17165843995752747,0.7882255003163398,-0.021348457835033034,-74.43951321438477,1.0,-2.4833333333333334,-8.058354776749978,1.0085333336553575,1.0460291295445105,-0.3799630394935432,-2.4802514329752903,-1.1459243592241115,-17.552771662098614,0.3345347961454833,0.5912208528878476,Real Estate Services,Real Estate,JLL
2008Q4,2008,Q4,2009-02-27,2008-12-31,41522000.0,797067000.0,71866000.0,1.2,797067000.0,1.0,3077025000.0,1067682000.0,999768000.0,987885000.0,2005220000.0,0.0,543318000.0,958915663.8,1421534663.8,30.84191083374396,1.0120287280402072,0.16526092573183512,0.4762766441693313,0.034392016523340375,30.84191083374396,0.0388898567176369,1.2030552811746063,5.773539712682433,0.8981285287192253,0.2195221810124753,0.0,0.009505528321311378,0.25903819435981185,0.8648101752734377,0.013494203004525475,8.977266175479329,1.0,1.7906976744186047,-0.002117666131135812,1.2194399902457016,1.2216204997664855,0.17720548705921274,1.7673953612370035,1.1467917313896523,-0.434911186886251,0.45412260997189846,0.8132111073326823,Real Estate Services,Real Estate,JLL
2008Q3,2008,Q3,2008-11-07,2008-09-30,15004000.0,677084000.0,33476000.0,0.43,677084000.0,1.0,3041665000.0,1089612000.0,949237000.0,879265000.0,1948083000.0,0.0,510911000.0,1487771638.9199998,1986085638.9199998,31.843818312326025,1.0795801038367272,0.18472678615166366,0.5156670447829136,0.015162427748007105,31.843818312326025,0.013770039243326983,2.1973221031954675,24.789583426419618,1.3654141464301053,6.664889362836577e-05,0.0,6.721461639945751e-07,0.22260308087840047,0.9520542726026852,0.004932824620725819,58.038996602949204,1.0,-0.410958904109589,0.8449086388619534,1.828316287753644,1.7094530311307086,0.026639272798950744,-0.41204592656452055,-0.1235960939340786,-0.328428835673075,0.9143623587014976,1.0004110202446577,Real Estate Services,Real Estate,JLL
2008Q2,2008,Q2,2008-08-06,2008-06-30,25519000.0,659515000.0,38197000.0,0.73,659515000.0,1.0,2411762000.0,1107459000.0,949097000.0,721925000.0,1294364000.0,0.0,495908000.0,1918619148.55,2315786148.55,34.742672750022784,1.3146753471621013,0.1927292162327792,0.41971486077588427,0.01817177584764587,34.742672750022784,0.023042839509182733,2.9091364844620666,18.795986799541517,1.7324516289542096,0.0,0.0,0.0,0.27345774583064164,1.1052976417217855,0.010581060651921707,44.614899743047154,1.0,7.111111111111112,18.38051533150956,1.9722621227725852,2.004550936242631,0.1695187260604341,7.988728425501938,5.689492119089317,0.003973469854833908,0.9754910837583902,1.2189346386709172,Real Estate Services,Real Estate,JLL
2008Q1,2008,Q1,2008-05-06,2008-03-31,2839000.0,563920000.0,5710000.0,0.09,563920000.0,1.0,2315674000.0,1077033000.0,999851000.0,751215000.0,1229874000.0,0.0,487679000.0,2457310285.5,2762959285.5,33.897930070744415,1.3309784815265935,0.1642273480636739,0.3530968874677006,0.002930383612905451,33.897930070744415,0.0026359452310189195,4.3575512226911615,216.38871834272632,2.2815552406472226,0.0,0.0,0.0,0.24352305203582197,1.1881951238992832,0.0012259929506484937,-8.45491209137171,1.0,-0.9728915662650602,1.378710169056175,1.946494932498344,1.9812517315049907,-0.3456364935993242,-0.9730788196024882,-0.9593217924057847,1.3255592535277025,1.3106866309778564,1.130318644977664,Real Estate Services,Real Estate,JLL
2007Q4,2007,Q4,2008-02-29,2007-12-31,105456000.0,861784000.0,140370000.0,3.32,861784000.0,1.0,2291874000.0,1010533000.0,1070976000.0,1063932000.0,1273069000.0,0.0,484840000.0,2260954227.0,2225964227.0,31.804946522696675,1.0066207238808496,0.019019370174800185,0.043135652175634046,0.10263686416481885,31.804946522696675,0.10435680972318569,2.6235741519916824,5.359946866465635,2.2373878210805582,0.15978227886511912,0.0,0.007452605540961268,0.37601718070016066,0.9080843512555313,0.04601300071469898,10.586131591884895,1.0,1.4057971014492754,4.835502036786033,1.9776832088665126,1.6621589104070835,0.3807299836097355,1.266408768536428,1.1759417144628739,1.0774797491015715,1.0566097376619505,0.957749169332364,Real Estate Services,Real Estate,JLL
2007Q3,2007,Q3,2007-11-05,2007-09-30,46530000.0,624151000.0,64510000.0,1.38,624151000.0,1.0,1942585000.0,908195000.0,862538000.0,772669000.0,1024154000.0,0.0,396234000.0,3350273489.5499997,3420182489.5499997,28.016206301595783,1.1163098299530587,0.060785499733602394,0.13001723198211837,0.04607577408050156,28.016206301595783,0.051233490604991216,5.367729106498267,18.000609765473886,3.688936285214078,0.0,0.0,0.0,0.32129919668894796,0.971694218352231,0.023952619833881143,31.255175243723816,1.0,-0.4051724137931035,3.344183231517158,1.8746358369334704,1.4756127032325732,-0.07681715048085598,-0.4080453920920055,-0.3612555076984009,1.9013840293583246,1.206809932199809,0.9972337625103302,Real Estate Services,Real Estate,JLL
2007Q2,2007,Q2,2007-08-02,2007-06-30,78604000.0,676086000.0,100995000.0,2.32,676086000.0,1.0,1795893000.0,870059000.0,779892000.0,652711000.0,925834000.0,0.0,349705000.0,3612519314.0,3722955314.0,27.33596360780592,1.1948504008665397,0.08238185682554584,0.17004479006596104,0.07271980799916614,27.33596360780592,0.09034329855791388,5.343283715385321,11.489616667090733,4.152039475483846,0.0,0.0,0.0,0.3764622948026414,1.040572320674847,0.043768754597295054,20.44829969547055,1.0,1.8641975308641971,14.792031118759411,2.3801310599419945,1.5142596185470667,0.379615307700784,1.8851857289678462,1.7710099596674624,13.840648829657619,1.4500053482113857,0.9567570560800392,Real Estate Services,Real Estate,JLL
2007Q1,2007,Q1,2007-05-03,2007-03-31,27244000.0,490054000.0,36447000.0,0.81,490054000.0,1.0,1700752000.0,776871000.0,752403000.0,554151000.0,923881000.0,0.0,283158000.0,3329641421.04,3552248421.04,24.330580274525836,1.3577580839879384,0.15631908708618306,0.3422189784404361,0.025621400524083505,24.330580274525836,0.0350688853104312,6.794437798773196,30.553896463808545,4.285964363504366,0.0,0.0,0.0,0.28813959942425466,1.17850549759903,0.016018796391243404,-16.503062669025915,1.0,-0.6798418972332015,6.349683940972576,1.862597047816621,1.3321381270664165,-0.30427017465153455,-0.6633550810597074,-0.6796177952022222,5.353220284454766,1.1593089022801293,0.7537648772950625,Real Estate Services,Real Estate,JLL
