Quarters,Year,Quarter,FillingDate,Date,NetIncome,Revenue,OperatingIncome,EPSDiluted,GrossProfit,GrossProfitRatio,TotalAssets,CommonStockEquity,CurrentAssets,CurrentLiability,TotalLiability,Inventory,RetainedEarnings,MarketCap,EnterpriseValue,bookValuePerShare,currentRatio,debtToAssets,debtToEquity,roic,shareholdersEquityPerShare,roe,priceToSalesRatio,peRatio,pbRatio,payoutRatio,inventoryTurnover,dividendYield,assetTurnover,quickRatio,returnOnAssets,priceToFreeCashFlowsRatio,grossProfitMargin,epsdilutedGrowth,fiveYNetIncomeGrowthPerShare,fiveYRevenueGrowthPerShare,fiveYShareholdersEquityGrowthPerShare,grossProfitGrowth,netIncomeGrowth,operatingIncomeGrowth,threeYNetIncomeGrowthPerShare,threeYRevenueGrowthPerShare,threeYShareholdersEquityGrowthPerShare,Industry,Sector,Symbol
2023Q1,2023,Q1,2023-04-26,2023-03-31,-512000.0,65865000.0,1449000.0,-0.0565,7724000.0,0.1172701738,359266000.0,219456000.0,195524000.0,40688000.0,139810000.0,149442000.0,122097000.0,84671870.25,182600870.25,24.23371060473298,4.805446323240267,0.2767837758095673,0.45311588655584717,0.004300246701591062,24.23371060473298,-0.0023330417031204435,1.2855366317467547,-41.34368664550781,0.3858261804188539,0.0,0.38905394735081167,0.0,0.18333212717039743,0.8774577270939835,-0.0014251278996620887,-85.1829680583501,0.11727017384043119,0.8621951219512195,-1.193213601595153,-0.17131448521602266,-0.09390554946937105,2.1956971452213487,0.8625134264232008,1.459270998415214,0.6473336234461121,0.09437076773564283,-0.11993491478350544,Steel,Basic Materials,USAP
2022Q4,2022,Q4,2023-02-24,2022-12-31,-3724000.0,56200000.0,-3155000.0,-0.41,2417000.0,0.0430071174,363334000.0,219753000.0,197564000.0,45500000.0,143581000.0,154193000.0,122609000.0,64396508.94,160811508.94,24.467615340267233,4.342065934065934,0.2709187689563872,0.44793017615231645,-0.007878284327192992,24.467615340267233,-0.01694629879910627,1.1458453548042704,-4.323073908431794,0.2930404087316214,0.0,0.34880312335838853,0.0,0.15467861526859583,0.7248131868131868,-0.010249522477940408,-17.190739172450613,0.04300711743772242,-1.9285714285714282,-1.3818430205454086,-0.09907091976161594,-0.07597667954086851,-0.18838146406984554,-1.8712413261372398,-0.37114298131247286,-19.219872576403052,-0.003238813357720188,-0.11559497028783176,Steel,Basic Materials,USAP
2022Q3,2022,Q3,2022-10-28,2022-09-30,-1297000.0,46196000.0,-2301000.0,-0.14,2978000.0,0.0644644558,352673000.0,223450000.0,192294000.0,40913000.0,129223000.0,158867000.0,126333000.0,63904356.72,150423356.72,24.896017762464695,4.700070882115709,0.24551071389077134,0.3874916088610427,-0.0032931920254156023,24.896017762464695,-0.005804430521369434,1.3833309533292926,-12.317724888203548,0.28598951317968224,0.0,0.27203887528561627,0.0,0.13098819586415744,0.5669591572360864,-0.0036776277174606505,-22.87199596277738,0.0644644557970387,0.12499999999999993,-3.032965671217118,-0.26889149212758406,-0.017587838080026397,-0.37159738341422244,0.09742519137091162,-3.6112224448897794,-2.6556789648475143,-0.20041420978923413,-0.0983930220901662,Steel,Basic Materials,USAP
2022Q2,2022,Q2,2022-07-27,2022-06-30,-1437000.0,52156000.0,-499000.0,-0.16,4739000.0,0.0908620293,347898000.0,224282000.0,188360000.0,36255000.0,123616000.0,148977000.0,127630000.0,66309698.0,149977698.0,25.029322256904262,5.195421321197077,0.24140121529873698,0.3744526979427685,-0.0016991418914387088,25.029322256904262,-0.006407112474474099,1.2713723828514456,-11.536133959638136,0.29565323120000714,0.0,0.3182840304208032,0.0,0.14991750455593306,0.8399393187146601,-0.004130521014780194,-8.295971224821718,0.09086202929672521,0.11111111111111106,-1.9427912860334364,-0.20123707441615632,-0.013047066537547697,0.1692573402417962,0.11021671826625387,0.5314553990610329,-1.674463236770853,-0.28074962474607007,-0.09077467425397225,Steel,Basic Materials,USAP
2022Q1,2022,Q1,2022-04-20,2022-03-31,-1615000.0,47562000.0,-1065000.0,-0.18,4053000.0,0.0852150877,342799000.0,225250000.0,184756000.0,38253000.0,117549000.0,147632000.0,129067000.0,77652790.32,153334790.32,25.17836116310727,4.829843410974303,0.2215904947213965,0.3372297447280799,-0.003323748443946191,25.17836116310727,-0.007169811320754717,1.6326645288255328,-12.020555777089783,0.3447404675693673,0.0,0.2947125284491167,0.0,0.13874602901408697,0.7483334640420359,-0.004711215610313916,-11.948421344822279,0.08521508767503469,0.0,-0.06869777848468953,-0.2150184962344762,0.0019648447707754013,0.08137673425827108,0.006765067650676507,-0.7012779552715654,-2.2943279480151566,-0.22715087520136015,-0.07608183665126024,Steel,Basic Materials,USAP
2021Q4,2021,Q4,2022-02-17,2021-12-31,-1626000.0,43225000.0,-626000.0,-0.18,3748000.0,0.0867090804,330632000.0,226321000.0,170561000.0,31638000.0,104311000.0,140684000.0,130682000.0,70856583.82000001,140643583.82,25.36092827400439,5.391017131297806,0.21142841588231023,0.30887544682110807,-0.002716026962172956,25.36092827400439,-0.007184485752537325,1.6392500594563333,-10.894308705412055,0.313080022711105,0.0,0.28060760285462455,0.0,0.13073447216240414,0.673557114861875,-0.004917854291175688,-4.005686235513596,0.08670908039329092,-1.206896551724138,0.17154064828719903,0.021903257641981696,0.008552841416322513,0.6246207195491981,-1.206083650190114,0.7684054753977062,-3.7279626075872647,-0.25908765967138386,-0.0660088151130065,Steel,Basic Materials,USAP
2021Q3,2021,Q3,2021-10-20,2021-09-30,7890000.0,37169000.0,-2703000.0,0.87,2307000.0,0.062067852242460114,320954000.0,227545000.0,160656000.0,38112000.0,93409000.0,135604000.0,132308000.0,90694615.86,142149615.86,25.515656338102715,4.2153652392947105,0.16056506539877988,0.22647827902173195,-0.011322868474815818,25.515656338102715,0.03467445999692369,2.440060691974495,2.8737204011406843,0.39857881236678455,0.0,0.2570868115984779,0.0,0.11580787277927677,0.5192852644836272,0.02458296204440512,-10.539757798954096,0.062067852242460114,4.107142857142857,13.261598173617996,-0.24246944927858122,0.00614817541075943,0.06608133086876156,4.164861612515042,0.09507867425510545,0.9655797703177939,-0.4749075039643783,-0.05976004936319541,Steel,Basic Materials,USAP
2021Q2,2021,Q2,2021-07-21,2021-06-30,-2493000.0,38502000.0,-2987000.0,-0.28,2164000.0,0.05620487247415719,310444000.0,219377000.0,148430000.0,33134000.0,91067000.0,120842000.0,124418000.0,90072655.19999999,142867655.2,24.647827190954175,4.479688537453975,0.17057182615866306,0.24137899597496548,-0.007843946669693604,24.647827190954175,-0.011363998960693235,2.339427956989247,-9.032556678700361,0.4105838588366146,0.0,0.3007067079326724,0.0,0.12402236796330417,0.6479447093619847,-0.00803043383025602,-52.551140723453905,0.05620487247415719,0.4509803921568627,-1.5135086412328835,-0.2412228479742472,-0.03023892717468726,9.725806451612904,0.44954736144844337,0.45482752327066983,-1.5422736626073976,-0.4881591337977082,-0.16672053283530225,Steel,Basic Materials,USAP
2021Q1,2021,Q1,2021-04-21,2021-03-31,-4529000.0,37038000.0,-5479000.0,-0.51,-248000.0,-0.006695825908526378,304637000.0,221475000.0,139865000.0,24971000.0,83162000.0,111596000.0,126911000.0,90399248.55,141541248.55,24.916144615452115,5.6010972728364905,0.16926702928403312,0.23282537532452874,-0.015034224830520778,24.916144615452115,-0.020449260638898296,2.440716252227442,-4.990022551887834,0.4081690870301389,0.0,0.3341159181332664,0.0,0.12158076661731831,0.8446598053742341,-0.014866874345532553,-84.8022969512195,-0.006695825908526378,0.38554216867469876,-0.4956824090946569,-0.24621925367587624,-0.02713444936938146,0.9511330049261084,0.38001368925393564,0.4151990607322019,-2.7412203334587275,-0.5252486011343706,-0.06838945414036268,Steel,Basic Materials,USAP
2020Q4,2020,Q4,2021-02-17,2020-12-31,-7305000.0,31324000.0,-9369000.0,-0.83,-5075000.0,-0.162016345294343,303046000.0,225680000.0,137116000.0,33893000.0,77366000.0,111380000.0,131440000.0,66079412.080000006,116832412.08000001,25.546328983016583,4.045555129377748,0.168017396698851,0.2256159163417228,-0.026849638591991683,25.546328983016583,-0.03236884083658277,2.109545782147874,-2.261444629705681,0.2928013651187522,0.0,0.32680014365236126,0.0,0.10336384575279,0.5389018381376686,-0.024105251347980174,6.275347775878443,-0.162016345294343,-0.050632911392404965,-0.7269149975784733,-0.20660185708201678,-0.020524078981675277,-0.14637451999096454,-0.04357142857142857,-0.09195804195804196,-1.7615071768287134,-0.4894831263951209,-0.035238890094039126,Steel,Basic Materials,USAP
2020Q3,2020,Q3,2020-10-21,2020-09-30,-7000000.0,37434000.0,-8580000.0,-0.79,-4427000.0,-0.1182614735267404,321900000.0,232641000.0,152280000.0,34032000.0,89259000.0,120947000.0,138745000.0,48475228.68,108986228.68,26.347458790368723,4.474612129760225,0.1881609195402299,0.26035393589264144,-0.022927705874135507,26.347458790368723,-0.030089279189824666,1.2949518801089919,-1.7312581671428573,0.20836924136330226,0.0,0.34611027970929414,0.0,0.11629077353215284,0.7789433474377057,-0.02174588381484933,4.1202914305142375,-0.1182614735267404,-1.0789473684210527,0.6711258930766313,-0.30881318091082866,-0.010238228638517225,-3.2854930304594734,-1.1014710297208046,-1.4797687861271676,-21.12511521729514,-0.39779181652216933,0.03968691693209328,Steel,Basic Materials,USAP
2020Q2,2020,Q2,2020-07-29,2020-06-30,-3331000.0,52479000.0,-3460000.0,-0.38,1937000.0,0.036910002096076526,347781000.0,239409000.0,174970000.0,39414000.0,108372000.0,135072000.0,145745000.0,75769405.6,147989405.6,27.17346643669592,4.439285533059319,0.20841564087744874,0.30275804167763115,-0.00865403447917824,27.17346643669592,-0.013913428484309279,1.4438042950513537,-5.686686100270189,0.31648520147529957,0.0,0.3741856195214404,0.0,0.1508966849827909,0.8487339524026996,-0.009577866530949074,18.157058614905342,0.036910002096076526,-1.375,-6.499441758503059,-0.15214687386692402,-0.0628154802551532,-0.6054186188633123,-1.3607370659107016,-2.4634634634634636,-3.2227126723870168,-0.18257281965342678,0.07150054391275458,Steel,Basic Materials,USAP
2020Q1,2020,Q1,2020-04-22,2020-03-31,-1411000.0,58494000.0,-999000.0,-0.16,4909000.0,0.08392313741580333,367255000.0,242356000.0,192503000.0,51671000.0,124899000.0,146779000.0,149076000.0,67858308.27,143903308.26999998,27.53627090974928,3.725552050473186,0.20769764877265115,0.31473534800046216,-0.002287409480045244,27.53627090974928,-0.0058220138969119805,1.1600900651348856,-12.02308792877392,0.27999434002046575,0.0,0.36507266025793883,0.0,0.1592735292916366,0.7131079328830485,-0.0038420171270643014,-5.743889306754697,0.08392313741580333,-9.0,-10.047585164844842,-0.16252696549138113,-0.050062010022797546,-0.1614280833618039,-8.055,-2.659468438538206,0.050930352706984885,-0.018705586431265367,0.09579711042035191,Steel,Basic Materials,USAP
2019Q4,2019,Q4,2020-02-19,2019-12-31,200000.0,55171000.0,602000.0,0.02,5854000.0,0.10610646897826757,368399000.0,243136000.0,191467000.0,50125000.0,125263000.0,147402000.0,150487000.0,130946862.0,194602862.0,27.665622105553016,3.819790523690773,0.17325237039188487,0.26251151618847063,-0.0010950261112796095,27.665622105553016,0.0008225848907607265,2.3734726939877833,163.68357749999998,0.5385745508686496,0.0,0.3345748361623316,0.0,0.14975882127801649,0.7135162094763092,0.000542889638679801,211.88812621359224,0.10610646897826757,-0.7777777777777777,-0.9060331324328894,-0.1654575780638129,-0.04351834765705294,0.1028636021100226,-0.7392438070404173,-0.23116219667943805,1.103474071867898,0.3244528982336609,0.10020585534742589,Steel,Basic Materials,USAP
2019Q3,2019,Q3,2019-10-23,2019-09-30,767000.0,56568000.0,783000.0,0.09,5308000.0,0.09383396973553952,361018000.0,242658000.0,184054000.0,40825000.0,118360000.0,140672000.0,150287000.0,137090257.2,201970257.2,27.61293820083372,4.508364972443355,0.18304904464597332,0.27233390203496277,0.010237827598516085,27.61293820083372,0.003160827172399014,2.423459503606279,44.68391694915254,0.5649525554484088,0.0,0.3643937670609645,0.0,0.1566902481316721,0.9216411512553583,0.0021245478064805634,51.153081044776116,0.09383396973553952,-0.625,-0.5595456500871704,-0.1549640847830781,-0.03410997270225417,-0.4170876345266857,-0.6323106423777565,-0.7764134780125642,2.2096061892135688,0.169953657721812,0.08884941152819915,Steel,Basic Materials,USAP
2019Q2,2019,Q2,2019-07-24,2019-06-30,2086000.0,70997000.0,3502000.0,0.24,9106000.0,0.12825894051861347,364043000.0,241512000.0,186699000.0,42856000.0,122531000.0,140103000.0,149520000.0,142039127.97,209972127.97,27.528184211507167,4.3564261713645696,0.18723337627697828,0.28222614197224155,0.009550588892703079,27.528184211507167,0.008637251979197721,2.0006356320689607,17.02290603667306,0.5881245154278049,0.0,0.4417535670185506,0.0,0.1950236647868521,0.9624089975732686,0.005730092324258398,-85.41138182200842,0.12825894051861347,0.7142857142857141,0.1537305708797968,0.08773239283292569,-0.0289004583434035,0.2355495251017639,0.707037643207856,0.456738768718802,3.1336526151833017,0.41945705426559726,0.08308782137524273,Steel,Basic Materials,USAP
2019Q1,2019,Q1,2019-04-24,2019-03-31,1222000.0,60271000.0,2404000.0,0.14,7370000.0,0.12228103067810389,365630000.0,238767000.0,187632000.0,50259000.0,126863000.0,147128000.0,147434000.0,149208992.14000002,214414992.14000002,27.25172224328651,3.7333014982391215,0.17898695402456036,0.2740872901196564,0.006569235761100404,27.25172224328651,0.0051179601871280365,2.4756349179539083,30.52557122340426,0.6249146328428972,0.0,0.3595576640748192,0.0,0.16484150644093756,0.6935673212757913,0.0033421765172442085,-6.376997698093855,0.12228103067810389,1.0,2.9606850323349243,0.03403606757634534,-0.030173593685852075,0.14726027397260275,1.0960548885077186,1.7791907514450866,1.409422579052471,0.24442700942087597,0.06405955556244577,Steel,Basic Materials,USAP
2018Q4,2018,Q4,2019-02-20,2018-12-31,583000.0,57063000.0,865000.0,0.07,6424000.0,0.11257732681422288,353320000.0,237011000.0,174808000.0,59154000.0,116309000.0,134738000.0,146191000.0,141491108.51000002,183517108.51000002,27.15328440393459,2.9551340568685127,0.12940677006679496,0.19291087755420636,0.012494496594144354,27.15328440393459,0.002459801443814844,2.4795595834428616,60.67371719982848,0.5969811886790065,0.0,0.3758330983093114,0.0,0.16150515113777877,0.6138891706393481,0.0016500622665006227,10.327064339099337,0.11257732681422288,-0.8409090909090909,1.1623436584565314,0.1316125988890842,-0.03617961750970586,-0.38378896882494007,-0.851123595505618,-0.8366074801662259,1.1394882847596592,0.46280690882879727,0.04108845806759893,Steel,Basic Materials,USAP
2018Q3,2018,Q3,2018-10-24,2018-09-30,3916000.0,69056000.0,5294000.0,0.44,10425000.0,0.15096443466172382,351252000.0,236094000.0,170125000.0,41791000.0,115158000.0,122839000.0,145608000.0,219499814.19,280774814.19,27.137387983590255,4.070852575913475,0.17454135492466946,0.2596762306538921,0.01568802416725759,27.137387983590255,0.016586613806365263,3.1785770127143187,14.013011631128702,0.9297136487585453,0.0,0.47729955470168267,0.0,0.1965995923154886,1.0580747050800412,0.011148690968307654,-36.341028839403975,0.15096443466172382,-0.12,2.831240320230344,0.14017280286236594,-0.05253158745301192,-0.1085934159897392,-0.030212976721149084,-0.09442353746151215,1.1867260630113659,0.29408035944693606,0.019436045596191574,Steel,Basic Materials,USAP
2018Q2,2018,Q2,2018-07-25,2018-06-30,4038000.0,66071000.0,5846000.0,0.5,11695000.0,0.17700655355602307,345738000.0,231240000.0,165855000.0,49751000.0,114498000.0,125615000.0,141692000.0,185043254.76000002,240635254.76000002,29.579304617717803,3.333701835138992,0.16155296785427115,0.2415455803494205,0.015787456925386627,29.579304617717803,0.01746237675142709,2.8006728331643234,11.45636792719168,0.8002216517903478,0.0,0.43287823906380607,0.0,0.19110135420462893,0.7251110530441599,0.011679364142790206,22.036829196141483,0.17700655355602307,0.7857142857142856,6.5002352793404645,0.36779710881228106,0.024409366902839954,0.2613244176013805,0.900235294117647,0.43813038130381304,11.245686117136723,0.20300209374848016,0.020159369697003406,Steel,Basic Materials,USAP
2018Q1,2018,Q1,2018-04-25,2018-03-31,2125000.0,63737000.0,4065000.0,0.28,9272000.0,0.14547280229693899,340553000.0,194223000.0,157829000.0,39767000.0,146330000.0,119961000.0,137655000.0,199704065.0,298017065.0,26.74523675820019,3.968843513465939,0.28935584182197777,0.5073600963840533,0.010105278917572064,26.74523675820019,0.010941031700673967,3.133251721919764,23.494595882352943,1.0282204733733904,0.0,0.4540225573311326,0.0,0.18715735876647688,0.8504790404103906,0.006239851065766562,-13.458054114158635,0.14547280229693899,-0.7358490566037735,49.653563976339186,0.23683487425541627,-0.06984412842343309,0.5054391946744602,-0.7296437659033079,2.9161849710982657,15.514257020757189,0.10597565829542892,-0.07735086821237247,Steel,Basic Materials,USAP
2017Q4,2017,Q4,2018-02-23,2017-12-31,7860000.0,50274000.0,1038000.0,1.06,6159000.0,0.12250865258384055,321231000.0,191668000.0,146264000.0,44948000.0,129563000.0,116663000.0,135529000.0,155045928.24,233076928.24,26.47943487845057,3.254071371362463,0.24355681736818677,0.40819542124924346,-1.2507036346177194,26.47943487845057,0.041008410376275645,3.084018145363409,4.931486267175573,0.8089296504372144,0.0,0.3781404558428979,0.0,0.15650419791365092,0.5605811159562161,0.024468373226743372,-50.70174239372139,0.12250865258384055,27.5,5.938924904796352,0.017553093849400587,-0.07750537164424409,0.1271961932650073,31.347490347490346,0.021653543307086614,3.483686387749221,-0.07668704114608783,-0.08452831716499755,Steel,Basic Materials,USAP
2017Q3,2017,Q3,2017-10-25,2017-09-30,-259000.0,50887000.0,1016000.0,-0.04,5464000.0,0.10737516458034468,312975000.0,183177000.0,137506000.0,40319000.0,129798000.0,106529000.0,127671000.0,150709575.45000002,226016575.45000002,25.341723899070278,3.410451648106352,0.24150810767633196,0.4126391413769196,0.012162961235298786,25.341723899070278,-0.0014139329719342494,2.9616518059622305,-145.47256317567567,0.8227538143435038,0.0,0.4263909358015188,0.0,0.16259126128285006,0.665120662714849,-0.0008275421359533509,177.7235559551887,0.10737516458034468,-1.2352941176470589,-1.0897799651555826,-0.21087915715695113,-0.11073696356038458,-0.23751046608986884,-1.2109120521172638,-0.6190476190476191,-1.180822516623648,-0.07581610287715138,-0.1135561811417127,Steel,Basic Materials,USAP
2017Q2,2017,Q2,2017-07-26,2017-06-30,1228000.0,52607000.0,2667000.0,0.17,7166000.0,0.13621761362556314,310976000.0,183086000.0,133504000.0,38108000.0,127890000.0,100140000.0,127930000.0,140778748.5,216774748.5,25.36019845353292,3.5033063923585597,0.2446909086231735,0.4156134275695575,0.007852443452624062,25.36019845353292,0.00670723048185006,2.6760459349516226,28.660168668566776,0.7689214276351005,0.0,0.45377471539844216,0.0,0.16916739555464086,0.7643277002204262,0.003948857789668656,-42.97275595238095,0.13621761362556314,2.0,-0.7408374267033063,-0.26301271460481307,-0.09637413966310156,0.6881036513545348,2.007383100902379,6.510330578512397,-0.17463295776635512,-0.02054551273885352,-0.10537953010894198,Steel,Basic Materials,USAP
2017Q1,2017,Q1,2017-04-26,2017-03-31,-1219000.0,48875000.0,-484000.0,-0.17,4245000.0,0.0868542199488491,305049000.0,181342000.0,125231000.0,37355000.0,123707000.0,95348000.0,126702000.0,122679599.0,195337599.0,25.128986605181193,3.3524561638334895,0.23888621172336247,0.4018484410671549,-0.0015548898455988924,25.128986605181193,-0.006722105193501781,2.5100685217391305,-25.159884946677604,0.6765095730718752,0.0,0.4680748416327558,0.0,0.16022016135112718,0.7006826395395529,-0.003996079318404584,-87.31644056939501,0.0868542199488491,0.2272727272727272,-1.1840412015549227,-0.37834106703879555,-0.0802870133510214,0.3697967086156825,0.2309148264984227,0.6662068965517242,-1.3746371384849385,0.01805439491643769,-0.10571689539280406,Steel,Basic Materials,USAP
2016Q4,2016,Q4,2017-02-22,2016-12-31,-1585000.0,34159000.0,-1450000.0,-0.22,3099000.0,0.09072279633478732,296045000.0,181220000.0,113583000.0,29186000.0,114825000.0,91342000.0,127084000.0,97363233.03,168395233.03,25.1458597235121,3.891694648118961,0.24018983600466146,0.39237942831917005,-0.0036738519158812035,25.1458597235121,-0.008746275245557886,2.8502951793085276,-15.356976818611987,0.5372653847809292,0.0,0.3400407260624904,0.0,0.11538448546673648,0.6685397108202563,-0.005353915789829249,-72.01422561390532,0.09072279633478732,-2.142857142857143,-1.3539135310056816,-0.4778349832900955,-0.04486344424382501,-0.3453738910012674,-2.048076923076923,-7.304347826086956,0.4654325176814913,-0.1795449004410583,-0.10743423240354555,Steel,Basic Materials,USAP
2016Q3,2016,Q3,2016-10-28,2016-09-30,-520000.0,39651000.0,230000.0,-0.07,4734000.0,0.11939169251721268,295271000.0,182759000.0,109791000.0,27529000.0,112512000.0,85677000.0,128669000.0,75669919.5,146836919.5,25.359740206939165,3.9881942678629807,0.24229944694873523,0.39146635733397533,0.0005791934833410878,25.359740206939165,-0.002845277113575802,1.9083987667398048,-36.37976899038462,0.414042096422064,0.0,0.4075422808921881,0.0,0.13428680771223722,0.7953067674089143,-0.0017610940458087656,212.5559536516854,0.11939169251721268,0.3636363636363636,-1.1266112522065734,-0.44153122261736716,-0.01229487073874587,0.09103480064530999,0.3516209476309227,1.9126984126984128,0.7064453689422311,-0.20967387731521261,-0.11459596586812511,Steel,Basic Materials,USAP
2016Q2,2016,Q2,2016-07-29,2016-06-30,-802000.0,41030000.0,-252000.0,-0.11,4339000.0,0.10575188886180843,295765000.0,182919000.0,107435000.0,27479000.0,112846000.0,84749000.0,129189000.0,78446111.9,149978111.9,25.41639160576421,3.90971287164744,0.24208408702855308,0.3914300865410373,-0.0006408898513187487,25.41639160576421,-0.004384454321311619,1.911920835973678,-24.45327677680798,0.4288571001372192,0.0,0.43293726179659936,0.0,0.1387250012678985,0.731504057644019,-0.002711612259733234,18.2390401999535,0.10575188886180843,0.6764705882352942,-1.1375882382636,-0.3857947103884572,0.014562605619711762,2.2356450410141684,0.671311475409836,0.8990788946736084,-2.6181285349988723,-0.07733851092592313,-0.1197632949687495,Steel,Basic Materials,USAP
2016Q1,2016,Q1,2016-04-28,2016-03-31,-2440000.0,39594000.0,-2497000.0,-0.34,1341000.0,0.03386876799515078,299343000.0,183442000.0,108202000.0,25009000.0,115901000.0,82342000.0,129991000.0,72986904.19,148756904.19,25.611087368959964,4.3265224519173096,0.2561643332230919,0.41801223274931587,-0.005372088088038238,25.611087368959964,-0.013301206920988651,1.8433829416073142,-7.478166412909836,0.3978745553908047,0.0,0.4645624347234704,0.0,0.13226967057856706,0.9129513375184933,-0.008151184427228965,100.67159198620689,0.03386876799515078,0.2916666666666666,-1.5217878384577306,-0.37032388483845236,0.0595952662302816,2.505050505050505,0.28150765606595995,0.5396386430678466,-59.96907994735432,-0.22100811199804246,-0.10928800110941053,Steel,Basic Materials,USAP
2015Q4,2015,Q4,2016-02-24,2015-12-31,-3396000.0,31696000.0,-5424000.0,-0.48,-891000.0,-0.0281108026249369,298555000.0,184977000.0,103752000.0,18746000.0,113578000.0,83373000.0,132431000.0,65886844.56999999,142911844.57,26.081630425847543,5.534620719086739,0.25836780492706535,0.41700860106932214,-0.011925063581993056,26.081630425847543,-0.018359039231904507,2.0787116535209487,-4.850327191548881,0.3561893887888764,0.0,0.39085795161503123,0.0,0.10616469327259634,0.9492691774245172,-0.011374788564921036,12.04953265727871,-0.0281108026249369,0.8008298755186722,-1.9140665208073795,-0.40972480883674167,0.11321469790636572,-1.173170731707317,0.8007626870049868,0.7905468025949953,-4.059815406020182,-0.3452492562077138,-0.09136414439928284,Steel,Basic Materials,USAP
2015Q3,2015,Q3,2015-10-30,2015-09-30,-17045000.0,43371000.0,-25896000.0,-2.41,-410000.0,-0.009453321343755044,317350000.0,188228000.0,119964000.0,21413000.0,129122000.0,88341000.0,135827000.0,74810375.92,157004375.92000002,26.620000441243604,5.6023910708448135,0.2602804474554908,0.43882950464330495,-0.061307809759903444,26.620000441243604,-0.09055507150902098,1.7248939595582302,-1.0972481067761808,0.3974455230890197,0.0,0.49559094871011194,0.0,0.13666614148416575,1.1014337084948396,-0.05371041436899322,7.409168656036447,-0.009453321343755044,-47.2,-4.9984291417969615,-0.1975738639945401,0.16349924223151963,-1.0790590050134978,-46.87921348314607,-116.09333333333333,-7.039977095961712,-0.3124651451842881,-0.06588113276411077,Steel,Basic Materials,USAP
2015Q2,2015,Q2,2015-08-07,2015-06-30,-356000.0,49610000.0,225000.0,-0.05,5186000.0,0.10453537593227172,360167000.0,204748000.0,140567000.0,26000000.0,155419000.0,99021000.0,152872000.0,138759359.25,231050359.25,28.99478796778892,5.406423076923077,0.25741114538533516,0.4528053998085451,0.0005090374450804362,28.99478796778892,-0.0017387227225662766,2.7970038147550897,-97.44337025983145,0.6777080081368315,0.0,0.44863210834065503,0.0,0.13774165873053335,1.176923076923077,-0.000988430367024186,-156.96760096153847,0.10453537593227172,-3.5000000000000004,-1.082198954598062,-0.0720696382456128,0.3070300644123916,-0.09176882661996498,-3.848,-0.7785433070866141,-1.0768115753711742,-0.2894601434101369,0.03313230259951849,Steel,Basic Materials,USAP
2015Q1,2015,Q1,2015-04-29,2015-03-31,125000.0,55983000.0,1016000.0,0.02,5710000.0,0.10199524855759784,366424000.0,204491000.0,145533000.0,30939000.0,161933000.0,98437000.0,153228000.0,184968177.17999998,276566177.17999995,28.987440443781097,4.703868903325899,0.25058675195947866,0.44902220635626994,0.0022558014951523362,28.987440443781097,0.0006112738457927243,3.304006165800332,369.93635436,0.9045296721127091,0.0,0.5107124353647511,0.0,0.15278202301159313,1.0899188726203175,0.0003411348601619981,-36.54053282892137,0.10199524855759784,-0.9166666666666667,-0.9158945004786309,0.5499866460829345,0.34588473566597144,-0.35907509260298576,-0.9266862170087976,-0.6726804123711341,-0.9806945262117233,-0.27158199377982206,0.06093118058180732,Steel,Basic Materials,USAP
2014Q4,2014,Q4,2015-02-24,2014-12-31,1705000.0,52958000.0,3104000.0,0.24,8909000.0,0.16822765210166546,364557000.0,203630000.0,142633000.0,34881000.0,160927000.0,101070000.0,153103000.0,177058162.89999998,263791162.89999998,28.92436257170722,4.089131618932943,0.23830292656566737,0.42663163581004765,0.008068049363171055,28.92436257170722,0.00837302951431518,3.343369517353374,25.961607463343107,0.8695092221185483,0.0,0.43582665479370736,0.0,0.14526672097916102,0.8371032940569364,0.004676909235044177,50.28632857142856,0.16822765210166546,0.1999999999999999,0.7158969829922331,0.9102962026052858,0.3583851400465912,0.03077635080411894,0.2222222222222222,-0.006083893691962856,-0.6102788664722801,-0.1713027983249214,0.09865863994904431,Steel,Basic Materials,USAP
2014Q3,2014,Q3,2014-10-29,2014-09-30,1395000.0,53626000.0,3123000.0,0.2,8643000.0,0.161171819639727,358885000.0,201255000.0,138043000.0,30584000.0,157630000.0,93871000.0,151398000.0,185569734.28,275955734.28,28.58807671726974,4.513569186502747,0.2538166822241108,0.4526148418672828,0.006867351895161408,28.58807671726974,0.006931504807333979,3.4604433349494648,33.25622478136201,0.9220627277831606,0.0,0.4792001789690107,0.0,0.14942391016620923,1.1192453570494376,0.003887039023642671,150.0159533387227,0.161171819639727,0.0,3.2992025373146676,1.0392175590953712,0.3539534435567816,0.027705112960761,-0.037267080745341616,-0.03640851589015736,-0.6522914251534553,-0.22679903060153905,0.11344161174155888,Steel,Basic Materials,USAP
2014Q2,2014,Q2,2014-07-31,2014-06-30,1449000.0,52309000.0,3241000.0,0.2,8410000.0,0.16077539237989638,362859000.0,199312000.0,140642000.0,34939000.0,163547000.0,96250000.0,150003000.0,228368211.67999998,320008211.67999995,28.347438167406505,4.025358481925642,0.2530046106063237,0.4606094966685398,0.007339258107729093,28.347438167406505,0.0072700088303764955,4.365753726509778,39.401002705314006,1.145782550373284,0.0,0.4560935064935065,0.0,0.1441579236011784,0.9184292624288045,0.003993286648532901,-58.272062179127325,0.16077539237989638,3.857142857142857,4.478599332232595,0.6328404377019629,0.34484639097906106,0.38778877887788776,3.903807615230461,1.263268156424581,-0.7455510742289423,-0.1984811366739707,0.1315630942373835,Steel,Basic Materials,USAP
2014Q1,2014,Q1,2014-05-01,2014-03-31,-499000.0,46667000.0,1432000.0,-0.07,6060000.0,0.12985621531274777,360409000.0,197114000.0,136260000.0,34986000.0,163295000.0,91178000.0,148554000.0,236891011.72000003,324855011.72,28.099587787939733,3.8947007374378324,0.24432519720650706,0.44673133313716934,-0.004373041341601456,28.099587787939733,-0.002531529977576428,5.076199706859238,-118.68287160320644,1.201796989153485,0.0,0.4453596262256246,0.0,0.12948344797161004,0.8047504716172184,-0.0013845381219669876,270.1151787001141,0.12985621531274777,0.8292682926829268,0.8748299325837442,0.06166241063997464,0.3327584877720623,3.0725806451612905,0.8260718020216103,1.5546088303640588,-1.1089576954056564,-0.24220635095362777,0.16255080364954708,Steel,Basic Materials,USAP
2013Q4,2013,Q4,2014-03-05,2013-12-31,-2869000.0,40286000.0,-2582000.0,-0.41,1488000.0,0.03693590825596982,347924000.0,196458000.0,121295000.0,21741000.0,151466000.0,82593000.0,149053000.0,251460154.92000002,340949154.92,28.172556730722626,5.579090198242951,0.25809084742644944,0.45707479461258893,-0.0077340911386591564,28.172556730722626,-0.014603630292479818,6.24187447053567,-21.911829463227605,1.2799690260513699,0.0,0.469749252357948,0.0,0.11578965521205781,1.0005979485764225,-0.008246053735873352,44.482603028480455,0.03693590825596982,-0.6399999999999999,-3.250046364245796,-0.31933583905479457,0.3017546528300359,-0.3896636587366694,-0.6767971946230275,-0.2725480532281912,-1.785380669352046,-0.23696622979319987,0.202459498051959,Steel,Basic Materials,USAP
2013Q3,2013,Q3,2013-11-12,2013-09-30,-1711000.0,48460000.0,-2029000.0,-0.25,2438000.0,0.050309533635988446,350936000.0,199376000.0,122671000.0,22415000.0,151560000.0,82670000.0,151922000.0,224073527.73,318593527.73,28.641997584531,5.472719161275931,0.26956482093601114,0.4744803787817992,-0.004997542068058539,28.641997584531,-0.008581775138431908,4.623886251134956,-32.740141398305084,1.1238741259228793,0.0,0.5566952945445748,0.0,0.13808785647525476,1.3891590452821772,-0.004875532860692548,28.167633906976743,0.050309533635988446,-5.166666666666667,-1.6066241777871844,-0.18742673359895692,0.3365848995519479,-0.5406932931424265,-4.579497907949791,-5.621867881548975,-1.4077077834239409,-0.08925743544778207,0.2518761056805601,Steel,Basic Materials,USAP
2013Q2,2013,Q2,2013-08-02,2013-06-30,478000.0,42887000.0,439000.0,0.06,5308000.0,0.12376710891412317,364258000.0,200413000.0,135559000.0,22181000.0,163845000.0,95148000.0,153633000.0,206350905.63,309057905.63,28.874496439979595,6.111491817321131,0.28397454551444307,0.5161341829122861,-0.001902489476774052,28.874496439979595,0.0023850748204956762,4.811502451325576,107.92411382322176,1.0296283456163022,0.0,0.3949531256568714,0.0,0.11773797692844083,1.2301970154636852,0.0013122566971761774,135.40085671259843,0.12376710891412317,9.595554499999999,-0.9123467583892488,-0.34713142092198246,0.3712473643246738,0.14248816185966423,10.95,1.6287425149700598,-0.8877122308031683,-0.1838686009413727,0.30160755042416887,Steel,Basic Materials,USAP
2013Q1,2013,Q1,2013-05-10,2013-03-31,40000.0,49135000.0,167000.0,0.005662752241989789,4646000.0,0.09455581561005394,374223000.0,199093000.0,145204000.0,27867000.0,175130000.0,98007000.0,153155000.0,250168853.03000003,354801853.03000003,28.75349989767669,5.210607528618079,0.27990796931241535,0.5261259813253103,-4.450441910893444e-05,28.75349989767669,0.0002009111319835454,5.091459306604254,1563.5553314375002,1.2565426862320626,0.0,0.4539369636862673,0.0,0.13129871760955367,1.1100584921232999,0.00010688813889044767,126.0296488816121,0.09455581561005394,-0.9646077984875638,-0.9918499463747452,-0.16820345884705082,0.42013708630715296,-0.22138428020780962,-0.9629972247918593,-0.9046803652968036,-0.9725796226973515,0.3859954444466058,0.335022893253016,Steel,Basic Materials,USAP
2012Q4,2012,Q4,2013-03-18,2012-12-31,1081000.0,47150000.0,1752000.0,0.16,5967000.0,0.12655355249204667,376266000.0,198281000.0,147430000.0,17516000.0,177985000.0,95749000.0,153115000.0,253997746.88000003,360418746.88,28.704161590238435,8.41687599908655,0.28368760398228915,0.5383370065714819,0.005470554462846096,28.704161590238435,0.0054518587257478025,5.387014780063628,58.741384569842744,1.2809989201184178,0.0,0.4301141526282259,0.0,0.12531028580844403,1.495889472482302,0.0028729675282911558,42.32590349608399,0.12655355249204667,-0.5789473684210527,-0.7623671169083256,-0.083655805286184,0.47576382048253424,-0.36092963478633394,-0.6061930783242259,-0.6233877901977644,0.10875157909610307,0.7333751425612826,0.34804376293553746,Steel,Basic Materials,USAP
2012Q3,2012,Q3,2012-11-09,2012-09-30,2745000.0,61360000.0,4652000.0,0.38,9337000.0,0.15216753585397652,386969000.0,196003000.0,159133000.0,26392000.0,190966000.0,101580000.0,152034000.0,284539343.55,397730343.55,28.497444356320194,6.029592300697181,0.2931526814809455,0.578771753493569,0.010119353492611682,28.497444356320194,0.014004887680290607,4.637212248207302,25.9143300136612,1.4517091246052354,0.0,0.5121382161842882,0.0,0.15856567321930182,1.3474916641406487,0.007093591476319809,256.8044616877256,0.15216753585397652,-0.3870967741935484,-0.5140418017011913,-0.04226961651043404,0.5169603944828794,-0.1929991356957649,-0.390677025527192,-0.36335021212535923,7.658865270495939,1.3882426220757424,0.3496610247830769,Steel,Basic Materials,USAP
2012Q2,2012,Q2,2012-08-08,2012-06-30,4505000.0,67866000.0,7307000.0,0.62,11570000.0,0.17048301063861138,395288000.0,192635000.0,173397000.0,35712000.0,202653000.0,103086000.0,149289000.0,282106454.40000004,396657454.40000004,28.064932143573103,4.855426747311828,0.29024660500698224,0.5955875100578815,0.015920498040781137,28.064932143573103,0.023386196693228126,4.156815701529485,15.655186148723642,1.4644610501726063,0.0,0.5461071338494073,0.0,0.17168747849669103,1.291358646953405,0.01139675375928437,-24.06846296391093,0.17048301063861138,-0.27906976744186046,-0.2562628460971112,0.05837353256621754,0.560465244485273,-0.18949211908931698,-0.2833280305440662,-0.24607924061081304,12.078456296518716,1.170041363510186,0.33144386746570065,Steel,Basic Materials,USAP
2012Q1,2012,Q1,2012-05-10,2012-03-31,6286000.0,74614000.0,9692000.0,0.86,14275000.0,0.1913179832203072,381662000.0,187125000.0,168313000.0,41956000.0,194537000.0,93673000.0,144784000.0,292577147.52,396049147.52,27.322639747362864,4.011655067213271,0.2720993968485204,0.5549766199064796,0.023235879500753197,27.322639747362864,0.03359251837007348,3.921209793336371,11.636062182628063,1.5635385305010019,0.0,0.6441450578074792,0.0,0.1954975868700578,1.1027266660310802,0.01647007037640635,-33.21720566757493,0.1913179832203072,0.5087719298245615,-0.10457112569029892,0.28267697891096993,0.599982186570314,0.19917674731182797,0.4769736842105263,0.38200484813917013,2.6150377643812672,0.738622298759852,0.2959079793784437,Steel,Basic Materials,USAP
2011Q4,2011,Q4,2012-03-06,2011-12-31,4256000.0,62168000.0,7013000.0,0.57,11904000.0,0.1914811478574186,361672000.0,180306000.0,155396000.0,41425000.0,181366000.0,85088000.0,138498000.0,255868029.76,350244029.76,26.32697866286177,3.751261315630658,0.26170120993607465,0.5249409337459652,0.016783102454991775,26.32697866286177,0.023604317105365324,4.115751347316947,15.02984197368421,1.4190766239614876,0.0,0.5907295975930801,0.0,0.17189055276604215,0.9576825588412794,0.011767568404521223,412.02581281803543,0.1914811478574186,0.03636363636363619,-0.3598815891562448,0.07699276605443521,0.6673586114440954,-0.05328455543184349,0.09324428461340868,-0.03014797400082976,2.398574834414793,0.06949788680454355,0.216476988471693,Steel,Basic Materials,USAP
2011Q3,2011,Q3,2011-11-08,2011-09-30,3893000.0,67299000.0,7231000.0,0.55,12574000.0,0.18683784305858928,335950000.0,175390000.0,142263000.0,30812000.0,160560000.0,79273000.0,134242000.0,173645240.16000003,268950240.16,25.67541612941382,4.617129689731273,0.28456615567792826,0.5450709846627516,0.015581133375524296,25.67541612941382,0.02219624836079594,2.5802053546115102,11.151119969175445,0.9900521133473973,0.0,0.6903359277433678,0.0,0.2003244530436077,1.6330325847072569,0.011588033933621074,-132.5536184427481,0.18683784305858928,-0.30379746835443033,-0.35439924465564726,0.15190699054234744,0.7254322004610467,0.033026618468616493,-0.2953846153846154,-0.14678466076696164,0.4064890252447397,0.14992620006767124,0.1981487459806642,Steel,Basic Materials,USAP
2011Q2,2011,Q2,2011-08-08,2011-06-30,5525000.0,63318000.0,8475000.0,0.79,12172000.0,0.19223601503521906,226421000.0,170891000.0,151689000.0,32184000.0,55530000.0,83118000.0,130349000.0,318976472.91999996,300349472.91999996,25.05157539316113,4.713180462341536,0.041546499662133814,0.05504678420747728,0.030553583511741672,25.05157539316113,0.032330549882673754,5.037690276382702,14.433324566515838,1.8665492794822431,0.0,0.6153420438412859,0.0,0.2796472058687136,1.8953517275664926,0.02440144686226101,-206.72486903434864,0.19223601503521906,0.23437500000000003,0.1324893072587152,0.24221258485788166,0.7898008067421591,0.1272457862567142,0.24213129496402877,0.2162743972445465,0.030860001010930223,-0.019258372517800167,0.18969717104709202,Steel,Basic Materials,USAP
2011Q1,2011,Q1,2011-05-10,2011-03-31,4448000.0,59811000.0,6968000.0,0.64,10798000.0,0.1805353530287071,227354000.0,164675000.0,153599000.0,39354000.0,62679000.0,80010000.0,124824000.0,229803164.59999996,210136164.59999996,24.170632113218513,3.9030085887076282,0.04780210596690623,0.06599666008805223,0.02580137580730705,24.170632113218513,0.02701077880674055,3.8421555332631114,12.916095132643884,1.3954951546986487,0.0,0.6125859267591551,0.0,0.26307432462151537,1.6870203791228338,0.019564203840706562,-59.365322810643235,0.1805353530287071,0.2549019607843137,0.0737217453154538,0.25369306421457216,0.8253692660746781,0.22135505033367267,0.24628747548332866,0.2799412196914034,-0.07893375739954363,0.029041347487024513,0.1937889712772595,Steel,Basic Materials,USAP
2010Q4,2010,Q4,2011-03-03,2010-12-31,3569000.0,51583000.0,5444000.0,0.51,8841000.0,0.17139367621115484,212668000.0,159623000.0,139588000.0,29492000.0,53045000.0,69710000.0,120376000.0,213111265.6,189534265.6,23.42911073209825,4.733080157330802,0.0534495081535539,0.07121154219630003,0.021015396223948195,23.42911073209825,0.02235893323643836,4.131424415020453,14.927939590921827,1.3350912186840243,0.0,0.6131401520585282,0.0,0.24255177083529256,2.1774379492743794,0.016782026444975267,-36.089968772226925,0.17139367621115484,-0.14999999999999997,-0.05992333412810063,0.15565215612771446,0.8561308984931536,-0.14289869122636936,-0.1275971645074554,-0.13778904022806462,-0.20452971407523804,0.016436150528767266,0.20455822601932497,Steel,Basic Materials,USAP
2010Q3,2010,Q3,2010-11-09,2010-09-30,4091000.0,51870000.0,6314000.0,0.6,10315000.0,0.19886254096780412,206500000.0,155253000.0,134332000.0,27202000.0,51247000.0,57885000.0,116807000.0,166658093.67999998,141095093.67999998,22.87925894149109,4.938313359311815,0.07549636803874092,0.10041673912903454,0.02439412787781015,22.87925894149109,0.026350537509742162,3.2129958295739343,10.184434959667563,1.0734613416809982,0.0,0.7178889176816101,0.0,0.2511864406779661,2.6083008602308655,0.019811138014527847,24.70839046404744,0.19886254096780412,-0.016393442622950834,0.17010267483800195,0.1322115327781096,0.8931987685326985,0.06373105084046612,-0.015403128760529482,-0.014361536059943803,-0.26591761833735866,-0.17939734186248588,0.21789621677646792,Steel,Basic Materials,USAP
2010Q2,2010,Q2,2010-08-09,2010-06-30,4155000.0,51291000.0,6406000.0,0.61,9697000.0,0.18905850929012888,197810000.0,150287000.0,126028000.0,23679000.0,47523000.0,55648000.0,112716000.0,108326701.47,86187701.47,22.183719225176553,5.3223531399130035,0.06371770891259289,0.08386620266556655,0.025957636026008986,22.183719225176553,0.027647101878405984,2.112002134292566,6.51785207400722,0.7207988812738294,0.0,0.7474482461184588,0.0,0.2592942722814822,2.7507918408716585,0.021005004802588344,-34.075716096256684,0.18905850929012888,1.9047619047619049,0.19982676943832256,0.15091274978635444,0.9192908721429477,0.9713356373246594,1.9117028731604766,1.83576803895529,-0.30500791971506025,-0.18957649297484958,0.23345827694206958,Steel,Basic Materials,USAP
2010Q1,2010,Q1,2010-05-07,2010-03-31,1427000.0,34679000.0,2259000.0,0.21,4919000.0,0.1418437671213126,196217000.0,145883000.0,124920000.0,25828000.0,50334000.0,54199000.0,108561000.0,162492354.63,137735354.63,21.53783282892908,4.836611429456404,0.06664560155338223,0.08964032820822165,0.009375530057719142,21.53783282892908,0.009781811451642754,4.685612463738862,28.46747628416258,1.1138539420631601,0.0,0.5490876215428329,0.0,0.17673799925592584,2.379588043983274,0.007272560481507718,-42.23871968546919,0.1418437671213126,0.4999999999999998,-0.5446129961828777,-0.24418639435962522,0.9468929834352077,0.49151000606428136,0.49267782426778245,2.0692934782608696,-0.7944643482218434,-0.3972044791714564,0.2612305832177829,Steel,Basic Materials,USAP
2009Q4,2009,Q4,2010-02-26,2009-12-31,956000.0,26672000.0,736000.0,0.14,3298000.0,0.1236502699460108,181714000.0,144226000.0,110043000.0,12471000.0,37488000.0,41322000.0,107134000.0,127745135.82,99176135.82,21.293197134588166,8.823911474621122,0.07583345256832165,0.09554449267122433,0.003489887709910782,21.293197134588166,0.006628485848598727,4.789484696310738,33.40615476464435,0.8857288964541761,0.0,0.5656550989787522,0.0,0.14678010500016508,4.761205997915163,0.00526101456134365,343.40090274193545,0.1236502699460108,1.8,-0.6543282995328488,-0.32435046912661325,1.0201599889966306,0.2147329650092081,2.0641025641025643,0.6105032822757112,-0.8546138403769662,-0.5327945005405921,0.3485556418069075,Steel,Basic Materials,USAP
2009Q3,2009,Q3,2009-11-09,2009-09-30,312000.0,25286000.0,457000.0,0.05,2715000.0,0.10737166811674444,180032000.0,142926000.0,109315000.0,12223000.0,37106000.0,42544000.0,106178000.0,123535819.5,95397819.5,21.114519744615446,8.94338542092776,0.07795280838961963,0.0981906720960497,0.0017846950607715557,21.114519744615446,0.002182947819151169,4.88554217748952,98.98703485576924,0.8643341274505689,0.0,0.5305330951485521,0.0,0.14045280838961963,4.751452180315798,0.001733025239957341,16.938957836281364,0.10737166811674444,1.8333333333333335,-0.8941237104552051,-0.29260579910520923,1.0777283187802982,0.01647323099962561,1.78,-0.1911504424778761,-0.9477854516942923,-0.5632365964231322,0.41893210536493847,Steel,Basic Materials,USAP
2009Q2,2009,Q2,2009-08-10,2009-06-30,-400000.0,30763000.0,565000.0,-0.06,2671000.0,0.08682508207912103,178437000.0,142317000.0,109191000.0,11798000.0,36120000.0,45175000.0,105866000.0,109850793.53,89065793.53,21.078569535937334,9.255043227665706,0.07629583550496814,0.0956596892851873,-0.0025294223583902055,21.078569535937334,-0.0028106269806137006,3.5708738916880667,-68.65674595625,0.7718740103431073,0.0,0.6218483674598783,0.0,0.17240258466573635,4.601627394473639,-0.002241687542381905,12.562991025846294,0.08682508207912103,0.8947368421052633,-1.2383219889242643,-0.011134157763384665,1.1656383266513999,2.591775923718713,0.8954521693674856,1.088074824629774,-1.0828381368929445,-0.39023018046646873,0.5059508301697602,Steel,Basic Materials,USAP
2009Q1,2009,Q1,2009-05-11,2009-03-31,-3826000.0,42186000.0,-6415000.0,-0.57,-1678000.0,-0.039776229080737684,183909000.0,141942000.0,117341000.0,16704000.0,41967000.0,51397000.0,106266000.0,65101186.28,53459186.28,21.083780779301645,7.024724616858237,0.07688041368285402,0.09961110876273407,-0.024535861751528092,21.083780779301645,-0.02695467162643897,1.5431940994642772,-4.253867373235755,0.4586463927519691,0.0,0.853435025390587,0.0,0.2293851850643525,3.2908884099616857,-0.02080376708045827,-59.344745925250685,-0.039776229080737684,-4.166666666666667,-16.76249839758907,0.8516205383562793,1.2232297385084823,-1.5505249343832022,-4.10804224207961,-13.242366412213741,-1.9346503464558933,-0.10513866517832168,0.5922498537448705,Steel,Basic Materials,USAP
2008Q4,2008,Q4,2009-03-06,2008-12-31,1231000.0,57140000.0,524000.0,0.18,3048000.0,0.05334266713335667,182944000.0,145700000.0,119330000.0,24509000.0,37244000.0,63222000.0,110092000.0,97550795.16,84727795.16,21.64198658285955,4.868823697417275,0.010872179464754241,0.01365133836650652,0.0036579424056388675,21.64198658285955,0.008448867536032944,1.7072242765138257,19.81129064987815,0.6695318816746739,0.0,0.8555882445983993,0.0,0.31233601539268846,1.9531192623118039,0.006728835053349659,38.97354980423491,0.05334266713335667,-0.55,5.216978170113391,1.8383442005549189,1.292534735698442,-0.5381118351265344,-0.5484225972120322,-0.860154790499066,-0.67186541005692,0.2955017647957728,0.7145490693415797,Steel,Basic Materials,USAP
2008Q3,2008,Q3,2008-11-10,2008-09-30,2726000.0,57639000.0,3747000.0,0.4,6599000.0,0.11448845399816096,185380000.0,144169000.0,123897000.0,29453000.0,41211000.0,70424000.0,108861000.0,171892147.35,161625147.35,21.429239245582092,4.206600346314467,0.01796849714100766,0.02310482836115947,0.018276495296375324,21.429239245582092,0.018908364488898446,2.9822194581793577,15.764136770909758,1.1922961756688333,0.0,0.7247529251391571,0.0,0.3109235084690905,1.6115506060503175,0.014704930413205308,62.96415653846154,0.11448845399816096,-0.4805194805194805,21.25959331876367,1.7829820050584533,1.172294786296901,-0.36936162079510704,-0.4827324478178368,-0.521455938697318,-0.21358233745838612,0.2689972432209092,0.7732134355434052,Steel,Basic Materials,USAP
2008Q2,2008,Q2,2008-08-08,2008-06-30,5270000.0,63482000.0,7830000.0,0.77,10464000.0,0.16483412620900412,183958000.0,141241000.0,125681000.0,31071000.0,42717000.0,72399000.0,106135000.0,248446651.92,237021651.92,21.057102599573643,4.044961539699398,0.008925950488698507,0.01162551950212757,0.03671918980884422,21.057102599573643,0.037312111922175574,3.913655082070508,11.785894303605312,1.759026429436212,0.0,0.7323029323609442,0.0,0.3450896400265278,1.535225773229056,0.0286478435295013,102.83387910596026,0.16483412620900412,0.10000000000000009,12.224070474843897,2.5332822774656036,1.2132489107499027,0.03953904232068349,0.11581621850518738,0.12001144328422257,0.5370323890719152,0.438721456014969,0.8218182624341965,Steel,Basic Materials,USAP
2008Q1,2008,Q1,2008-05-09,2008-03-31,4723000.0,56845000.0,6991000.0,0.7,10066000.0,0.17707801917494942,172799000.0,134910000.0,115805000.0,26697000.0,37889000.0,65535000.0,100865000.0,197964058.23000002,188906058.23000002,20.246988952626907,4.337753305614863,0.010052141505448527,0.012875250166777851,0.03427425544942197,20.246988952626907,0.0350085242013194,3.4825236736740264,10.47872423406733,1.467378683789193,0.0,0.7138017853055619,0.0,0.32896602410893583,1.7031876240776118,0.027332334099155666,-68.6421838522885,0.17707801917494942,0.07692307692307682,8.875746967423165,2.759389290499494,1.178011551422658,0.18716829814836655,0.07634457611668186,0.2965504451038576,0.5321228592526818,0.25938755746244513,0.8302083148594805,Steel,Basic Materials,USAP
2007Q4,2007,Q4,2008-03-07,2007-12-31,4388000.0,49633000.0,5392000.0,0.65,8479000.0,0.17083392097999314,164296000.0,129602000.0,109258000.0,23337000.0,34694000.0,65572000.0,96142000.0,237010486.41,228198486.41,19.45037626742534,4.681750010712602,0.011174952524711497,0.014166448048641225,0.029981604902766777,19.45037626742534,0.033857502199040136,4.775260137610058,13.503332179238834,1.828756395811793,0.0,0.6276154456170316,0.0,0.3020949992696109,1.6347002613874964,0.02670789307104251,20.133408631498472,0.17083392097999314,-0.19753086419753088,53.02296854275601,2.0270847007461605,1.0722557108739987,-0.2383903709691907,-0.19736601426742273,-0.33783617831266116,0.6128409450552882,0.2780722665732436,0.8453251363815109,Steel,Basic Materials,USAP
2007Q3,2007,Q3,2007-11-13,2007-09-30,5467000.0,62008000.0,8143000.0,0.81,11133000.0,0.1795413495032899,168813000.0,125053000.0,115296000.0,27218000.0,43760000.0,62949000.0,91754000.0,276188681.97,277487681.97,18.785885551108777,4.236020280696597,0.05585470313305255,0.07540003038711586,0.041441101771036715,18.785885551108777,0.04371746379535077,4.454081440620565,12.629809857783062,2.2085730207991814,0.0,0.8081939347725937,0.0,0.367317682879873,1.74204570504813,0.032384946656951775,23.309028776268043,0.1795413495032899,-0.06896551724137924,26.375710481423233,2.725474831372114,0.9655783596118436,-0.11740922784208023,-0.06738314568406688,-0.11556424459650266,0.8865172554300423,0.7639922574353154,0.8485841437553006,Steel,Basic Materials,USAP
2007Q2,2007,Q2,2007-08-10,2007-06-30,5862000.0,62056000.0,9207000.0,0.87,12614000.0,0.20326801598556143,170168000.0,119468000.0,119089000.0,34287000.0,50700000.0,75577000.0,86287000.0,234020735.64999998,243397735.64999998,17.984977392322797,3.4732989179572433,0.06016407315123878,0.0856965882077209,0.046141707302863016,17.984977392322797,0.04906753272842937,3.771121819807915,9.980413495820539,1.95885706339773,0.0,0.6541937361895814,0.0,0.3646749095011988,1.1671478986204684,0.034448309905505146,-3774.5279943548385,0.20326801598556143,-0.13,5.7882958112334775,1.6065119917383093,0.7721458839832199,-0.04576745593463953,-0.1362899661116841,-0.13670886075949368,2.5499634850051054,1.0275259297279673,0.8477988403514876,Steel,Basic Materials,USAP
2007Q1,2007,Q1,2007-05-11,2007-03-31,6787000.0,56239000.0,10665000.0,1.0,13219000.0,0.23505040985792777,162423000.0,113071000.0,112097000.0,29466000.0,49352000.0,71640000.0,80425000.0,314313443.29,327285443.29,17.076839965281778,3.804282902328107,0.08529580170296079,0.12252478531188368,0.05461448566619171,17.076839965281778,0.060024232561841674,5.588887485374918,11.577775279578605,2.779788303720671,0.0,0.6005025125628141,0.0,0.34625022318267734,1.282800515848775,0.041785953959722455,245.17429273790952,0.23505040985792777,0.052631578947368474,4.12512106748713,1.9106985128889853,0.7884147589469784,0.09710349406589759,0.05584940883634101,0.13096500530222693,27.429985790586382,1.5098047363110874,0.8007082718217364,Steel,Basic Materials,USAP
