Quarters,Year,Quarter,FillingDate,Date,NetIncome,Revenue,OperatingIncome,EPSDiluted,GrossProfit,GrossProfitRatio,TotalAssets,CommonStockEquity,CurrentAssets,CurrentLiability,TotalLiability,Inventory,RetainedEarnings,MarketCap,EnterpriseValue,bookValuePerShare,currentRatio,debtToAssets,debtToEquity,roic,shareholdersEquityPerShare,roe,priceToSalesRatio,peRatio,pbRatio,payoutRatio,inventoryTurnover,dividendYield,assetTurnover,quickRatio,returnOnAssets,priceToFreeCashFlowsRatio,grossProfitMargin,epsdilutedGrowth,fiveYNetIncomeGrowthPerShare,fiveYRevenueGrowthPerShare,fiveYShareholdersEquityGrowthPerShare,grossProfitGrowth,netIncomeGrowth,operatingIncomeGrowth,threeYNetIncomeGrowthPerShare,threeYRevenueGrowthPerShare,threeYShareholdersEquityGrowthPerShare,Industry,Sector,Symbol
2023Q4,2023,Q4,2023-05-25,2023-03-31,51435000.0,112788000.0,70684000.0,0.48,82561000.0,0.7320016314,1140543000.0,415444000.0,180695000.0,210033000.0,566351000.0,0.0,243823000.0,0.0,180602000.0,0.0,0.86031718825137,0.25632527664454563,0.703704951810593,0.06787518099394481,0.0,0.12380730014153532,0.0,0.0,0.0,0.9230096237970253,0.0,,0.09888973936098858,0.7907043178929025,0.04509694066773458,0.0,0.7320016313792247,0.17073170731707318,-1.0,-1.0,-1.0,0.014287820339566083,1.350347285688174,0.9584938073203846,-1.0,-1.0,-1.0,Asset Management,Financial Services,HLNE
2023Q3,2023,Q3,2023-02-07,2022-12-31,21884000.0,127074000.0,36091000.0,0.41,81398000.0,0.6405558966,1124361000.0,394661000.0,220031000.0,215447000.0,594403000.0,0.0,227786000.0,2365183574.08,2493879574.08,10.659191513202714,1.0212766945002716,0.2478518909851907,0.7061123343831794,0.031155022145091606,10.659191513202714,0.05545012048314883,18.612647544580323,27.01955280204716,5.992949833097266,0.8480625114238713,0.0,0.00784674822004842,0.11301886137993046,3.3612396552284323,0.01946349971228102,41.68018140626652,0.6405558965642066,-0.6168224299065421,2.698169177600155,-0.04310433056006485,2.3403208004114138,-0.12492205809628244,-0.6209840835483815,-0.5209710387300576,0.2780557232090978,0.470034915695492,1.1667647818272953,Asset Management,Financial Services,HLNE
2023Q2,2023,Q2,2022-11-01,2022-09-30,57739000.0,153382000.0,75342000.0,1.07,93018000.0,0.6064466495,1387742000.0,390774000.0,462443000.0,207101000.0,586764000.0,0.0,225957000.0,2206124909.49,2357942909.49,10.558802921718966,2.23293465507168,0.19751077649880164,0.7014130929898099,0.07975577817424505,10.558802921718966,0.14775548014965173,14.383206044320714,9.552143739456866,5.6455263387277554,0.45700479745059663,0.0,0.011960791470370553,0.11052630820426275,0.8558770841280341,0.04160643693136044,23.439740217065626,0.6064466495416672,0.019047619047619063,5.028090880133067,0.5412153261367431,1.9135033931416612,0.11646162155674249,0.028738908883583367,0.09019085792009723,1.7767025116003201,0.7552565411675161,1.1022605106245917,Asset Management,Financial Services,HLNE
2023Q1,2023,Q1,2022-08-02,2022-06-30,56126000.0,135509000.0,69109000.0,1.05,83315000.0,0.6148300113,1352304000.0,368507000.0,418612000.0,209660000.0,585330000.0,533263000.0,205325000.0,2485630507.98,2703752507.98,9.959766819936053,1.9966231040732614,0.22281824205208298,0.8176723915692239,0.07646301814434342,9.959766819936053,0.15230646907657114,18.34291824144522,11.071653547286465,6.745137834505179,0.7738303103730891,0.09787665748420572,0.01747323259050917,0.10020601876501142,3.1728560526566825,0.04150398135330517,41.95511027057135,0.614830011290763,-0.07079646017699102,3.992121959503857,0.24962892698466757,1.848299903130381,0.1386964068500827,0.49442181217882153,0.0221561580216237,2.559652753501228,0.5121045133771919,1.3063616905016542,Asset Management,Financial Services,HLNE
2022Q4,2022,Q4,2022-05-26,2022-03-31,37557000.0,100900000.0,67611000.0,1.13,73167000.0,0.7251437066,1294946000.0,346878000.0,412812000.0,223429000.0,557460000.0,0.0,185149000.0,2562342658.2200003,2743738658.2200003,10.463159770607895,1.84762049689163,0.19581511507043536,0.731006290396047,0.05596163967092544,10.463159770607895,0.1082714960303046,25.394872727651144,17.056358722874567,7.386869903020659,0.6166094203477381,0.0,0.009037823230124625,0.0779183070182077,0.5635571031513367,0.02900275378278322,157.4597590007989,0.7251437066402379,-0.24161073825503362,1.344248892396276,0.11301775470634057,1.9747746773918413,0.2680589254766031,-0.5316848720634446,0.04782642386671833,2.759322325221229,0.2133910631927078,1.5351248148869547,Asset Management,Financial Services,HLNE
2022Q3,2022,Q3,2022-02-01,2021-12-31,80196000.0,91704000.0,64525000.0,1.49,57700000.0,0.6291982902,1279453000.0,343757000.0,413362000.0,214127000.0,540578000.0,0.0,181637000.0,3823862022.42,4122091022.42,9.315215907674718,1.930452488476465,0.2948556922372295,1.0974438338710193,0.07011155806027891,9.315215907674718,0.2332927038576669,41.69787601871238,11.920363928437826,11.123735727330644,0.30399271784128884,0.0,0.006375491546782148,0.0716743795981564,2.8555296623032125,0.06267991086816006,56.66239938386308,0.6291982901509203,0.056737588652482324,1.182313188379934,0.00211484409017232,2.180173815510289,-0.08453385796788729,0.5379422763448077,0.3876045676437066,8.974410717910573,-0.05672410373200463,1.252343969784131,Asset Management,Financial Services,HLNE
2022Q2,2022,Q2,2021-11-02,2021-09-30,52145000.0,96320000.0,46501000.0,1.41,63028000.0,0.6543604651162791,1233973000.0,302183000.0,413209000.0,234258000.0,553721000.0,0.0,141130000.0,3071969283.02,3217238283.02,8.343560660477193,1.7639056083463531,0.18762566117735152,0.7661748013620885,0.0645607183597241,8.343560660477193,0.17256099780596526,31.89336880211794,14.72801458922236,10.165923572868095,0.43712724134624603,0.0,0.0074199960676662804,0.07805681323659432,0.5536075608943984,0.04225781277224056,62.20450102298269,0.6543604651162791,0.8076923076923075,0.02650690407180663,-0.11406630467483152,2.2416531743148247,0.20597746015345464,0.8512141437091735,0.30072727272727273,1.908781193326301,0.07992639542098534,0.8670701657551596,Asset Management,Financial Services,HLNE
2022Q1,2022,Q1,2021-08-03,2021-06-30,28168000.0,78995000.0,35750000.0,0.78,52263000.0,0.6615988353693272,1139302000.0,253478000.0,389671000.0,220712000.0,799878000.0,0.0,103080000.0,3280601469.6800003,3431306469.6800003,7.040451445707895,1.7655179600565443,0.1965282251764677,0.8833310977678536,0.05093424693441406,7.040451445707895,0.11112601488097586,41.5292293142604,29.1163862333144,12.942351879374147,0.9588895200227208,0.0,0.008233246326819038,0.069336312935464,0.47394795027003517,0.024723909902729917,117.77846879011992,0.6615988353693272,-0.3235951392137628,0.0,-0.05336172124694167,0.0,-0.13574877629316048,-0.2915314771498277,-0.22048754960533776,0.9679772075224571,-0.22957101089193258,0.8751399400377092,Asset Management,Financial Services,HLNE
2021Q4,2021,Q4,2021-05-27,2021-03-31,39759000.0,102877000.0,45862000.0,1.1531555215220457,60472000.0,0.5878087424788826,1136519000.0,238129000.0,404220000.0,225015000.0,546318000.0,0.0,87512000.0,3053410380.7200003,3204530380.7200003,6.906606584283389,1.7964135724285049,0.2098125944220906,1.0013732052794915,0.07837675234068232,6.906606584283389,0.16696412448714773,29.68020432866433,19.199491817701656,12.82250536776285,0.4683216378681556,0.0,0.006098099396521135,0.09051938418979358,0.5290002888696309,0.03498313710549494,100.81254558637085,0.5878087424788826,0.20120366825213098,0.2247214020979089,0.23201246851645133,1.9561518679548642,0.0789515941977269,0.19745203746649398,0.07357381961188231,0.9007286130458397,-0.14461764484767425,0.959324219020968,Asset Management,Financial Services,HLNE
2021Q3,2021,Q3,2021-02-02,2020-12-31,33203000.0,84583000.0,42719000.0,0.96,56047000.0,0.6626272418807562,715829000.0,216320000.0,131468000.0,196796000.0,415977000.0,0.0,73703000.0,2691042007.85,2745744007.85,6.274066309908422,0.6680420333746621,0.20619030522652756,0.6823086168639053,0.08728611990678103,6.274066309908422,0.15349019970414202,31.815400350543253,20.262039633843326,12.440098039247411,0.47396319609673826,0.0,0.0058479206025375385,0.11816090155609789,0.627583893981585,0.046383982766833975,53.02859297791002,0.6626272418807562,0.4545454545454544,-0.21068672387058776,-0.23992940444645366,0.0,0.13446279653469353,0.522165681015908,0.11497102886673279,3.7668393920919683,-0.3160200833138044,0.9661335639001595,Asset Management,Financial Services,HLNE
2021Q2,2021,Q2,2020-11-04,2020-09-30,21813000.0,84431000.0,38314000.0,0.66,49404000.0,0.5851405289526359,608089000.0,192338000.0,127271000.0,194018000.0,344894000.0,0.0,51275000.0,2129018551.14,2131707551.14,5.835135355372055,0.6559752187941325,0.13924935330190152,0.4402458172591999,0.10466008428334106,5.835135355372055,0.11340972662708357,25.21607645461975,24.40079942167515,11.069151967577909,0.8816302205107046,0.0,0.009032800578324039,0.13884645175295063,0.6111443268150378,0.035871393825574874,51.890578642911116,0.5851405289526359,5.0,5.319922087947754,0.12740911811805278,0.0,0.25413144467291143,5.7199630314232905,0.32882461068914093,1.5569530160130354,-0.04745024180759065,0.6100960291954813,Asset Management,Financial Services,HLNE
2021Q1,2021,Q1,2020-08-04,2020-06-30,3246000.0,69744000.0,28833000.0,0.11,39393000.0,0.5648227804542326,526507000.0,166788000.0,105987000.0,157987000.0,293896000.0,0.0,40234000.0,2037097006.5000002,2050787006.5000002,5.515941324417238,0.6708589947274143,0.16102539947237168,0.5083159459913184,0.07938466237517383,5.515941324417238,0.01946183178645946,29.20820438317275,156.8928686460259,12.21369047233614,6.301910043130007,0.0,0.010041740739262138,0.13246547529282612,0.6134871856545159,0.0061651601973003204,43.84908639171708,0.5648227804542326,-0.8389132361487796,0.0,-0.004856041156683391,0.0,-0.19245197925421784,-0.8427934908950019,-0.14235997501412892,-0.6467184002529205,-0.2130064207421303,0.5774521054611755,Asset Management,Financial Services,HLNE
2020Q4,2020,Q4,2020-05-28,2020-03-31,20648000.0,76932000.0,33619000.0,0.6828618153977931,48781000.0,0.634079446784173,473529000.0,154791000.0,93187000.0,114780000.0,236128000.0,0.0,47090000.0,1672433359.5,1707017359.5,5.1191816770263365,0.8118748910960097,0.15738001262858242,0.4814491798618783,0.13214500115273883,5.1191816770263365,0.13339276831340324,21.739111936515364,20.249338428661375,10.804461238056478,0.9095796203022084,0.0,0.011229744906317148,0.16246523444181876,0.724106987280014,0.04360450996665463,495.5358102222222,0.634079446784173,0.4844822073865067,-0.2747591592075465,0.050524635569117717,1.7087004396670598,0.08961558221090486,0.529821441801882,0.16360930361345702,1.2075049137364195,-0.0695636151516949,0.45543147152970365,Asset Management,Financial Services,HLNE
2020Q3,2020,Q3,2020-02-06,2019-12-31,13497000.0,68138000.0,28892000.0,0.46,44769000.0,0.6570342540139129,469379000.0,143573000.0,111404000.0,122446000.0,253029000.0,0.0,34469000.0,1739428324.4,1734471324.4,4.919404082345067,0.9098214723224932,0.1432637591370726,0.4683680079123512,0.11309893113733134,4.919404082345067,0.09400792628140389,25.52802143297426,32.218795369341336,12.115288559826709,0.8861969326517004,0.0,0.006876397165790569,0.14516627288395945,0.847083612367901,0.02875501460440284,41.47322010443242,0.6570342540139129,-0.1785714285714286,-0.6209498943865367,-0.27665160754659324,0.0,0.09355382398202203,-0.11778547617491339,0.0730547818012999,-0.5355917083586328,-0.05850732609658757,1.6232546774481915,Asset Management,Financial Services,HLNE
2020Q2,2020,Q2,2019-11-07,2019-09-30,15299000.0,64292000.0,26925000.0,0.56,40939000.0,0.6367666272631121,445382000.0,136761000.0,102310000.0,115145000.0,240751000.0,0.0,28998000.0,1550972497.92,1558651497.92,5.022594901229389,0.8885318511442095,0.15516343273863784,0.505312186953883,0.11492790187828054,5.022594901229389,0.11186668714033972,24.123880077148012,25.344344367605725,11.340751368591922,1.1618406431792927,0.0,0.011460551379110813,0.14435248842566606,0.8139736853532502,0.03435028806732198,48.10410327895292,0.6367666272631121,0.33333333333333354,4.667782755306796,0.03924176238189096,0.0,-0.0024610136452241716,0.34425797381600914,-0.0025191716370910975,-0.5994131100894929,-0.21345030613887953,1.7474411892215154,Asset Management,Financial Services,HLNE
2020Q1,2020,Q1,2019-08-08,2019-06-30,11381000.0,64686000.0,26993000.0,0.42,41040000.0,0.6344494944810315,392844000.0,115330000.0,90281000.0,88851000.0,215009000.0,0.0,21722000.0,1533766872.17,1556586872.17,4.318388941749078,1.0160943602210442,0.17826414556414252,0.6072140813318304,0.11831448503790477,4.318388941749078,0.0986820428336079,23.710955572612313,33.69139074268518,13.298941057573918,2.453035761356647,0.0,0.018202244752164407,0.16466078137886794,0.9338893203227876,0.02897078738634165,46.95444274207868,0.6344494944810315,0.393740305666004,0.0,0.0449944453261203,0.0,-0.03446653334901776,0.41414015904572565,-0.06689021017699115,0.0,0.0449944453261203,0.0,Asset Management,Financial Services,HLNE
2019Q4,2019,Q4,2019-05-30,2019-03-31,8048000.0,66988000.0,28928000.0,0.30134738752446527,42505000.0,0.6345166298441511,360591000.0,110226000.0,79252000.0,95009000.0,190869000.0,0.0,17686000.0,1176965106.33,1198562106.33,4.127275986241515,0.8341525539685714,0.19677141137743315,0.6437138243245695,0.1287498266185818,4.127275986241515,0.07301362654909005,17.569790206156327,36.56079480398857,10.677744872625333,1.7514910536779325,0.0,0.011976565765788925,0.18577280076319153,0.7610331652790788,0.022318915336211942,286.7150076321559,0.6345166298441511,0.369760852383933,-0.6799507195001977,0.03566871243599674,1.571380835965125,0.008350532583683248,0.47453279589593256,0.024471438183943053,-0.6799507195001977,0.03566871243599674,1.571380835965125,Asset Management,Financial Services,HLNE
2019Q3,2019,Q3,2019-02-08,2018-12-31,5458000.0,65996000.0,28237000.0,0.22,42153000.0,0.6387205285168798,363852000.0,103606000.0,102980000.0,74354000.0,190721000.0,0.0,15311000.0,926890478.0,919827478.0,4.135787443055381,1.384996099739086,0.19754735441882965,0.6937629094840068,0.08911101592446084,4.135787443055381,0.05268034669806768,14.04464631189769,42.455591700256505,8.946301160164468,2.5498351044338587,0.0,0.015014718923458398,0.18138144080560228,1.323560265755709,0.015000604641447621,28.678542017326734,0.6387205285168798,-0.5510204081632654,-0.8214226035837099,-0.18377604978882814,0.0,0.27496824148569354,-0.5136339333452148,0.3215238451818224,-0.8214226035837099,-0.18377604978882814,0.0,Asset Management,Financial Services,HLNE
2019Q2,2019,Q2,2018-11-09,2018-09-30,11222000.0,55833000.0,21367000.0,0.49,33062000.0,0.5921587591567711,356241000.0,101316000.0,95681000.0,78968000.0,194094000.0,0.0,15178000.0,975570350.95,973191350.95,4.468798663012505,1.2116426907101612,0.20436165404880405,0.7185637016858146,0.10476760034399271,4.468798663012505,0.11076236724702909,17.47300612451418,21.73343323271253,9.628986053041967,1.66253787203707,0.0,0.019124197431617324,0.15672816997482042,1.1479333400871239,0.03150114669563582,29.22619385710006,0.5921587591567711,0.25641025641025633,4.231154267631021,0.08392064429536779,0.0,-0.10010887316276537,0.26873940079140757,-0.16834033940526233,4.231154267631021,0.08392064429536779,0.0,Asset Management,Financial Services,HLNE
2019Q1,2019,Q1,2018-08-09,2018-06-30,8845000.0,63362000.0,25692000.0,0.39,36740000.0,0.5798428079921719,306735000.0,83535000.0,77268000.0,44087000.0,161810000.0,0.0,8685000.0,1067262799.59,1097328799.5900002,3.754627212284919,1.752625490507406,0.27289680016952744,1.0020590171784283,0.1435728999416345,3.754627212284919,0.10588376129765967,16.84389381001231,30.16570942877332,12.776235106123181,2.561334087054833,0.0,0.021227199157230207,0.2065691883873702,1.6402567650327762,0.02883596589890296,29.27938327041782,0.5798428079921719,-0.3571689635501556,0.0,0.22871580916106232,0.0,-0.3318542227395068,-0.3447177359608831,-0.4208556872999414,0.0,0.22871580916106232,0.0,Asset Management,Financial Services,HLNE
2018Q4,2018,Q4,2018-06-14,2018-03-31,13498000.0,77609000.0,44362000.0,0.6066913043804614,54988000.0,0.7085260730069967,293795000.0,78426000.0,69844000.0,51563000.0,157721000.0,0.0,4549000.0,828313404.81,864879404.81,3.5249942389496267,1.3545371681244303,0.28646505216222196,1.0731390100221865,0.25042136078623417,3.5249942389496267,0.1721112896233392,10.67290397776031,15.341409927581863,10.561719389105653,0.5774188768706475,0.0,0.009409481911967612,0.26416038394118346,1.2752555126738165,0.045943600129341886,3353.4955660323885,0.7085260730069967,2.7334037268013183,-0.35565688142330687,0.44030615209154694,1.4880008416537784,0.22173835762531105,3.1394832778570296,0.2932019589552239,-0.35565688142330687,0.44030615209154694,1.4880008416537784,Asset Management,Financial Services,HLNE
2018Q3,2018,Q3,2018-02-09,2017-12-31,-6309000.0,65014000.0,34304000.0,-0.35,45008000.0,0.692281662411173,273046000.0,57843000.0,89610000.0,15208000.0,165028000.0,0.0,-5057000.0,641497967.48,657437967.48,3.1910682087450595,5.8922935297212,0.30990016334244047,1.4628736407171137,0.10527434013554496,3.1910682087450595,-0.10907110627042166,9.867074283692743,-25.41995433032176,11.090330160607161,-1.0733872245997782,0.0,0.010556541631148865,0.23810639965427072,5.670633876906891,-0.023105996791749375,19.972538605809646,0.692281662411173,-2.346153846153846,-1.285276145187677,0.11124694893967257,0.0,0.5831164263102356,-2.3457764505119454,0.7146855943217035,-1.285276145187677,0.11124694893967257,0.0,Asset Management,Financial Services,HLNE
2018Q2,2018,Q2,2017-11-13,2017-09-30,4688000.0,48709000.0,20006000.0,0.26,28430000.0,0.5836703689256606,271178000.0,65646000.0,72012000.0,11405000.0,167843000.0,0.0,4425000.0,486355019.85,522487019.85,3.624091513527739,6.314072775098641,0.3137127643097891,1.2959205435213113,0.11568415926528804,3.624091513527739,0.07141333820796393,9.984910793693158,25.936167867427475,7.408753310940499,4.799701365187714,0.0,0.046264557949745606,0.17962002817337688,5.970539237176677,0.017287538074622574,14.616668265011722,0.5836703689256606,-0.13333333333333328,2.689480432723653,0.18356979089203956,0.0,-0.13161672622865694,-0.14202049780380674,-0.17606358881429926,2.689480432723653,0.18356979089203956,0.0,Asset Management,Financial Services,HLNE
2018Q1,2018,Q1,2017-08-10,2017-06-30,5464000.0,52701000.0,24281000.0,0.3,32739000.0,0.6212216086981271,264543000.0,62877000.0,73472000.0,19825000.0,166949000.0,0.0,2909000.0,395415405.98999995,432689405.98999995,3.496740918675706,3.7060277427490544,0.3165647928692122,1.3318860632663772,0.1447384832518032,3.496740918675706,0.08689982028404664,7.502996261740763,18.09184690657028,6.288712979149769,1.7179721815519766,0.0,0.02373959096636057,0.19921525045077737,3.4752080706179065,0.02065448717221775,13.73065511459129,0.6212216086981271,1.091162622828254,0.0,0.26448802769360774,0.0,0.18089020343384793,1.0972657362574765,0.2739244491080797,0.0,0.26448802769360774,0.0,Asset Management,Financial Services,HLNE
2017Q4,2017,Q4,2017-06-27,2017-03-31,-56176000.0,46679000.0,19060000.0,-3.290822386332449,27724000.0,0.5939287474024723,240617000.0,60042000.0,52154000.0,14485000.0,153990000.0,0.0,612000.0,318706328.35,370730328.35,3.517294889635661,3.6005522954780806,0.35039087013802017,1.4041837380500317,0.12758744732708477,3.517294889635661,-0.9356117384497519,6.827616880181667,-1.4183384735029194,5.308056499616936,-0.14223155796069495,0.0,0.02507010149866075,0.19399709912433452,3.2938902312737315,-0.23346646330059806,91.16313739988558,0.5939287474024723,-4.304038540494427,-4.4950538169601195,0.12906658926541376,1.4869349423385723,0.08330728352610191,-4.304664980292959,0.13777459407831902,-4.4950538169601195,0.12906658926541376,1.4869349423385723,Asset Management,Financial Services,HLNE
2017Q3,2017,Q3,2016-12-31,2016-12-31,16999000.0,42331000.0,16752000.0,0.996,25592000.0,0.6045687557581914,201991000.0,-134739000.0,72013000.0,9616000.0,326221000.0,0.0,-133776000.0,307610500.09999996,494586500.09999996,-7.893088107235258,7.4888727121464225,1.1951869142684575,-1.791738101069475,0.15601836831446653,-7.893088107235258,-0.12616243255479112,7.266790297890434,4.5239499397023355,-2.283010116595789,1.7769280545914465,0.0,0.09819560772529039,0.20956874316182403,7.117408485856905,0.08415721492541747,9.39153996763754,0.6045687557581914,-0.28988767249277236,-0.18379987516204926,-0.23170045556019384,0.0,-0.1679563040509786,-0.29002213590611037,-0.2854156891182869,-0.18379987516204926,-0.23170045556019384,0.0,Asset Management,Financial Services,HLNE
2017Q2,2017,Q2,2016-09-30,2016-09-30,23943000.0,51244000.0,23443000.0,1.402595,30758000.0,0.60022636796503,207122000.0,-114709000.0,81560000.0,490000.0,310758000.0,0.0,-113744000.0,307610500.09999996,491842500.09999996,-6.719719188155242,166.44897959183675,1.1705468274736628,-2.1135743490048733,0.1833298367963933,-6.719719188155242,-0.20872817302914332,6.002858873233939,3.211904315457545,-2.681659678839498,1.0015453368416656,0.0,0.0779557264534352,0.24740973918753198,159.4387755102041,0.11559853612846535,11.358904770872567,0.60022636796503,0.0,10.156022944550669,0.32126650165016507,0.0,0.30165044435040206,0.0,0.39045077105575327,10.156022944550669,0.32126650165016507,0.0,Asset Management,Financial Services,HLNE
2017Q1,2017,Q1,2016-06-30,2016-06-30,0.0,39566000.0,16860000.0,0.0,23630000.0,0.5972299449021887,,,,,,,,307610500.09999996,,,0.0,0.0,0.0,0.0,,0.0,7.774617098013445,0.0,0.0,0.0,0.0,0.05942905067953498,0.0,0.0,0.0,18.01736660809465,0.5972299449021887,-1.0,0.0,0.0,0.0,-0.10732499716671073,-1.0,-0.10538045208532315,0.0,0.0,0.0,Asset Management,Financial Services,HLNE
2016Q4,2016,Q4,2016-03-31,2016-03-31,16073000.0,41343000.0,18846000.0,0.9415655834434892,26471000.0,0.6402776769948963,196636000.0,-123306000.0,86617000.0,10027000.0,308574000.0,0.0,0.0,307610500.09999996,482343500.09999996,-7.223336392215696,8.638376383763838,1.2373980349478224,-1.973277861580134,0.15072570938623164,-7.223336392215696,-0.13035051011305207,7.44044941344363,4.784584397747776,-2.4946920677014903,0.8603247682448827,0.0,0.0449529518514638,0.21025142903639213,8.303979256008777,0.08173986452124739,-24.318958028302628,0.6402776769948963,-0.2282616208053313,0.0,0.0,0.0,-0.17758722465591698,-0.22826139146300475,-0.24023382382584157,0.0,0.0,0.0,Asset Management,Financial Services,HLNE
2016Q3,2016,Q3,2015-12-31,2015-12-31,20827000.0,55097000.0,24805000.0,1.220058,32187000.0,0.5841878868177941,,,,,,,,307610500.09999996,,,0.0,0.0,0.0,0.0,,0.0,5.583071675408823,3.6924485055456855,0.0,0.00912277332309022,0.0,0.0006176642212740904,0.0,0.0,0.0,10.386632229200432,0.5841878868177941,8.96444891244745,0.0,0.0,0.0,13.055458515283842,8.964435946462714,7.733170466883822,0.0,0.0,0.0,Asset Management,Financial Services,HLNE
2016Q2,2016,Q2,2015-09-30,2015-09-30,-2615000.0,38784000.0,-3684000.0,-0.153188,2290000.0,0.05904496699669967,,,,,,,,307610500.09999996,,,0.0,0.0,0.0,0.0,,0.0,7.931376343337458,-29.40826960803059,0.0,,0.0,,0.0,0.0,0.0,0.0,0.05904496699669967,0.0,0.0,0.0,0.0,0.0,0.0,0.0,0.0,0.0,0.0,Asset Management,Financial Services,HLNE
