Quarters,Year,Quarter,FillingDate,Date,NetIncome,Revenue,OperatingIncome,EPSDiluted,GrossProfit,GrossProfitRatio,TotalAssets,CommonStockEquity,CurrentAssets,CurrentLiability,TotalLiability,Inventory,RetainedEarnings,MarketCap,EnterpriseValue,bookValuePerShare,currentRatio,debtToAssets,debtToEquity,roic,shareholdersEquityPerShare,roe,priceToSalesRatio,peRatio,pbRatio,payoutRatio,inventoryTurnover,dividendYield,assetTurnover,quickRatio,returnOnAssets,priceToFreeCashFlowsRatio,grossProfitMargin,epsdilutedGrowth,fiveYNetIncomeGrowthPerShare,fiveYRevenueGrowthPerShare,fiveYShareholdersEquityGrowthPerShare,grossProfitGrowth,netIncomeGrowth,operatingIncomeGrowth,threeYNetIncomeGrowthPerShare,threeYRevenueGrowthPerShare,threeYShareholdersEquityGrowthPerShare,Industry,Sector,Symbol
2023Q1,2023,Q1,2023-05-04,2023-03-31,38300000.0,1737300000.0,74500000.0,0.19,237200000.0,0.1365337017,9842587000.0,3575382000.0,2108714000.0,1636329000.0,6267205000.0,425834000.0,1943917000.0,6206459520.0,9580445520.0,17.558745530978666,1.2886858327390152,0.35226257080582574,0.9697355415449315,0.008423843430048022,17.558745530978666,0.010712142087195158,3.5724742531514417,40.51213785900784,1.7358871080069207,1.1813577023498694,3.522734210983623,0.007290146637418171,0.17650847282325266,0.8464911396180108,0.003891253386939836,-31.401421307469302,0.1365337017210614,-0.6666666666666666,-0.1343798089345197,0.7067421852632528,0.4134650072482806,-0.24674499841219436,-0.672929120409906,-0.5771850170261067,0.49994397576401073,0.427953651999355,0.2404930298076441,Conglomerates,Industrials,MDU
2022Q4,2022,Q4,2023-02-24,2022-12-31,117100000.0,1859200000.0,176200000.0,0.57,314900000.0,0.1693739243,9660781000.0,3587129000.0,2011748000.0,1479603000.0,6073652000.0,387525000.0,1951138000.0,6171156000.0,9298614000.0,17.635835791543755,1.359653907162935,0.3320616625094803,0.8943015431003457,0.01975607516287833,17.635835791543755,0.03264449090066178,3.319253442340792,13.174970111016226,1.7203607676222405,0.37769427839453457,3.9850332236629895,0.007166890611742759,0.1924482088973966,0.9368452213195025,0.012121173226056983,196.02795336869858,0.1693739242685026,-0.21917808219178087,-0.02493473650863038,0.5320127990454341,0.417957084369645,-0.09618238230136247,-0.20862871778929656,-0.16035663399269004,0.2136208000518819,0.32909657004501147,0.24127718245117166,Conglomerates,Industrials,MDU
2022Q3,2022,Q3,2022-11-03,2022-09-30,147971000.0,1977206000.0,209851000.0,0.73,348411000.0,0.1762138088,9607130000.0,3491858000.0,2024291000.0,1468302000.0,6115272000.0,398642000.0,1879600000.0,5561649850.0,8695934850.0,17.17158017418159,1.3786612018508455,0.33401286336293984,0.9189677816222768,0.024835216617231076,17.17158017418159,0.04237600727177337,2.812883356615345,9.396520010677769,1.59274800120738,0.2989099215386799,4.08585899127538,0.007952676129008733,0.20580610442452638,0.9348478718955637,0.015402206486224293,-1034.918096390026,0.17621380877865028,1.0857142857142859,0.6269142326481156,0.49222282209652485,0.4246932275087287,0.30539902585237916,1.0929420084865629,0.7400580431177446,0.05366461897136221,0.23917309345293367,0.22416961786259965,Conglomerates,Industrials,MDU
2022Q2,2022,Q2,2022-08-05,2022-06-30,70700000.0,1720900000.0,120600000.0,0.35,266900000.0,0.1550932652,9329125000.0,3386810000.0,1859231000.0,1380675000.0,5942315000.0,401433000.0,1775947000.0,5489766000.0,8568856000.0,16.650983284169126,1.3466101725605228,0.33706097838757654,0.9284500754397206,0.014541843709369683,16.650983284169126,0.020875100758530888,3.1900552036724967,19.412185289957566,1.6209252954845412,0.6255728429985856,3.622024098666527,0.00805644539311876,0.18446531695094665,0.9049993662520144,0.007578417054118151,-40.720131734128486,0.15509326515195537,1.1874999999999998,0.6470826949978474,0.5476847361990301,0.41207330217834764,0.24169566592850364,1.2279645794598684,0.7908320092659965,0.11487725249807057,0.2870399969702512,0.24117157616778612,Conglomerates,Industrials,MDU
2022Q1,2022,Q1,2022-05-05,2022-03-31,31733000.0,1416559000.0,67343000.0,0.16,214948000.0,0.1517395322,8970715000.0,3360718000.0,1571908000.0,1166728000.0,5609997000.0,380316000.0,1749726000.0,5419304150.0,8322613150.0,16.526685386351676,1.3472788859099978,0.3308780849687009,0.8832079930538653,0.00834984150978241,16.526685386351676,0.009442327502634854,3.8256819165315386,42.69454629250308,1.6125435546808748,1.3937856490089182,3.159506831161455,0.008161379907049505,0.1579092636428646,0.8681783586234324,0.003537399192817964,-143.0726054701938,0.15173953220444752,-0.6190476190476191,-0.18347921170210416,0.45051587615936844,0.39489808611610355,-0.1276461038961039,-0.6327199074074074,-0.448893580804609,-0.2511290173296926,0.2538023034827218,0.2456733220501384,Conglomerates,Industrials,MDU
2021Q4,2021,Q4,2022-02-23,2021-12-31,86400000.0,1443100000.0,122196000.0,0.42,246400000.0,0.1707435382,8910435000.0,3382874000.0,1550943000.0,1092240000.0,5527561000.0,335609000.0,1762410000.0,6272856000.0,6639422000.0,16.63163225172075,1.4199653922214899,0.04721733562951753,0.12436969275237564,0.026063106077116968,16.63163225172075,0.02554041326990009,4.346792322084402,18.150625,1.8542978544279212,0.0,3.565756579829504,0.0,0.16195617834595055,0.9163755218633267,0.009696496299002237,48.256450496192016,0.17074353821633984,-0.3823529411764707,0.2621221974045068,0.3636789127910926,0.40233834551155323,-0.21150486089332915,-0.3796490421896091,-0.35403792376129284,0.05618101649339814,0.1493740974471953,0.2699983135792061,Conglomerates,Industrials,MDU
2021Q3,2021,Q3,2021-11-04,2021-09-30,139276000.0,1586013000.0,189169000.0,0.68,312494000.0,0.19703117187564037,8568863000.0,3332278000.0,1565887000.0,1072919000.0,5236585000.0,312285000.0,1720232000.0,6020043000.0,8450967000.0,16.42325283390833,1.4594643211649714,0.29037283009426107,0.7466859007561794,0.025814914811144677,16.42325283390833,0.04179603262392874,3.795708484104481,10.805959030988829,1.8065848647681857,0.30723886383870874,4.078066509758714,0.0071080887628211286,0.18509025059684114,0.9666181696847572,0.016253731679453855,357.8672571632386,0.19703117187564037,0.3600000000000001,0.6154430414117842,0.2631537257115905,0.40366549447139344,0.18127761880100854,0.39011877432877534,0.3738860765929014,0.25443730130688086,0.19620016020498898,0.27670903597718816,Conglomerates,Industrials,MDU
2021Q2,2021,Q2,2021-08-05,2021-06-30,100190000.0,1423657000.0,137689000.0,0.5,264539000.0,0.1858165274360327,8298211000.0,3198802000.0,1461945000.0,944360000.0,5099409000.0,316328000.0,1624405000.0,6308742000.0,8750684000.0,15.890720317933432,1.5480801812867975,0.301256258728538,0.7815075768991016,0.019242633472741848,15.890720317933432,0.0313211008371259,4.43136373438265,15.741945303922547,1.9722202249467145,0.42658947998802277,3.6642914949040235,0.006774726244947091,0.17156191858703038,1.0184431784488965,0.012073686725970213,-99.10834969758857,0.1858165274360327,0.923076923076923,1.8905271580193366,0.3230765423978582,0.3869520059761975,0.19473311022893042,0.9218890871074792,0.6167512094312151,1.2214340406825068,0.29874269162295286,0.26745694023445443,Conglomerates,Industrials,MDU
2021Q1,2021,Q1,2021-05-06,2021-03-31,52131000.0,1227938000.0,85164000.0,0.26,221421000.0,0.18031936465847626,8069275000.0,3100306000.0,1323274000.0,900037000.0,4968969000.0,316737000.0,1567551000.0,6344379880.0,8709615880.0,15.446848157522371,1.4702440010799556,0.299943923090984,0.7806745527699523,0.012099804319675637,15.446848157522371,0.01681479183022579,5.166693986178455,30.425178300819088,2.0463721581031034,0.8173831309585468,3.177768937635957,0.006716338051308492,0.15217451381939517,0.9329349793397382,0.00646043169925427,-410.08208131342514,0.18031936465847626,-0.5357142857142857,1.039742258242005,0.32005493219992504,0.2662833716202904,-0.1744583595873429,-0.5357632642883858,-0.4162411148201715,0.19533308716969677,0.22386587023112825,0.24345895351206892,Conglomerates,Industrials,MDU
2020Q4,2020,Q4,2021-02-19,2020-12-31,112294000.0,1385159000.0,145889000.0,0.56,268213000.0,0.19363336627780636,8053372000.0,3079105000.0,1337347000.0,963522000.0,4974267000.0,291167000.0,1558363000.0,5281170000.0,7605276000.0,15.35713216957606,1.3879776486681155,0.29598198121234187,0.7741382642033968,0.021616348427569706,15.35713216957606,0.03646968843219052,3.8126814322399087,11.757462553653802,1.7151639843396052,0.37053627086041996,3.8361009317676795,0.00787874656562845,0.17199739438337133,0.9688756458077761,0.013943724442382644,37.07593266031086,0.19363336627780636,-0.26315789473684204,1.0821113356632022,0.269885858913754,0.2515091404850833,-0.17800708559099712,-0.2664262663478749,-0.2838432877949644,-0.05142884602009622,0.157903809268296,0.2347446762853538,Conglomerates,Industrials,MDU
2020Q3,2020,Q3,2020-11-05,2020-09-30,153078000.0,1587289000.0,203711000.0,0.76,326296000.0,0.20556811015511353,8125499000.0,3012765000.0,1502557000.0,1066990000.0,5112734000.0,286223000.0,1489085000.0,4511250000.0,6911380000.0,15.026259351620947,1.4082203207152832,0.30351366728369544,0.8185835934764245,0.03015975899134541,15.026259351620947,0.05080980428277679,2.842110037932601,7.3675675146004,1.497378653827962,0.2718091430512549,4.4056312735175025,0.009223164311443613,0.19534664886427283,1.0079785190114248,0.018839212213305298,81.54384252480885,0.20556811015511353,0.52,2.068724894779287,0.20681822503483582,0.23415280934920432,0.24376205469113307,0.5353399596802504,0.47345465592315594,0.7069970264434047,0.2149815979387541,0.246700054152959,Conglomerates,Industrials,MDU
2020Q2,2020,Q2,2020-08-06,2020-06-30,99703000.0,1362928000.0,138254000.0,0.5,262346000.0,0.19248705727668666,7911132000.0,2897687000.0,1396770000.0,999719000.0,5013445000.0,302837000.0,1377879000.0,4447090000.0,6855895000.0,14.452304239401496,1.3971626026913562,0.31261809308705757,0.8534955638756014,0.020369563976023526,14.452304239401496,0.03440778800470858,3.2628942981580833,11.150843003721052,1.5347033685832874,0.4173194387330371,3.6342388809821786,0.009356230703673639,0.1722797698230797,0.9854589139548213,0.012602874026119145,61.08891849938871,0.19248705727668666,2.846153846153846,1.4219048317213272,0.34272486900249094,0.10714019663003382,0.37771569312208214,2.967489056904099,1.4225337305063956,1.356355369008027,0.2434729729772973,0.22561608663798113,Conglomerates,Industrials,MDU
2020Q1,2020,Q1,2020-05-08,2020-03-31,25130000.0,1197373000.0,57070000.0,0.13,190421000.0,0.15903231490938913,7850516000.0,2836592000.0,1373388000.0,824479000.0,5013924000.0,305958000.0,1319988000.0,4308600000.0,6647309000.0,14.154650698602794,1.665764682908843,0.3127482320907314,0.8655580358401913,0.00855517828395924,14.154650698602794,0.008859222616435498,3.598377447963166,42.86311181854357,1.5189353985345797,1.6545961002785516,3.291144536178168,0.009650466508842779,0.15252156673523115,1.1546613073225638,0.003201063471496651,-71.57737353600797,0.15903231490938913,-0.7234042553191489,1.0797279808267564,0.2652241135088372,-0.01736372664361299,-0.2269773030816009,-0.7356545521485299,-0.561741667946552,-0.34385896659460713,0.24413032239755897,0.19469177923774994,Conglomerates,Industrials,MDU
2019Q4,2019,Q4,2020-02-21,2019-12-31,95065000.0,1378213000.0,130220000.0,0.47,246333000.0,0.1787336210005275,7683059000.0,2847246000.0,1297701000.0,866427000.0,4835813000.0,278407000.0,1336647000.0,5953884000.0,8130532000.0,14.207814371257484,1.4977614963522605,0.2919549361784154,0.7878163671140463,0.021693648008602056,14.207814371257484,0.03338840409293753,4.320002786216644,15.657402829642876,2.0911027708880794,0.42561405354231313,4.065558696440823,0.006795731996122195,0.17938336800485327,1.042285155010174,0.012373326822037942,31.984678857683132,0.1787336210005275,-0.3188405797101449,0.0928304509016505,0.14759401154980425,-0.12006997692082605,-0.18058073508327818,-0.3093063638411183,-0.3127144138913812,0.40948853092536974,0.32185942405739243,0.19796798036242577,Conglomerates,Industrials,MDU
2019Q3,2019,Q3,2019-11-01,2019-09-30,137637000.0,1563799000.0,189470000.0,0.69,300619000.0,0.192236342394387,7730611000.0,2795606000.0,1461815000.0,1033677000.0,4935005000.0,286057000.0,1283044000.0,5618267000.0,7938011000.0,14.027124937280481,1.4141893454144767,0.308739373899424,0.8537483465123483,0.029094983851312196,14.027124937280481,0.04923333259407799,3.5927040495613567,10.204863154529669,2.0096776870560444,0.29225426302520396,4.415833208066924,0.007159681090272142,0.2022865980450963,1.001549807144785,0.01780415545420666,66.38152795500733,0.192236342394387,1.225806451612903,0.2974425546238274,0.1101627772902646,-0.11786098608818107,0.44331990608931116,1.2262353416902547,0.9470563451202845,0.6252692209589177,0.26795880542293266,0.19887280919453712,Conglomerates,Industrials,MDU
2019Q2,2019,Q2,2019-08-02,2019-06-30,61825000.0,1303573000.0,97311000.0,0.31,208283000.0,0.15977854711627196,7591493000.0,2660301000.0,1444810000.0,912602000.0,4931192000.0,325944000.0,1185967000.0,5074497000.0,7472320000.0,13.41553706505295,1.5831764558920538,0.32533639957252153,0.9283870509389727,0.01592813378833104,13.41553706505295,0.023239851430345664,3.8927601292754606,20.519599676506267,1.9074897915686984,0.6449656287909422,3.360362516260462,0.007857921681695742,0.1717149709549887,1.0547259374842484,0.008143984325612892,-29.449127755144676,0.15977854711627196,0.4761904761904762,0.10693812983493911,0.1542620701568841,-0.1411033105094035,0.16918335728399497,0.5106533743830328,0.5153228066897132,1.5578378490307148,0.2298043337253998,0.1709164639078486,Conglomerates,Industrials,MDU
2019Q1,2019,Q1,2019-05-03,2019-03-31,40926000.0,1091191000.0,64218000.0,0.21,178144000.0,0.16325647847168828,7278923000.0,2605692000.0,1235229000.0,1062779000.0,4673231000.0,311535000.0,1164509000.0,5106400000.0,7324706000.0,13.267270875763748,1.1622632739261878,0.31158826656086347,0.8704125430020125,0.010943451455454401,13.267270875763748,0.01570638433091862,4.6796573652092075,31.19288471876069,1.959709743131575,0.969921321409373,2.9308007126005102,0.0077735782547391505,0.149911051401423,0.7262779938256213,0.005622535092073374,-38.610260481645305,0.16325647847168828,-0.47500000000000003,-0.30198922815328055,0.011189159619017291,-0.13215521561987456,-0.1814702328167286,-0.4808189983254681,-0.45739368488648174,0.6364462205582508,0.19878014152969542,0.08760857395885038,Conglomerates,Industrials,MDU
2018Q4,2018,Q4,2019-02-22,2018-12-31,78828000.0,1209874000.0,118351000.0,0.4,217639000.0,0.17988567404539646,6988110000.0,2566775000.0,1184132000.0,986050000.0,4421335000.0,287309000.0,1163602000.0,4672640000.0,6727387000.0,13.09579081632653,1.2008843364940927,0.30175469476009964,0.8215348053491248,0.021173316016923058,13.09579081632653,0.030710911552434474,3.8620881182668607,14.819099812249453,1.8204322544827654,0.49111990663216115,3.4535465300425674,0.008285252020271196,0.1731332220013709,0.7878839815425182,0.011280303257962454,-116.43467643467643,0.17988567404539646,-0.27272727272727276,-0.16923644962364434,-0.015515616339543067,-0.12375091025385646,-0.06859334009509259,-0.2650138460247457,-0.15465986686094682,0.4951549744655163,0.13465415646204065,0.06722412280740978,Conglomerates,Industrials,MDU
2018Q3,2018,Q3,2018-11-02,2018-09-30,107251000.0,1280787000.0,140004000.0,0.55,233667000.0,0.18244017155077308,6718193000.0,2521293000.0,1214045000.0,725218000.0,4196900000.0,270293000.0,1124830000.0,5007800000.0,6856193000.0,12.863739795918367,1.6740414606366638,0.285116846151934,0.7597173355099943,0.027832253049780424,12.863739795918367,0.04253809454117392,3.909939747983076,11.673084633243514,1.986203110864148,0.3609663313162581,3.8740181950697945,0.0077307400455289745,0.19064456766871687,1.178157464376229,0.015964263009413393,861.6311080523055,0.18244017155077308,1.5000000000000002,0.2232543258849433,-0.04047678250850218,-0.11089460491757462,0.38837922306330286,1.4485411625039952,0.8921505027570548,1.7659718376479154,-0.003858416275530107,0.05653843956561415,Conglomerates,Industrials,MDU
2018Q2,2018,Q2,2018-08-03,2018-06-30,43802000.0,1064597000.0,73992000.0,0.22,168302000.0,0.158089868748456,6533970000.0,2451078000.0,1116192000.0,800984000.0,4082892000.0,278239000.0,1056424000.0,5606940000.0,7418191000.0,12.537483375959079,1.3935259630654295,0.2835810387865264,0.7559571747614723,0.013829192078017274,12.537483375959079,0.01787050432503576,5.266725343017123,32.00162093055112,2.2875404209902745,0.8805990594036802,3.221313331344635,0.006879331685375623,0.16293264278838135,0.9804765138879179,0.006703734483017216,-161.65316419201383,0.158089868748456,0.0,-0.09053884397569323,-0.030627063086686775,-0.11634031874138617,-0.015541738077550759,0.03216532742653816,0.06653597785977859,1.1900937459718814,0.07564006963874238,-0.03954749497579426,Conglomerates,Industrials,MDU
2018Q1,2018,Q1,2018-05-04,2018-03-31,42437000.0,976293000.0,69376000.0,0.22,170959000.0,0.17511034085054383,6348852000.0,2426111000.0,1040814000.0,764261000.0,3922741000.0,257792000.0,1051469000.0,5499648000.0,7220426000.0,12.422483358934972,1.3618567478911001,0.28029350818069154,0.7334957056787591,0.013980078194581656,12.422483358934972,0.01749178005458118,5.633194133318583,32.39889718877395,2.2668575345480897,0.9089473808233381,3.1239681603773586,0.007013721605455476,0.15377472966766276,0.9461205007189952,0.006684200545232429,8396.409160305344,0.17511034085054383,-0.6271186440677966,-0.2740934929346228,0.013091280630956536,-0.1195687878941625,-0.21322920309997606,-0.6319810600804773,-0.44739692856687696,1.1381523972930012,0.05855553878157802,-0.1376132824767957,Conglomerates,Industrials,MDU
2017Q4,2017,Q4,2018-02-23,2017-12-31,115312000.0,1165239000.0,125544000.0,0.59,217292000.0,0.1864784820968059,6334666000.0,2429043000.0,1069995000.0,812858000.0,3905623000.0,226583000.0,1040748000.0,5249664000.0,6929918000.0,12.437496159754224,1.3163369247765293,0.27070930022198486,0.7059788566937679,0.03297205452418852,12.437496159754224,0.047472193781666276,4.5052251083254164,11.381434716248092,2.1612066974524535,0.3260371860690995,4.183663381630573,0.007161601199619633,0.18394639906823818,0.9369766921159661,0.01820332753139629,92.40413997042879,0.1864784820968059,0.311111111111111,2.8278349651392136,0.04191338616195964,-0.11330084079678432,-0.1217473546363585,0.3200993692115717,-0.1971709394604066,0.36019794346418016,-0.00440566455750205,-0.22971077768022355,Conglomerates,Industrials,MDU
2017Q3,2017,Q3,2017-11-03,2017-09-30,87351000.0,1272548000.0,156377000.0,0.45,247414000.0,0.19442410030898638,6344445000.0,2353917000.0,1099242000.0,856568000.0,3990528000.0,232555000.0,964275000.0,5068035000.0,6771231000.0,12.052826420890938,1.2833096730207059,0.27434267299976595,0.7394279407472736,0.02505937288888989,12.052826420890938,0.037108785059116356,3.98258847603391,14.504799601607306,2.1530219629664087,0.43040148366933406,4.408135709832083,0.007418259739721609,0.20057672499328152,0.9068258445330668,0.013768107375822472,93.69980402307351,0.19442410030898638,1.142857142857143,3.846003594669882,0.0482965680637924,-0.17038581798871685,0.43603227117070054,1.119398277326216,0.9625873818697523,-0.1597164204963787,-0.07809757189057993,-0.24202083739075983,Conglomerates,Industrials,MDU
2017Q2,2017,Q2,2017-08-04,2017-06-30,41215000.0,1067639000.0,79679000.0,0.21,172290000.0,0.16137477180957233,6230498000.0,2302952000.0,1015970000.0,693805000.0,3927546000.0,249870000.0,914632000.0,5116860000.0,6838288000.0,11.791868919610856,1.4643451690316442,0.28271833166465987,0.7648774268851457,0.014582713993526028,11.791868919610856,0.017896595326346357,4.792687415877464,31.037607667111487,2.221870017264797,0.9163654009462574,3.5832592948333133,0.00738108918360088,0.1713569284509842,1.011550795972932,0.0066150410448731385,-276.6767600302801,0.16137477180957233,0.1052631578947368,-0.26370230795319755,0.06626675422051352,-0.2106063344164926,0.03867370007535795,0.10421969189551239,0.18725414232924067,-0.2507357738481113,-0.04012657324123914,-0.24505466096143605,Conglomerates,Industrials,MDU
2017Q1,2017,Q1,2017-05-08,2017-03-31,37325000.0,937925000.0,67112000.0,0.19,165875000.0,0.17685315990084496,6148458000.0,2313905000.0,942073000.0,618034000.0,3834553000.0,250609000.0,911702000.0,5345361000.0,6997632000.0,11.84795186891961,1.5243061061365555,0.2769809926326243,0.7359878646703301,0.012449652686829087,11.84795186891961,0.016130740026059843,5.6991347922275235,35.80281982585399,2.310103915242847,1.0118419290020093,3.0806954259424044,0.007065378746168875,0.1525463782951758,0.9787811026577826,0.006070627789927166,375.82514237502636,0.17685315990084496,-0.42424242424242425,0.008179505326843396,0.06320522482451799,-0.1935048580032065,-0.16871303999198156,-0.43214666058116535,-0.39802307016127586,-0.3598203253134987,-0.12594455639878516,-0.22499635898654735,Conglomerates,Industrials,MDU
2016Q4,2016,Q4,2017-02-24,2016-12-31,65730000.0,1016098000.0,111486000.0,0.33,199540000.0,0.19637869575572434,6284467000.0,2316244000.0,977475000.0,669659000.0,3968223000.0,238273000.0,912282000.0,5618781000.0,7362833000.0,11.859928315412187,1.459660812443348,0.284854546932938,0.7728715109461698,0.019574610800992143,11.859928315412187,0.028377839294996553,5.529762877202789,21.370686900958468,2.425815673996349,0.559713981439221,3.4269850129893022,0.006547683563392131,0.16168403780304677,1.0099916524678978,0.010459120876917645,55.39892924751538,0.19637869575572434,-0.21428571428571422,0.04155860133095946,-0.0783194784006087,-0.19326232587798423,-0.15772500485424598,-0.20793868845347407,-0.2399580049630498,-0.3047926001883417,-0.1702292678232964,-0.20644338806340615,Conglomerates,Industrials,MDU
2016Q3,2016,Q3,2016-11-07,2016-09-30,82986000.0,1208567000.0,146684000.0,0.42,236906000.0,0.19602223128713592,6353206000.0,2285061000.0,1144625000.0,744202000.0,4068145000.0,245790000.0,884339000.0,4968432000.0,6810512000.0,11.700261136712749,1.5380568716558138,0.29936822448382755,0.8323401432171833,0.024546264136716667,11.700261136712749,0.036316754782476264,4.111010808668448,14.967681295640228,2.1743104451040915,0.4433398404550165,3.953216160136702,0.007404951904343261,0.19022946839753033,0.9742113028451953,0.013062066616445303,55.17353499683513,0.19602223128713592,1.7499999999999998,0.2540102096968445,0.01402758414191797,-0.20854647875915835,0.3105020052551514,1.7602722783615659,0.6487832293598607,-0.05010835044110623,-0.09133638834248795,-0.19131096667352457,Conglomerates,Industrials,MDU
2016Q2,2016,Q2,2016-08-05,2016-06-30,-109153000.0,1043948000.0,88965000.0,-0.56,180775000.0,0.17316475533264108,6389584000.0,2237610000.0,1157503000.0,702377000.0,4151974000.0,265849000.0,838257000.0,4687200000.0,6589390000.0,11.457296466973887,1.6479796462583485,0.3110229085336385,0.8881382367794209,0.014417863550877265,11.457296466973887,-0.048781065511863106,4.489878806224064,-10.735389773986972,2.094735007440975,-0.3370589905911885,3.2468544173572216,0.007849249018603857,0.16338278047522342,1.028340905240348,-0.017082958765390673,-98.71738168951791,0.17316475533264108,-5.307692307692308,-3.3414062541984624,0.08428213474834054,-0.20628999102329248,0.23797294983735662,-5.3891189834734,1.1307961295267293,-3.268665197324607,-0.04845564339643206,-0.192473430233593,Conglomerates,Industrials,MDU
2016Q1,2016,Q1,2016-05-06,2016-03-31,24869000.0,905153000.0,41752000.0,0.13,146025000.0,0.16132631720825097,6618400000.0,2382381000.0,1054936000.0,761467000.0,4123016000.0,276812000.0,984315000.0,3800538000.0,5698179000.0,12.198571428571428,1.385399498599414,0.30046219630122084,0.8347023419008127,0.007287093311900007,12.198571428571428,0.010438716561288896,4.19877965382648,38.20557722465721,1.595268766834524,1.479110539225542,2.742395560886089,0.009678629709793718,0.13676311495225432,0.8256194950010965,0.003757554695999033,-54.318231191401786,0.16132631720825097,-0.5185185185185185,-0.44089692243130657,-0.03020707122362739,-0.14399428036567538,-0.028740372208106633,-0.5266113374195759,-0.24624494511842865,-0.574603084001959,-0.06073011694547401,-0.13543832432732172,Conglomerates,Industrials,MDU
2015Q4,2015,Q4,2016-02-19,2015-12-31,52534000.0,1062485000.0,55392000.0,0.27,150346000.0,0.14150411535221674,6627608000.0,2396505000.0,1021042000.0,947639000.0,4107060000.0,253727000.0,996355000.0,3577896000.0,5410037000.0,12.270890937019969,1.077458821344415,0.28920418950547466,0.7998030465198278,0.009121780397753465,12.270890937019969,0.02192108925289119,3.3674790702927573,17.026573266836717,1.492964129012875,0.6815966802451745,3.5949623020017576,0.010007837008118737,0.16031198586277282,0.7119757629223786,0.007926540012625972,30.306256246929475,0.14150411535221674,1.375,-0.4292932600621002,-0.015319913453279228,-0.1401086601184684,-0.2500473876911719,1.3767282427858414,-0.49525710068068124,1.8327275743948888,-0.04996541988700195,-0.12517852976406657,Conglomerates,Industrials,MDU
2015Q3,2015,Q3,2015-11-06,2015-09-30,-139448000.0,1280500000.0,109743000.0,-0.72,200474000.0,0.15655915657946115,6985319000.0,2376631000.0,1196644000.0,941678000.0,4470448000.0,258341000.0,980421000.0,3357440000.0,5573415000.0,12.175363729508197,1.270757095312835,0.32992122478586877,0.969694075352884,0.013864169095023611,12.175363729508197,-0.058674653322286885,2.621975790706755,-6.019161264413975,1.4126888019217119,-0.25625322700935116,4.180621736387178,0.01064322817384674,0.18331303123021297,0.8140340965807845,-0.019963010994916625,42.0331513846462,0.15655915657946115,0.3898305084745763,-3.2036928909799793,0.09650520535406854,-0.13925645983280152,0.4854327208061648,0.39265866448319714,1.4210863042710906,-3.5457158311559938,0.05538764078831598,-0.16195139061837252,Conglomerates,Industrials,MDU
2015Q2,2015,Q2,2015-08-04,2015-06-30,-229604000.0,986215000.0,45328000.0,-1.18,134960000.0,0.1368464280101195,7270055000.0,2542931000.0,1282764000.0,1080265000.0,4583163000.0,314405000.0,1155777000.0,3804541650.0,6062971650.0,13.053725520392186,1.1874530786427404,0.33050671556129907,0.9448946904182615,0.005400009214472265,13.053725520392186,-0.09029108536566663,3.857720324675654,-4.142503669361161,1.4961246097515035,-0.1554284768558039,2.7075110128655715,0.009380104959555376,0.135654407016178,0.714214567721809,-0.03158215446788229,-43.54866076027609,0.1368464280101195,0.24840764331210197,-5.530247497266991,0.05055627481723315,-0.06558267926592047,-0.20162325562135078,0.24945655194055905,1.0955587365367547,-5.11225207534166,-0.012549836927928793,-0.12613273533544114,Conglomerates,Industrials,MDU
2015Q1,2015,Q1,2015-05-08,2015-03-31,-305917000.0,918510000.0,-474347000.0,-1.57,169043000.0,0.18404045682681736,7317385000.0,2801728000.0,1161546000.0,986865000.0,4382942000.0,336598000.0,1421220000.0,4150630000.0,6234475000.0,14.40477120822622,1.1770059734614158,0.3014855716898865,0.7874019176736643,-0.059193682533638735,14.40477120822622,-0.10918868641067227,4.518872957289523,-3.3919576224923755,1.4814535886424378,-0.11639431610534884,2.2265937409016097,0.008578697691675722,0.1255243505705932,0.6954659451900715,-0.041806874997010544,-43.78209320478471,0.18404045682681736,-4.651162790697675,-8.07875018431554,0.06353468418407072,0.03837278362379487,-0.3148247978436658,-4.630846834015785,-5.327114995165204,-9.29706127790575,0.04547948858426309,-0.01946107398652923,Conglomerates,Industrials,MDU
2014Q4,2014,Q4,2015-02-20,2014-12-31,84255000.0,1163204000.0,109622000.0,0.43,246715000.0,0.21209951134968585,7809978000.0,3134041000.0,1194973000.0,968694000.0,4560194000.0,300811000.0,1762827000.0,4561350000.0,6574222000.0,16.1465275631118,1.2335918256952143,0.2682116390084582,0.6683789395224887,0.018606557631801763,16.1465275631118,0.02688382187725049,3.9213671892462543,13.534359978636283,1.455421291552982,0.41074120230253397,3.0467270146370975,0.007587008232211955,0.14893819163126965,0.8002248388035851,0.010788122578578327,-37.7273516786184,0.21209951134968585,-0.1886792452830189,0.12353869726641575,0.10832831353636625,0.18039030312675813,-0.242661910696635,-0.18364677499055315,-0.3798432947698922,0.3433601723409295,0.0616403285347871,0.09832131737965893,Conglomerates,Industrials,MDU
2014Q3,2014,Q3,2014-11-07,2014-09-30,103209000.0,1370455000.0,176765000.0,0.53,325766000.0,0.2377064551554046,7774094000.0,3083255000.0,1417672000.0,938527000.0,4615591000.0,302705000.0,1713774000.0,5392359000.0,7369240000.0,15.901263537906138,1.510528732790852,0.2843491473089983,0.716955619953588,0.02173417229230263,15.901263537906138,0.033474039610736056,3.9347216800259766,13.061746068656802,1.748917621150375,0.3331879971707894,3.4511785401628647,0.006377171846310679,0.1762848506848515,1.0843630497577588,0.013276016472144535,-96.58187061183551,0.2377064551554046,0.8928571428571428,0.06451305783806958,0.1811987985294886,0.17009294154765167,0.29533860058610445,0.9075333604406166,0.7866961812925789,0.5708627633070313,0.1581591731915148,0.07562650715249508,Conglomerates,Industrials,MDU
2014Q2,2014,Q2,2014-08-08,2014-06-30,54106000.0,1094046000.0,98934000.0,0.28,251491000.0,0.22987241852719173,7668317000.0,3000506000.0,1276206000.0,796664000.0,4603875000.0,331422000.0,1645291000.0,6742710000.0,8839486000.0,15.619500260281104,1.6019375797073798,0.2852117355085868,0.7289083907847543,0.012598317944437682,15.619500260281104,0.018032291886768432,6.163095518835588,31.155093704949543,2.247190973789088,0.6280264665656304,2.5422422168715415,0.005039516752166414,0.14267094070315559,1.0312565899802175,0.007055785513301028,-49.22548475645369,0.22987241852719173,-0.06666666666666654,-0.06321614570870376,0.09359727581066234,0.19224238056412266,-0.025915826819840268,-0.0451095972609509,-0.03857964704967737,0.17994402157227712,0.15524446550799129,0.08204878240999229,Conglomerates,Industrials,MDU
2014Q1,2014,Q1,2014-05-07,2014-03-31,56662000.0,1042853000.0,102904000.0,0.3,258182000.0,0.24757276433015968,7408849000.0,2901588000.0,1204530000.0,745478000.0,4459045000.0,301332000.0,1625692000.0,6512038000.0,8534170000.0,15.287608008429926,1.6157820888074497,0.28423200418850486,0.72575155397665,0.01372626186940397,15.287608008429926,0.019527927465925556,6.244444806698547,28.731945571988284,2.2443013963388325,0.595407857117645,2.604008203576122,0.0051807130118098205,0.14075776142825963,1.038878410898779,0.007647881607520952,-152.8324532375789,0.24757276433015968,-0.375,1.1595882154582686,-0.07695607450585568,0.16991371708820288,-0.10269973447513658,-0.380397817362683,-0.30052951052563603,0.3107850983003064,0.14970427971266548,0.07277151028463123,Conglomerates,Industrials,MDU
2013Q4,2013,Q4,2014-02-21,2013-12-31,91449000.0,1184424000.0,147117000.0,0.48,287732000.0,0.24292989672617238,7061332000.0,2823164000.0,1116688000.0,784900000.0,4205430000.0,282391000.0,1603130000.0,5770895000.0,7591733000.0,14.945283218634199,1.4227137214931838,0.2642650140228501,0.6609828546977788,0.022298365711218595,14.945283218634199,0.03239237961379502,4.872321904993482,15.776266006189243,2.044123189442767,0.35806843158481777,3.175356155118258,0.005674163193057575,0.16773379300109384,0.9661001401452415,0.012950672762589268,110.35060042833103,0.24292989672617238,0.09090909090909087,8.872437420251677,-0.11341678588044828,-0.00826350088337327,-0.026758624422022505,0.0828005115089514,-0.018388902604204893,0.027121400298057926,0.1348797111757734,0.04730126587705789,Conglomerates,Industrials,MDU
2013Q3,2013,Q3,2013-11-07,2013-09-30,84456000.0,1285782000.0,149873000.0,0.44,295643000.0,0.2299324457800778,7167108000.0,2731593000.0,1254970000.0,845807000.0,4416618000.0,314571000.0,1546000000.0,5280736000.0,7233458000.0,14.468183262711865,1.483754568122515,0.2816890717985553,0.7390910724987214,0.02034276033371991,14.468183262711865,0.030918222443826734,4.107022807909894,15.631618831107321,1.933207472709148,0.38771668087524863,3.147585123867108,0.006200840185913479,0.1794003941338682,1.0090777210403792,0.011783832474688536,-240.14261027739883,0.2299324457800778,0.8333333333333334,-0.30766967586116645,-0.06452092708732357,-0.04974449181470801,0.26316711457857117,0.8157894736842105,0.6401431416752391,0.3798984050961361,0.13835122685106407,0.02283558487475694,Conglomerates,Industrials,MDU
2013Q2,2013,Q2,2013-08-07,2013-06-30,46512000.0,1060595000.0,91378000.0,0.24,234049000.0,0.2206770727751875,7091671000.0,2678720000.0,1292247000.0,865889000.0,4397029000.0,345885000.0,1494419000.0,4965440000.0,6888823000.0,14.18813559322034,1.492393366817225,0.2874292955778687,0.7609432863457174,0.012590283550236326,14.18813559322034,0.017363516903595746,4.681749395386552,26.689026487788098,1.8536614502448931,0.7039903680770554,2.389655521343799,0.006594380357027776,0.14955502024840125,0.9813451839669981,0.006558679893638608,-34.03037447228466,0.2206770727751875,-0.2,-0.6097531956754254,-0.1788793243139204,0.0020939284741807985,-0.06637706480938534,-0.17699725736530125,-0.12582870153351638,-0.053096758194907306,0.16572309951425765,0.015621144057153959,Conglomerates,Industrials,MDU
2013Q1,2013,Q1,2013-05-07,2013-03-31,56515000.0,931604000.0,104531000.0,0.3,250689000.0,0.26909394978982487,6828182000.0,2663882000.0,1149234000.0,917183000.0,4153200000.0,334872000.0,1480784000.0,4684128000.0,6437142000.0,14.109544491525424,1.2530040351816376,0.26759143209715264,0.6859023785588101,0.015571985271544396,14.109544491525424,0.021215279055153344,5.028024783062331,20.720729009997346,1.7583841926932198,0.003025745377333451,2.03335901478774,3.650626114401656e-05,0.13643514481599933,0.7737965051685433,0.00827672724599315,-90.77591519544195,0.26909394978982487,1.9375,-0.23071025692871844,-0.19689765935083936,0.013790632904997074,1.1459487404600819,1.9266728975027465,1.9543682495046975,0.347206972637579,0.11126267904329998,0.017091266327244364,Conglomerates,Industrials,MDU
2012Q4,2012,Q4,2013-02-28,2012-12-31,-60987000.0,1081143000.0,-109529000.0,-0.32,-1717651000.0,-1.5887361801352828,6682491000.0,2648248000.0,1128081000.0,850115000.0,4034243000.0,317415000.0,1457146000.0,4010111999.9999995,5734245000.0,14.026737288135593,1.3269745857913342,0.26534641049273394,0.6695653126142265,-0.0137720297303682,14.026737288135593,-0.02302918759874453,3.7091411589401213,-16.438388509026513,1.5142509311816719,-1.0555364257956614,8.817459792385362,0.016052918222732932,0.16178742328272497,0.8553725084253306,-0.0091263871511387,327.7842079450711,-1.5887361801352828,-1.0,-1.6227056641151325,-0.15177400002072697,0.011831461019441243,-2.5326795665151223,-1.0554413400289846,-2.218128397238137,-1.8360902677599278,0.0590567367908052,0.025423244391431343,Conglomerates,Industrials,MDU
2012Q3,2012,Q3,2012-11-07,2012-09-30,-29671000.0,1173518000.0,-34035000.0,-0.16,1120685000.0,0.954978960697663,6902671000.0,2742930000.0,1249400000.0,1025145000.0,4159741000.0,315767000.0,1550569000.0,4132832000.0,5812567000.0,14.52823093220339,1.218754420106424,0.2541012022737285,0.6394537957585502,-0.004489584987744126,14.52823093220339,-0.010817264749738419,3.5217457252466513,-34.822149573657775,1.506721644372988,-1.0717535640861446,0.16731640735098982,0.007694481653258588,0.17000926163220006,0.797463773417419,-0.004298480979319455,-47.66489054967361,0.954978960697663,-1.5517241379310345,-1.1422648835845812,-0.0906321558487445,0.07456100929498434,4.133833270726635,-1.5483155618797702,-1.3710992869136664,-1.3142978611635499,0.03878050698530852,0.06905846987703648,Conglomerates,Industrials,MDU
2012Q2,2012,Q2,2012-08-07,2012-06-30,54113000.0,967962000.0,91714000.0,0.29,218294000.0,0.22551918360431505,6901570000.0,2820272000.0,1233824000.0,1024491000.0,4081298000.0,333392000.0,1612169000.0,4079968000.0,5643956000.0,14.937881355932204,1.2043287837570071,0.20045178126136518,0.49053140973636583,0.013236082610147103,14.937881355932204,0.01918715641611873,4.215008440413984,18.849296841794022,1.4466576273494187,0.5876591576885406,2.248608244948889,0.007794178777872768,0.1402524353154427,0.7381733953738979,0.007840679729394905,-24.836661147365344,0.22551918360431505,0.5263157894736841,-0.4174891012663323,-0.05094894106940304,0.1957761958965005,0.06791186427411307,0.5119586476669461,0.29071027484976847,-0.04671895995494195,-0.015523122641282566,0.14021415100386295,Conglomerates,Industrials,MDU
2012Q1,2012,Q1,2012-05-04,2012-03-31,35790000.0,852807000.0,71057000.0,0.19,204412000.0,0.2396931544886475,6538631000.0,2773598000.0,1078153000.0,910221000.0,3765033000.0,313341000.0,1589985000.0,4227232000.0,5552032000.0,14.690667372881355,1.184495853204881,0.21658799831340841,0.5105963445315435,0.011278309547745499,14.690667372881355,0.01290381663096094,4.95684486642347,29.52802458787371,1.5240968590257133,0.8883487007544006,2.069295112991916,0.007521233752961749,0.13042592554924723,0.6932140655950588,0.005473622842457389,-85.50918359090541,0.2396931544886475,-0.40625,-0.2632971238255787,0.04015766493747818,0.21525124674780347,-0.1966326578736382,-0.4133460094743226,-0.4386307257185293,1.1013362514473577,-0.24117042606299086,0.12423168249976198,Conglomerates,Industrials,MDU
2011Q4,2011,Q4,2012-02-24,2011-12-31,61007000.0,1065749000.0,126578000.0,0.32,254444000.0,0.23874664672451018,6556125000.0,2775567000.0,1194638000.0,898753000.0,3780558000.0,274205000.0,1586123000.0,4051648000.0,5313554000.0,14.701096398305085,1.3292172599145706,0.21730488665179507,0.513292599313942,0.02016342189466426,14.701096398305085,0.02198001345310706,3.8016906419804286,16.603209467765993,1.4597550698650041,0.5056796761027423,2.9587534873543517,0.007614185635079849,0.1625577608724666,0.9001616684450566,0.009305344239165667,70.47079695272551,0.23874664672451018,-0.058823529411764754,-0.29043277366967285,-0.06269405116484118,0.23141739273820355,0.027110379125492474,-0.04637821615031106,0.059930832935580845,6.254602805948225,-0.2018266791198276,-0.024467207349214825,Conglomerates,Industrials,MDU
2011Q3,2011,Q3,2011-11-04,2011-09-30,63974000.0,1152181000.0,119421000.0,0.34,247728000.0,0.21500788504583915,6359953000.0,2791079000.0,1132018000.0,764449000.0,3568874000.0,269569000.0,1556550000.0,3623072000.0000005,4927984000.0,14.783257415254237,1.4808286752942315,0.2238403334112689,0.5100586547353192,0.01781673653332588,14.783257415254237,0.022920884718777217,3.144533714754887,14.15837684059149,1.2980900934728112,0.48222715478163003,3.3551817901910086,0.008514873565857922,0.1811618733660453,0.9942991618799946,0.010058879365932421,84.66506204285749,0.21500788504583915,0.4166666666666668,-0.4368840044374605,-0.07591109247227706,0.25671942713635787,0.19037619708902545,0.41953092062928526,0.4509920659028225,-0.47557141995290164,-0.1617232052497232,-0.02905074309009559,Conglomerates,Industrials,MDU
2011Q2,2011,Q2,2011-08-05,2011-06-30,45067000.0,930757000.0,82303000.0,0.24,208109000.0,0.22359111991636915,6257381000.0,2725350000.0,1071031000.0,723419000.0,3532031000.0,277327000.0,1523546000.0,4248000000.0,5572337000.0,14.435116525423728,1.480512676609268,0.2288665177971423,0.5254756269836902,0.013750599586021752,14.435116525423728,0.01653622470508375,4.564026915725587,23.564914460691856,1.5586988827123123,0.6845363569796081,2.605761429648033,0.007262241054613936,0.14874545756443472,0.9318721239005334,0.007202214472796207,-503.55618776671406,0.22359111991636915,0.04347826086956513,-0.3988805606770503,-0.08918567976404344,0.29176863349275456,-0.020225512582095526,0.04863066291272076,0.05427458816898522,-0.6218770912776143,-0.27940088654052836,0.019537946469622976,Conglomerates,Industrials,MDU
2011Q1,2011,Q1,2011-05-05,2011-03-31,42977000.0,901805000.0,78066000.0,0.23,212405000.0,0.23553318067653206,6191291000.0,2689083000.0,1064003000.0,654770000.0,3502208000.0,262696000.0,1509449000.0,4334439000.0,5625285000.0,14.250572337042925,1.6250026726942286,0.23046275809035627,0.5306128520391524,0.013804457742118803,14.250572337042925,0.01598202807425431,4.806403823442984,25.213713148893593,1.6118650856072496,0.7160341578053377,2.6243262173767397,0.007099650035448647,0.14565702048248094,1.022183362096614,0.006941524796686184,114.67679974601158,0.23553318067653206,-0.5120193388801438,-0.23082980504980716,0.05407552952612846,0.31015032606458565,1.138235456820334,-0.5167865977063189,-0.40029498978290595,-0.41468130414424176,-0.22217432278649216,0.023923682122162695,Conglomerates,Industrials,MDU
2010Q4,2010,Q4,2011-02-23,2010-12-31,88940000.0,1042551000.0,130174000.0,0.47133015368309483,-1536545000.0,-1.4738319756059894,6303549000.0,2692802000.0,1167168000.0,768076000.0,3610747000.0,252897000.0,1497439000.0,3824949000.0,5129627000.0,14.270280869104399,1.5195996229539785,0.24220514506986462,0.5669752176357563,0.021242409099716506,14.270280869104399,0.033028793056451976,3.6688363446968064,10.751486957499438,1.4204345510735656,0.3351697773780076,10.198207175253167,0.007793567966527136,0.16539111538595164,1.0491370645613194,0.014109511959056716,53.83309407194731,-1.4738319756059894,0.47290673025967134,0.15681005399095319,-0.02029282436061368,0.356573732344496,-2.450395838387309,0.457793804294378,0.19467337236834859,-0.0913999415935112,-0.18161843349819676,0.029399698899109136,Conglomerates,Industrials,MDU
2010Q3,2010,Q3,2010-11-03,2010-09-30,61010000.0,1125923000.0,108962000.0,0.32,1059397000.0,0.9409142543495426,6216955000.0,2662121000.0,1035523000.0,727177000.0,3554834000.0,261680000.0,1439050000.0,3754590000.0,5233593000.0,14.145170031880978,1.4240315631545002,0.24373475439342893,0.569203278137996,0.017243811649761527,14.145170031880978,0.022917816282580696,3.3346774157735477,15.38514178003606,1.4103754111852915,0.48847729880347485,0.2542265362274534,0.007937484518948806,0.1811052195166283,0.8553928410827075,0.009813485862451956,57.35438339214518,0.9409142543495426,0.23076923076923075,-0.3331290297678726,0.006172056206905589,0.421067607009439,0.3310729906005425,0.24667947198496057,0.2289594189167851,-0.7065399919494176,-0.12473230499836452,0.04622842636780277,Conglomerates,Industrials,MDU
2010Q2,2010,Q2,2010-08-06,2010-06-30,48938000.0,906444000.0,88662000.0,0.26,795897000.0,0.878043210612018,6112806000.0,2627740000.0,969299000.0,640693000.0,3485066000.0,260163000.0,1407950000.0,3391443000.0,4910616000.0,13.969909622541202,1.512891509662194,0.2592859972981312,0.6031665994352562,0.014086347195750254,13.969909622541202,0.01862360811952476,3.741480996068152,17.325202296783687,1.2906311126671588,0.6088520168376312,0.4249143805998547,0.008785640802454885,0.14828607353153364,0.8873142050873039,0.008005815986962452,733.760926006058,0.878043210612018,0.18181818181818185,-0.423921763604069,0.11075081246376409,0.3976452153461047,0.36242906663243035,0.17155032078904528,0.06913142567738668,-0.47123602989201435,-0.10795771214847526,0.11829013682896275,Conglomerates,Industrials,MDU
2010Q1,2010,Q1,2010-05-05,2010-03-31,41772000.0,834777000.0,82929000.0,0.22,584175000.0,0.6997976705155988,5981847000.0,2608020000.0,989761000.0,662913000.0,3373827000.0,253931000.0,1388914000.0,4057039999.9999995,5456794000.0,13.872446808510638,1.4930481073685387,0.25183158312140047,0.5776098342804119,0.012547915925572526,13.872446808510638,0.016016748337819495,4.860028486649727,24.280857990998754,1.555601567472642,0.7121756200325577,0.9868901394473302,0.007332685899079132,0.13955171370982908,0.8669372904136742,0.006983127452106348,-104.60062909297167,0.6997976705155988,-0.4305697056474929,0.1409132750009273,0.29867267843590545,0.46347185697027216,-0.2517426355874238,-0.42489743095520005,-0.34949483856797714,-0.1365045031858808,0.022499331481721365,0.14756585603493894,Conglomerates,Industrials,MDU
2009Q4,2009,Q4,2010-02-17,2009-12-31,72634000.0,1016529000.0,127484000.0,0.38635106382978723,780714000.0,0.7680194072180921,5990952000.0,2571647000.0,1061658000.0,667185000.0,3419305000.0,249804000.0,1377039000.0,4436800000.0,5771292000.0,13.67897340425532,1.5912498032779514,0.25198098732889196,0.5870191359856154,0.02049808813321381,13.67897340425532,0.028244156371383788,4.364656591203989,15.271085166726328,1.7252756696389513,0.39942726546796264,0.9440000960753231,0.006538946988820771,0.16967737347920664,1.0640631908690992,0.012123949582637284,39.06734291349676,0.7680194072180921,-0.22729787234042553,0.2850291730364055,0.2812030917289783,0.43819744341940686,-0.2457897040113376,-0.21547999654367925,-0.20458218165255532,-0.15160523285068664,-0.10217777232096496,0.1458006470010869,Conglomerates,Industrials,MDU
2009Q3,2009,Q3,2009-11-05,2009-09-30,92584000.0,1107927000.0,160273000.0,0.5,1035141000.0,0.9343043359354903,5872572000.0,2516277000.0,970549000.0,644963000.0,3356295000.0,268677000.0,1334255000.0,3860586000.0000005,5298760000.0,13.589744005184706,1.5048134544152145,0.2553605132470066,0.5959689652609789,0.025563620479385433,13.589744005184706,0.03679404135554234,3.484512968814733,10.424549598202713,1.5342452361166914,0.30983755292491144,0.2709052133230608,0.007430478170930527,0.1886612884439731,0.9034084125756051,0.01576549423319118,24.297989111621614,0.9343043359354903,0.6666666666666667,0.22471792478561176,0.30637107814339026,0.4673593590041593,0.2375067694952497,0.6738804216159534,0.6016889022135612,-0.16903043852908756,-0.09393571477541662,0.1552592788855099,Conglomerates,Industrials,MDU
2009Q2,2009,Q2,2009-08-07,2009-06-30,55311000.0,958040000.0,100065000.0,0.3,836473000.0,0.87310863847021,5823364000.0,2410102000.0,1063852000.0,691614000.0,3413262000.0,285814000.0,1270778000.0,3489797080.0,5119958080.0,13.100943662890565,1.538216403947867,0.2858263711490472,0.6906226375481204,0.01620574988698817,13.100943662890565,0.022949651093605167,3.642642353137656,15.77352190341885,1.447987296803206,0.518612934136067,0.42533605771585714,0.008219675626526687,0.16451659212784914,0.8619244260526826,0.009498118269783582,151.14544068604098,0.87310863847021,1.160427807486631,-0.103405967360454,0.3937168380416993,0.4564763243311779,0.16374318635239254,1.1608799225137652,1.1849907287412718,-0.24284851256687193,-0.03784215100752978,0.17237627164779246,Conglomerates,Industrials,MDU
2009Q1,2009,Q1,2009-05-06,2009-03-31,-343803000.0,1094005000.0,-540919000.0,-1.87,718778000.0,0.657015278723589,5860539000.0,2401599000.0,1132297000.0,776014000.0,3458940000.0,276268000.0,1244248000.0,2966322180.0,4590540180.0,13.067295292920608,1.459119294239537,0.2847702233531762,0.6949149295948241,-0.08181638982661547,13.067295292920608,-0.14315587240001348,2.711433841710047,-2.156992652769173,1.2351446598703615,-0.0833035197482279,1.3581992847524866,0.009655053720428979,0.18667310293473008,0.8089003548905046,-0.05866405803288742,28.948483736544713,0.657015278723589,-29.409117777580548,-14.644156544559527,0.9861224129992786,0.4739942412058581,-0.020540926508342282,-29.514156385905743,-30.225480574958148,-7.317614535022459,0.31291167621065935,0.20136376167153178,Conglomerates,Industrials,MDU
2008Q4,2008,Q4,2008-12-31,2008-12-31,-11267000.0,1295765000.0,-17323000.0,-0.061494713976170595,733852000.0,0.5663465211670327,6587845000.0,2761076000.0,1272292000.0,967475000.0,3826769000.0,261524000.0,1616830000.0,3953866019.9999995,5654554020.0,15.069812628602929,1.3150644719501796,0.2660053477275194,0.6346808273296353,-0.0011349384175628468,15.069812628602929,-0.004080655512561045,3.051375843613618,-87.73111786633531,1.4320018789776159,-2.5359013046951273,2.1486096878297976,0.007226345014088263,0.19669026821365712,0.7843334453086643,-0.001710270961141314,26.518749673031646,0.5663465211670327,-1.0960854905877666,-1.2288150961148294,0.9614489978199547,0.7866727866642851,-0.41227895950794463,-1.0951749421364734,-1.0852103080714424,-1.1509296675356837,0.25408396958047025,0.43257950917956356,Conglomerates,Industrials,MDU
2008Q3,2008,Q3,2008-09-30,2008-09-30,118382000.0,1333834000.0,203297000.0,0.64,1248640000.0,0.9361284837543502,6255488000.0,2789614000.0,1320110000.0,894518000.0,3465874000.0,276138000.0,1656767000.0,5313351000.0,6850979000.0,15.225571583733128,1.4757780167643357,0.2549367851077326,0.5716755077942683,0.029569417048151764,15.225571583733128,0.042436695542824206,3.98351743920158,11.220774695477353,1.9046903980263936,0.22573533138483892,0.3085196532168698,0.005029406113016061,0.2132262103292341,0.9407043793417237,0.01892450277260543,140.48679305147934,0.9361284837543502,0.015873015873015886,0.6620105324202367,0.7133919643068504,0.8087178922978718,0.1444975866045093,0.024890266390781512,0.02421268470610758,0.3291548212521948,0.22437500503371022,0.5296080942880962,Conglomerates,Industrials,MDU
2008Q2,2008,Q2,2008-06-30,2008-06-30,115507000.0,1251772000.0,198491000.0,0.63,1090994000.0,0.8715596770018821,6211732000.0,2590607000.0,1355046000.0,987748000.0,3621125000.0,267125000.0,1567035000.0,6378403920.0,7938598920.0,14.158488730516144,1.3718539546524011,0.26437618364733056,0.6339186144405539,0.029874634245860045,14.158488730516144,0.04458684779281458,5.095499755546538,13.805232410156961,2.462127184864397,0.2309556996545664,0.6018830135704258,0.004182394268941187,0.2015173867771501,0.8619789662950469,0.018594974799299134,-51.251919776299296,0.8715596770018821,0.6153846153846153,1.4090974650473642,1.07031690005678,0.7676494960816987,-0.01100052668364262,0.6256914047655909,0.5559135233436804,0.397808626571031,0.5769032716310034,0.4165119578732099,Conglomerates,Industrials,MDU
2008Q1,2008,Q1,2008-03-31,2008-03-31,71051000.0,1121907000.0,127572000.0,0.39,1103129000.0,0.9832624272778403,5830817000.0,2541342000.0,1151923000.0,924858000.0,3289475000.0,227017000.0,1478327000.0,4482805450.0,5892933450.0,13.917611816055947,1.2455133652949966,0.25410367020607916,0.5830116528983506,0.020062053022538565,13.917611816055947,0.027958063102093304,3.995701470799273,15.773196190060661,1.7639520576136547,0.37464638076874357,0.08271627234964782,0.00593802258360331,0.19240991442537125,0.8310281145862392,0.012185427874001191,-196.9857823966252,0.9832624272778403,-0.2481829986697916,2.202170843913658,1.1736191762762334,0.7737883644205076,0.3402500616588727,-0.24989970650957538,-0.18333013251392358,0.998007035840076,0.7969895078035601,0.4682365331932049,Conglomerates,Industrials,MDU
2007Q4,2007,Q4,2008-02-20,2007-12-31,94722000.0,1232730000.0,156210000.0,0.5187432570824594,823077000.0,0.6676863546762065,5592434000.0,2531319000.0,1214332000.0,849888000.0,3061115000.0,229255000.0,1433585000.0,5041558390.0,6245901390.0,13.862721044474505,1.4288141496291276,0.2342741997491611,0.5175811503804933,0.02710542349305166,13.862721044474505,0.03742001699509228,4.08975070777867,13.306197055594264,1.991672479841537,0.2809906885412048,1.7868879631850996,0.005279319992166152,0.22042817134721662,0.9663673331074212,0.016937526665491268,70.4935595234766,0.6676863546762065,-0.5284152208341278,0.8686241470486255,1.0057005195845437,0.7646764165853742,-0.292945059325208,-0.5293597400403455,-0.12807832280247383,0.7253743578678614,0.5996524104730795,0.457516538397351,Conglomerates,Industrials,MDU
2007Q3,2007,Q3,2007-11-08,2007-09-30,201262000.0,1245310000.0,179156000.0,1.1,1164092000.0,0.9347808979290297,5490648000.0,2463264000.0,1228111000.0,852741000.0,3027384000.0,254710000.0,1365497000.0,5106841760.0,6290992760.0,13.520154562220075,1.440192274090257,0.23288307682444767,0.5190994550320226,0.028536884021574536,13.520154562220075,0.08170541200618367,4.100859834097534,6.343524560026235,2.073201150993154,0.12284981765062455,0.31886459110360804,0.004841544179743685,0.22680565208332423,0.9890294943013177,0.03665541844969847,136.16792235494881,0.9347808979290297,1.2448979591836737,2.2686139016627607,0.7810824502505108,0.7738679113492499,0.25632917539947897,1.2493657446214026,0.25472563644640545,1.705700905170512,0.49228150037711166,0.45984540433488225,Conglomerates,Industrials,MDU
2007Q2,2007,Q2,2007-08-08,2007-06-30,89475000.0,982365000.0,142785000.0,0.49,926582000.0,0.9432156072335639,5102734000.0,2271670000.0,1096769000.0,650805000.0,2831064000.0,221179000.0,1190935000.0,5098989880.0,6386802880.0,12.492204985509797,1.6852498060094805,0.2657295089259993,0.5968943552540642,0.02479636056523013,12.492204985509797,0.03938732298265153,5.190524784575998,14.24696809164571,2.2445997349967204,0.27597652975691533,0.25220748805266324,0.004842723869065612,0.19251738381816494,1.0920214196264626,0.01753471766311942,-58.95876555200962,0.9432156072335639,0.96,2.1384646977545314,0.7833180565665335,0.6771549548752607,0.20277060592725862,0.9175131798894175,0.8081145766060099,0.46727914240039486,0.44574097223350373,0.3888007817043392,Conglomerates,Industrials,MDU
2007Q1,2007,Q1,2007-05-08,2007-03-31,46662000.0,787491000.0,78969000.0,0.25,770373000.0,0.9782626087155282,4876444000.0,2192156000.0,929705000.0,581616000.0,2684288000.0,206250000.0,1126270000.0,5211740340.0,6398729340.0,12.08858448999399,1.5984859426150588,0.25398897229210465,0.564997655276358,0.014668044999646008,12.08858448999399,0.021285893887113872,6.618158607526943,27.922829818696155,2.377449570194822,0.5273455917020273,0.08299636363636363,0.004721455482181601,0.16148878157936397,1.0318079282550687,0.009568857962892632,-295.63448522321175,0.9782626087155282,-0.4510208159261816,0.6954680370050976,0.7771893409767437,0.6458852814886787,-0.22985650276217687,-0.43495477167871544,-0.3989679501328117,0.8768050500446818,0.44894228562318733,0.3635954130641726,Conglomerates,Industrials,MDU
