Quarters,Year,Quarter,FillingDate,Date,NetIncome,Revenue,OperatingIncome,EPSDiluted,GrossProfit,GrossProfitRatio,TotalAssets,CommonStockEquity,CurrentAssets,CurrentLiability,TotalLiability,Inventory,RetainedEarnings,MarketCap,EnterpriseValue,bookValuePerShare,currentRatio,debtToAssets,debtToEquity,roic,shareholdersEquityPerShare,roe,priceToSalesRatio,peRatio,pbRatio,payoutRatio,inventoryTurnover,dividendYield,assetTurnover,quickRatio,returnOnAssets,priceToFreeCashFlowsRatio,grossProfitMargin,epsdilutedGrowth,fiveYNetIncomeGrowthPerShare,fiveYRevenueGrowthPerShare,fiveYShareholdersEquityGrowthPerShare,grossProfitGrowth,netIncomeGrowth,operatingIncomeGrowth,threeYNetIncomeGrowthPerShare,threeYRevenueGrowthPerShare,threeYShareholdersEquityGrowthPerShare,Industry,Sector,Symbol
2023Q2,2023,Q2,2023-05-25,2023-04-30,127563000.0,650165000.0,172507000.0,2.21,352125000.0,0.5415932879,4193115000.0,2497002000.0,1155441000.0,990392000.0,1696113000.0,440179000.0,3809577000.0,12439235520.0,13259404520.0,43.666095411303864,1.1666501748802494,0.2263811033086381,0.38015267909276806,0.038115528938593476,43.666095411303864,0.051086462886293246,19.132428721939814,24.37861197996284,4.981668224534862,0.292122323871342,0.6770881845794552,0.00299568248708583,0.15505537053002363,0.6632969571644359,0.030422013228828686,78.47058446514973,0.5415932878576977,0.22099447513812148,0.4121417895879366,0.19300230268101556,0.9472584727449055,0.07072159870099462,0.22349680129674568,0.19614613885826418,0.39709033807391003,0.32480650339953787,0.5408287656654094,Specialty Industrial Machinery,Industrials,NDSN
2023Q1,2023,Q1,2023-02-23,2023-01-31,104261000.0,610477000.0,144219000.0,1.81,328867000.0,0.5387049799,4237423000.0,2446685000.0,1178416000.0,825461000.0,1790738000.0,447727000.0,3719278000.0,13909461000.0,14803580000.0,42.79665908693371,1.427585312934227,0.23979503580360045,0.4153019289364998,0.031924226109568216,42.79665908693371,0.042613168429936836,22.78457828878074,33.35250237385024,5.685023204866994,0.35678729342707244,0.6289770328794109,0.0026743667493657735,0.14406798660412237,0.8100237321932835,0.02460481287801572,121.97536721182094,0.5387049798763918,-0.25819672131147536,0.0054383882877286184,0.0724639668849121,1.1349569575480938,-0.09448680141966997,-0.2618638008056694,-0.18799722987010795,1.0148945957077586,0.047963000731569096,0.5552529146854537,Specialty Industrial Machinery,Industrials,NDSN
2022Q4,2022,Q4,2022-12-19,2022-10-31,141249000.0,683581000.0,177609000.0,2.44,363183000.0,0.5312947551,3820375000.0,2294375000.0,1132971000.0,834203000.0,1526000000.0,383398000.0,3652216000.0,12863250000.0,13437650000.0,40.132499562707714,1.358147836917393,0.1931373229067827,0.3215938981204032,0.0447897162385384,40.132499562707714,0.061563170798147646,18.817448115146558,22.766975341418345,5.6064287660038135,0.26364080453666927,0.8356798940004904,0.0028949915456824675,0.17893034060792462,0.8400473266099499,0.0369725485063639,79.70536295194721,0.5312947551204612,-0.0040816326530613185,0.7823832903395439,0.16831755482787117,1.1314322255769043,-0.0065675740732636005,-0.003963021204278935,-0.039525627575465884,0.38113139660042583,0.22604060106622453,0.4890572636167644,Specialty Industrial Machinery,Industrials,NDSN
2022Q3,2022,Q3,2022-08-26,2022-07-31,141811000.0,662128000.0,184918000.0,2.45,365584000.0,0.5521349346,3823824000.0,2199045000.0,1115606000.0,827282000.0,1624779000.0,399579000.0,3548206000.0,13232774500.0,13907463500.0,38.30488250971102,1.3485196099999759,0.21011061178547966,0.3653522324463574,0.04647495255456887,38.30488250971102,0.06448753890893547,19.98522113549042,23.32818769347935,6.017509646232797,0.2071348484955328,0.7421411035114458,0.00221979147305805,0.17315859725761437,0.797186449118922,0.03708617342220771,119.65291202879025,0.5521349346349951,0.3031914893617023,0.40106987771812047,0.3377284078311092,1.2906842722994514,0.022226571784081536,0.29349471879161576,0.2822916738899791,0.5066019429802519,0.19889251461693933,0.49151450775036487,Specialty Industrial Machinery,Industrials,NDSN
2022Q2,2022,Q2,2022-05-27,2022-04-30,109634000.0,635403000.0,144209000.0,1.88,357635000.0,0.5628475157,3796343000.0,2190616000.0,1059839000.0,722498000.0,1605727000.0,383215000.0,3435769000.0,12463430960.0,13133133960.0,37.91042503115049,1.4669092509598642,0.20825173067870842,0.3609007694639316,0.03650269803977082,37.91042503115049,0.05004711003662897,19.61500175479184,28.42054235000091,5.689464041164677,0.2697794479814656,0.7248359276124369,0.0023731025666146105,0.16737238969186927,0.8587248684425424,0.02887884471977374,148.14666714212697,0.5628475156711568,0.0,0.6863548093286862,0.5476468542367112,1.432331553505365,0.07997886154310735,-0.007477820025348542,-0.04771684220952884,0.19097963304644439,0.2743293238059608,0.5607872656935797,Specialty Industrial Machinery,Industrials,NDSN
2022Q1,2022,Q1,2022-02-25,2022-01-31,110460000.0,599247000.0,151435000.0,1.88,331150000.0,0.5526101925,3790961000.0,2159130000.0,1164838000.0,445394000.0,1631831000.0,327195000.0,3265027000.0,13515922420.0,14167497420.0,37.14760077766117,2.6152979160024605,0.2510041649069985,0.4407085261193166,0.03677672087001146,37.14760077766117,0.05115949479651526,22.554843695504523,30.590083333333332,6.259892836466539,0.26853159514756475,0.8193798804993964,0.002194596793194674,0.1580725837063478,1.772275782790069,0.029137730512131355,84.347466753203,0.5526101924582018,-0.22314049586776863,1.1748676695981697,0.1580844988501134,1.495371258775374,-0.09341283594919936,-0.22310841034730133,-0.19567549767362807,1.2728968807097385,0.05192425849301014,0.4873215764705408,Specialty Industrial Machinery,Industrials,NDSN
2021Q4,2021,Q4,2021-12-17,2021-10-31,142182000.0,646858000.0,188276000.0,2.42,365271000.0,0.564684985,3670080000.0,2063178000.0,1045763000.0,420822000.0,1606902000.0,303977000.0,3184229000.0,15035898880.0,15697513880.0,35.50347604625551,2.4850483102119187,0.2620070952131834,0.4660707898203645,0.046881788834618396,35.50347604625551,0.06891407333734656,23.244512520522278,26.437767931243055,7.287737112357732,0.1595068292751544,0.9263431114854085,0.0015083235249850257,0.17625174383119713,1.9406233514407516,0.038740844886215015,93.8330319955567,0.5646849849580589,0.14150943396226406,0.8409749988916667,0.29705557157153584,1.4965489705071469,0.08164667351694853,0.0,0.13152754656201357,0.6382469099552834,0.11175748777763685,0.44849259893997323,Specialty Industrial Machinery,Industrials,NDSN
2021Q3,2021,Q3,2021-08-31,2021-07-31,142182000.0,589538000.0,166391000.0,2.12,337699000.0,0.5728197334,3594910000.0,1950357000.0,949425000.0,385267000.0,1644553000.0,295841000.0,3064726000.0,13130916840.0,14010384840.0,33.587466418681544,2.464329932228818,0.28172833255909047,0.5192833927327151,0.04263117060255048,33.587466418681544,0.0729004997546603,22.273232327687104,23.08821939486011,6.73257092932217,0.15944353012336301,0.8512646996190522,0.0017264597953237817,0.1639924226197596,1.56759338329003,0.039550920607191835,110.89177482011958,0.5728197334183717,0.6060606060606061,0.6558936271219169,0.32133987699599803,1.5965502654775106,0.16463995033797765,0.1452990076040727,0.526172896124742,0.4964437112273326,0.0632645283272234,0.4290771878942292,Specialty Industrial Machinery,Industrials,NDSN
2021Q2,2021,Q2,2021-05-28,2021-04-30,124144000.0,526566000.0,109025000.0,1.32,289960000.0,0.5506622152,3683401000.0,1857183000.0,1028129000.0,359609000.0,1826218000.0,282440000.0,2963252000.0,12274253190.0,13211771190.0,31.98785717976541,2.8590191013016915,0.31581030683327715,0.6263550764787315,0.0273280059337197,31.98785717976541,0.06684532434337381,23.309999487243765,24.71777369425828,6.6090703985552315,0.18262662714267303,0.8377212859368361,0.001847118488517997,0.14295646876351503,1.8940404717345785,0.03370363422282831,131.13658468573382,0.550662215182902,3.2580645161290325,0.7262247066344489,0.3887867197848575,1.804466775891909,-0.023269601304283384,0.6001649867237245,1.917603296938557,0.35358114143451297,-0.04835386442774417,0.42647574351535594,Specialty Industrial Machinery,Industrials,NDSN
2021Q1,2021,Q1,2021-03-04,2021-01-31,77582000.0,558525000.0,37368000.0,0.31,296868000.0,0.531521418,3674656000.0,1758991000.0,1020612000.0,363089000.0,1915665000.0,277033000.0,2908738000.0,10587449040.0,11627840040.0,30.33370697385666,2.8109141284919126,0.3398097672271908,0.7098865201698019,0.00833172240736785,30.33370697385666,0.0441059675689074,18.956087981737614,34.1169634709082,6.019046737589902,0.29143357995411306,0.9444975869300769,0.0021355474689491397,0.15199381928539704,1.8732762490739185,0.021112724565238217,78.21003634429572,0.5315214180206794,-0.7919463087248322,0.9147136318081419,0.27157454882472004,1.707309635992119,0.057192102789094326,-0.10805808165001551,-0.666520904912766,-0.2623937127457474,-0.032644550948714386,0.5132293065332455,Specialty Industrial Machinery,Industrials,NDSN
2020Q4,2020,Q4,2020-12-18,2020-10-31,86981000.0,538181000.0,112055000.0,1.49,280808000.0,0.5217724149,3819958000.0,1769912000.0,1080698000.0,347218000.0,2050046000.0,310557000.0,2912848000.0,11159556990.0,12369394990.0,30.678106529388312,3.1124480873687426,0.37124256339991174,0.8012437906517386,0.030540753455523203,30.678106529388312,0.04914425123960965,20.735694849873926,32.07469731895472,6.305147933908579,0.2513077568664421,0.8287464137018326,0.0019587695120503166,0.14088662754930814,2.034963625157682,0.022770145640344738,62.685688390329396,0.5217724148567118,-0.05696202531645574,0.3162301504352507,0.22121343701968144,1.2651897947250328,-0.030352419560908568,0.0,-0.10376792584120484,0.08764003751601744,-0.08852586279457703,0.629310548530603,Specialty Industrial Machinery,Industrials,NDSN
2020Q3,2020,Q3,2020-09-04,2020-07-31,86981000.0,529478000.0,125029000.0,1.58,289598000.0,0.5469500149,3742904000.0,1652494000.0,1143276000.0,360189000.0,2090410000.0,312118000.0,2847756000.0,11167997510.0,12290101510.0,28.65083135391924,3.174100264028052,0.3816178560818017,0.8643656194818257,0.03058741784074028,28.65083135391924,0.05263619716622269,21.09246750573206,32.09895698485876,6.758268114740507,0.25250342028718914,0.7685554822214675,0.001966601441335744,0.14146181681389638,2.1687725055456997,0.023238907543447547,124.1578377987771,0.5469500149203556,0.7752808988764045,0.32828811190880863,0.400075880145294,1.1400146768342987,0.10032143589899466,-0.05536550136296007,0.6649887472866979,-0.14463477119807583,0.06475879205496321,0.7133588323652562,Specialty Industrial Machinery,Industrials,NDSN
2020Q2,2020,Q2,2020-06-05,2020-04-30,92079000.0,494916000.0,75093000.0,0.89,263194000.0,0.5317952946,3550867000.0,1634274000.0,930324000.0,343321000.0,1916593000.0,294768000.0,2776684000.0,9279357880.0,10432195880.0,28.339356315460915,2.7097788949700137,0.35707758133436146,0.7758399142371475,0.020277934627389492,28.339356315460915,0.05634244930776602,18.749359244801138,25.194012424114078,5.677969471459498,0.2380021503274362,0.7861165391087228,0.002361693587358439,0.13937891788118226,1.7089633316924977,0.025931413370312097,103.16128827126181,0.5317952945550356,-0.4943181818181818,1.011799812255143,0.404093249174835,1.0972248587948938,-0.17487577396347675,0.7706137989385432,-0.4623156236574538,0.4191784310994322,0.2078884113577225,0.8182521170756509,Specialty Industrial Machinery,Industrials,NDSN
2020Q1,2020,Q1,2020-03-05,2020-01-31,52004000.0,585451000.0,139660000.0,1.76,318975000.0,0.544836374,3516447000.0,1581045000.0,1011195000.0,477626000.0,1935402000.0,283399000.0,2747650000.0,9702020160.0,10809873160.0,27.51749164578112,2.117127208317805,0.35803667736212147,0.7963195228472307,0.03946069860324018,27.51749164578112,0.032892169419592734,16.571873922838975,46.6407399430813,6.136460480251985,0.41958310899161605,0.9402856043952167,0.002249016147169086,0.16648935701291673,1.4277468144531495,0.014788791072352292,94.75091713462571,0.5448363740090972,0.08641975308641969,0.32867657140467543,0.3689433545159318,0.9146130779263246,0.05403422740505513,-0.4934987776728059,0.07203168657312169,0.03580304274418237,0.14455737097769084,0.8484735576184617,Specialty Industrial Machinery,Industrials,NDSN
2019Q4,2019,Q4,2019-12-13,2019-10-31,102673000.0,559746000.0,130276000.0,1.62,302623000.0,0.5406434347,3491538000.0,1546888000.0,980740000.0,444222000.0,1944650000.0,282614000.0,2666797000.0,9000109950.0,10202297950.0,26.9516159944246,2.207769988879434,0.38760912812634435,0.8748868696376209,0.03524994506066958,26.9516159944246,0.06637390683746981,16.07891784845269,21.91450028245011,5.818204000548198,0.19563078900976888,0.9098027698557043,0.002231750513225675,0.16031502449636809,1.4658098878488683,0.029406238740635214,70.19271525503042,0.5406434347007393,0.025316455696202552,0.575498573905019,0.3501463338651175,0.7845088644969491,0.003628175067738095,0.09310322800442893,0.01070630585898709,0.34601929619951616,0.13640305079419687,0.8951955317479748,Specialty Industrial Machinery,Industrials,NDSN
2019Q3,2019,Q3,2019-09-05,2019-07-31,93928000.0,551119000.0,128896000.0,1.58,301529000.0,0.5471214021,3475088000.0,1471263000.0,964937000.0,446491000.0,2003825000.0,280733000.0,2592955000.0,8115418080.0,9344998080.0,25.68187054880603,2.161156663852127,0.3967562835818834,0.9371288477994757,0.035694382527687266,25.68187054880603,0.06384174685287403,14.725346213794117,21.60010348351929,5.5159533543628845,0.21323779916531813,0.8890654109064485,0.0024680182588941862,0.15859137955643138,1.4309986091544957,0.02702895581349307,147.2318229317852,0.547121402092833,0.9036144578313254,0.34662496813045496,0.47401338938724985,0.7793265200106898,0.12102566771756589,0.021811733733668397,0.5293601167522929,0.1088073555382262,0.2520490102619192,0.9853914242954387,Specialty Industrial Machinery,Industrials,NDSN
2019Q2,2019,Q2,2019-06-06,2019-04-30,91923000.0,497910000.0,84281000.0,0.83,268976000.0,0.5402100781,3397747000.0,1401541000.0,867201000.0,324497000.0,1996206000.0,271156000.0,2521061000.0,8421606899.999999,9725860900.0,24.289296731482445,2.6724468947324627,0.4090357522205155,0.9916227923407164,0.021515329790542,24.289296731482445,0.0655870930639917,16.91391396035428,22.903970986586597,6.0088195065288845,0.21985792456730088,0.8442888964286241,0.0023997795480100123,0.14654122275731538,1.6911527687467065,0.027054103792895703,90.96277826382813,0.5402100781265691,-0.435374149659864,0.6518905059684789,0.5418240163564156,0.7110076786053519,-0.12595779526740278,0.8927049230959293,-0.2642619573472541,0.2860992000473564,0.32133298000541244,1.129511999206757,Specialty Industrial Machinery,Industrials,NDSN
2019Q1,2019,Q1,2019-03-07,2019-01-31,48567000.0,569295000.0,114553000.0,1.47,307738000.0,0.5405598152,3421012000.0,1450741000.0,884102000.0,350280000.0,1970271000.0,264477000.0,2488375000.0,7530139399.999999,8761957400.0,24.976172850133427,2.523986525065662,0.3880419010515017,0.9150468622586664,0.03414737448090295,24.976172850133427,0.03347737466577425,13.227130749435704,38.76160458747709,5.190547037686257,0.41867935017604546,0.9889593424002844,0.002700348415860668,0.16641128414632864,1.6760905561265274,0.014196676305140116,176.24255488461355,0.5405598152100405,-0.0869565217391305,-0.10290534800780592,0.5300971665735074,0.8041599275375899,-0.03950735964244248,-0.43983345059457213,-0.15506431816840738,0.19662555244755248,0.2939298014428613,1.2291450723661392,Specialty Industrial Machinery,Industrials,NDSN
2018Q4,2018,Q4,2018-12-14,2018-10-31,86701000.0,581243000.0,135576000.0,1.61,320396000.0,0.5512255631,3607392000.0,1422916000.0,1077821000.0,341104000.0,2184476000.0,271360000.0,2403162000.0,7121361510.0,8414512510.0,24.51063683186054,3.1598017027065057,0.43243235001907193,1.096307160788128,0.03509230935797199,24.51063683186054,0.06093191727410473,12.251952298780372,20.534254247355854,5.0047659243412825,0.2008281334702022,0.9612581073113208,0.0024450380696935015,0.1611255444376436,2.270518668793095,0.02403426076234576,60.50794448267951,0.5512255631465669,0.038709677419354875,0.6024111765845119,0.5936016551520097,0.99082459454416,0.044220214582762984,-0.08624214830740694,0.07001302237480762,0.30385711134246174,0.31074860285540756,0.8098002352444742,Specialty Industrial Machinery,Industrials,NDSN
2018Q3,2018,Q3,2018-09-04,2018-07-31,94884000.0,553706000.0,126705000.0,1.55,306828000.0,0.554135227,3539216000.0,1362910000.0,984021000.0,534661000.0,2176306000.0,284363000.0,2325690000.0,7776904790.000001,9164940790.0,23.502905723499286,1.8404577854004687,0.43624972310251764,1.1328569017763461,0.03361009578763052,23.502905723499286,0.06961868355210542,14.04518786142827,20.49055897200793,5.706102963511897,0.1831288731503731,0.8681790528303612,0.0022343079244512647,0.15644877283556585,1.2500163655101082,0.026809327263439136,66.07788730000935,0.5541352269977208,-0.1292134831460674,0.6086305335288434,0.6073209599728753,1.0550804398282672,0.0193519665916951,0.039995615717652214,0.07629774980250248,0.44117897504734144,0.45626337496204294,0.755501003626587,Specialty Industrial Machinery,Industrials,NDSN
2018Q2,2018,Q2,2018-06-04,2018-04-30,91235000.0,550424000.0,117723000.0,1.78,301003000.0,0.5468566051,3500636000.0,1295121000.0,928035000.0,609773000.0,2205515000.0,275690000.0,2251831000.0,7427293000.0,8884989000.0,22.424396156176954,1.5219352119559246,0.4543568654381661,1.2280999227099243,0.04113174799109437,22.424396156176954,0.07044515531753404,13.493766623548392,20.352093494821066,5.734825549118576,0.18985038636488188,0.9047154412564837,0.002332074417960891,0.1572354280764981,1.018615123988763,0.026062406945480763,80.21094635895331,0.5468566050898943,0.29927007299270064,0.859379541746487,0.7650339218372404,1.017391811007058,-0.03551573759881059,-0.1273970637463536,-0.056616020771228,0.9903568469995635,0.5592190088031841,0.6594943279125106,Specialty Industrial Machinery,Industrials,NDSN
2018Q1,2018,Q1,2018-03-05,2018-01-31,104555000.0,573938000.0,124788000.0,1.37,312087000.0,0.543764309,3414539000.0,1155493000.0,888372000.0,647746000.0,2259046000.0,264266000.0,2164597000.0,8284451960.0,9791558960.0,20.045677705879292,1.371482031537053,0.46784939343202697,1.3825181113169875,0.03189346651601481,20.045677705879292,0.09048518684232618,14.43440225250811,19.80883735832815,7.169625397990295,0.16537707426713213,0.9908614804780033,0.002087162806120008,0.1680865264681411,0.9192955263328527,0.03062053179067511,89.46782249964902,0.5437643090368646,-0.21264367816091947,0.7181150981295791,0.45521248713170853,0.9188804820083684,-0.04345547331157188,0.30963862967370204,-0.18686875268789177,1.6626626497979606,0.3376691711116534,0.3947389240856513,Specialty Industrial Machinery,Industrials,NDSN
2017Q4,2017,Q4,2017-12-15,2017-10-31,79835000.0,589438000.0,153466000.0,1.74,326265000.0,0.5535187755,3460516000.0,1084431000.0,920159000.0,437386000.0,2376085000.0,275705000.0,2102054000.0,7296583860.0,8887793860.0,18.828888425877697,2.103768753458044,0.4918096029609457,1.5694082887707932,0.03916029873446592,18.828888425877697,0.07361925286163896,12.378882698434781,22.84895052295359,6.728490664689592,0.19477672699943635,0.9545456194120527,0.0021311342812415784,0.17033240129506697,1.3936271394146131,0.023070258886247023,65.58844976988351,0.553518775511589,0.5675675675675674,0.3112755307220912,0.725044585505333,0.9605273037765403,0.18421339179418683,-0.21310715975398203,0.4823193053288387,0.22082077267729316,0.4168529916022955,0.24669030278383136,Specialty Industrial Machinery,Industrials,NDSN
2017Q3,2017,Q3,2017-09-05,2017-07-31,101456000.0,496137000.0,103531000.0,1.11,275512000.0,0.5553143587,3379245000.0,962269000.0,828845000.0,456493000.0,2416976000.0,275806000.0,2016147000.0,7308215000.0,8939519000.0,16.72202624033365,1.8156795394452927,0.5089036160444123,1.7871406020561817,0.026292717572233858,16.72202624033365,0.10543413536131789,14.730235801804744,18.008336126005364,7.594773394965442,0.15301214319507964,0.7999282104087656,0.002124184906984811,0.1468188900183325,1.132851982396225,0.03002327442964331,134.0169991931343,0.5553143587355912,0.2906976744186048,0.7031172374422497,0.7622950699413237,0.8644047995039065,0.22374721282058116,0.57240053934256,0.3637213835980927,0.44805610749076463,0.32103318479024784,0.15855831845253177,Specialty Industrial Machinery,Industrials,NDSN
2017Q2,2017,Q2,2017-06-09,2017-04-30,64523000.0,407470000.0,75918000.0,0.86,225138000.0,0.5525265664,2393022000.0,893844000.0,719952000.0,290216000.0,1499178000.0,241264000.0,1967149000.0,7215077690.0,8086433690.0,15.586043348619853,2.480745375857982,0.4007543599682744,1.0729098142405162,0.029026163242391247,15.586043348619853,0.0721859742863408,17.707015706677794,27.955448793453495,8.071965231069404,0.23983695736404073,0.7557364546720605,0.002144814049812401,0.17027423901660746,1.5368656448989717,0.02696297819242782,162.47613416803657,0.5525265663729845,-0.3435114503816794,0.4047748685956436,0.6759701434420996,0.8366160360727881,-0.18121810980954078,0.2907697847483396,-0.3152088613874782,0.16663939151359577,0.26953481074355523,0.09792556546106412,Specialty Industrial Machinery,Industrials,NDSN
2017Q1,2017,Q1,2017-03-06,2017-01-31,49988000.0,509283000.0,110863000.0,1.31,274967000.0,0.5399100304,2422365000.0,851603000.0,745575000.0,331543000.0,1570762000.0,220361000.0,1932635000.0,6494597180.0,7426303180.0,14.886602803901688,2.2488033226459314,0.4123841782720606,1.1730172392535019,0.04280918105978496,14.886602803901688,0.05869871289791135,12.752432694592201,32.480781287509004,7.62632022198137,0.3086340721773226,1.0633279028503229,0.0023755129952493835,0.21024205683288852,1.4954289488844583,0.020636031316502674,95.61001619361677,0.5399100303760385,-0.1027397260273972,0.08064951539020346,0.8185090336424469,0.7618274341985473,0.006394114632896567,-0.34111010057073565,-0.10367381918729686,-0.062470023019297445,0.38983496365614523,0.0753373784336488,Specialty Industrial Machinery,Industrials,NDSN
2016Q4,2016,Q4,2016-12-15,2016-10-31,75867000.0,489899000.0,123686000.0,1.46,273220000.0,0.5577067926,2409525000.0,811807000.0,769650000.0,278420000.0,1597718000.0,239611000.0,1872197000.0,5715921050.0,6700487050.0,14.221021284050101,2.7643488255154085,0.4336373351594194,1.287079318113788,0.04783483601254191,14.221021284050101,0.09345447871230478,11.667549943968043,18.83533370899073,7.040985172584124,0.18044736183057192,0.9042948779480074,0.002395064571439453,0.20331766634502652,1.698509446160477,0.03148628879135929,47.22925883082008,0.5577067926246022,0.18699186991869918,0.6515800073363034,0.8673797685080645,0.4961858436727754,0.09989734506149232,-0.09911653644287173,0.21375019626314964,0.425953725660489,0.36593883213767037,0.15507235189506308,Specialty Industrial Machinery,Industrials,NDSN
2016Q3,2016,Q3,2016-09-06,2016-07-31,84214000.0,437592000.0,101904000.0,1.23,248405000.0,0.5676634856,2372184000.0,736698000.0,723466000.0,270801000.0,1635486000.0,240645000.0,1801673000.0,5028861600.0,6058687600.0,12.935419300463549,2.671578022237732,0.4543260556516695,1.462940037844544,0.04002097157755509,12.935419300463549,0.11431278488607272,11.492124170460155,14.92881706129622,6.826218613325948,0.16225330705108415,0.7861663446155125,0.002717115937332616,0.18446798393379266,1.5905849682977538,0.0355006188390108,104.95380569758949,0.5676634856213093,0.7083333333333334,0.7809576283637927,0.6409073925528868,0.4175796270894029,0.2615346331009055,0.19281596577952154,0.9605217592058178,0.4537316927606438,0.2933896812842463,0.1310655583654259,Specialty Industrial Machinery,Industrials,NDSN
2016Q2,2016,Q2,2016-06-08,2016-04-30,70601000.0,372220000.0,51978000.0,0.72,196907000.0,0.5290070388,2317240000.0,650110000.0,680873000.0,236821000.0,1667130000.0,224793000.0,1744735000.0,4373379810.0,5453755810.0,11.406038914328825,2.8750533103060962,0.4924444597883689,1.7552598790973835,0.025306442915550127,11.406038914328825,0.1085985448616388,11.749448739992477,15.486253062987776,6.727138191998277,0.19339669409781732,0.7798863843625023,0.003122070479398861,0.16063075037544666,1.7087251552860598,0.030467711587923565,68.41637297999155,0.5290070388479932,-0.14285714285714285,0.8355781219455114,0.639221475620161,0.4292668798658021,-0.16160196882411298,0.7152401545151964,-0.3128965736040609,0.4579915771128874,0.20946412212996965,0.02613463218970196,Specialty Industrial Machinery,Industrials,NDSN
2016Q1,2016,Q1,2016-03-07,2016-01-31,41161000.0,446200000.0,75648000.0,0.84,234861000.0,0.5263581354,2360444000.0,660016000.0,711591000.0,290776000.0,1700428000.0,225672000.0,1717228000.0,3508500920.0,4589407920.0,11.204372994720492,2.4472136627507086,0.4792212820977748,1.7138599670311023,0.028823070060028474,11.204372994720492,0.06236363966934135,7.863067951591215,21.309619056874226,5.315781617415335,0.34943271543451326,0.9364874685384097,0.0040994716341701855,0.18903223291889154,1.5125663741161581,0.017437821020113164,93.69994979168892,0.5263581353653071,-0.2631578947368421,0.035459291192242136,0.7753766665152736,0.5088031505664926,-0.05485488466429503,-0.4067994465901885,-0.26448225571220224,-0.3381294844545088,0.10705874874220787,0.07254306729699687,Specialty Industrial Machinery,Industrials,NDSN
2015Q4,2015,Q4,2015-12-15,2015-10-31,69388000.0,462731000.0,102850000.0,1.14,248492000.0,0.5370117844,2316357000.0,820425000.0,721357000.0,260615000.0,1495932000.0,228829000.0,1681987000.0,4315576720.0,5197847720.0,13.543283040047543,2.767902845193101,0.4072217710827821,1.1497345887802053,0.04098794806877687,13.543283040047543,0.08457567724045464,9.326318573858247,15.548714186891102,5.26017213029832,0.19239637977748314,0.9362405988751425,0.0030934451792111813,0.19976670262830815,1.6758513516106133,0.029955658821157534,52.972660676584674,0.537011784384448,0.4249999999999998,0.4563647290900484,0.8635025807907103,1.0256025200513912,0.11988823290819775,0.0,0.3459575470463528,0.0835458881995651,0.28751738029641394,0.4101722620170687,Specialty Industrial Machinery,Industrials,NDSN
2015Q3,2015,Q3,2015-09-04,2015-07-31,69388000.0,400727000.0,76414000.0,0.8,221890000.0,0.5537186164,2250237000.0,818230000.0,662143000.0,298274000.0,1432007000.0,239406000.0,1625950000.0,4529306760.0,5366831760.0,13.388147130047779,2.219915245713673,0.39506016477375494,1.0864659081187442,0.030757247359598894,13.388147130047779,0.08480256162692641,11.302724198768738,16.31876823081801,5.535493394277892,0.19428431429065546,0.7470029990894129,0.0029763936766340816,0.17808213090443362,1.2322394845008282,0.030835863066868068,121.94240529844116,0.5537186164146664,0.15942028985507262,1.3774031721198237,0.7693548742945764,1.2065874942396615,0.06309379506614092,0.4099240053643272,0.2164347798401732,0.0967404228197325,0.3402267666524002,0.49269744030897356,Specialty Industrial Machinery,Industrials,NDSN
2015Q2,2015,Q2,2015-06-04,2015-04-30,49214000.0,379008000.0,62818000.0,0.69,208721000.0,0.5507034152,2241701000.0,837901000.0,657646000.0,388180000.0,1403800000.0,212610000.0,1590215000.0,4938937200.0,5776103200.0,13.512788672429364,1.6941779586789634,0.39170790395329264,1.0479662871866724,0.0266642357870219,13.512788672429364,0.058734862471819464,13.031221504559271,25.089086438818224,5.894416166110316,0.27705530946478646,0.800935986077795,0.0027607154024959055,0.16907161124521067,1.0027358441959915,0.021953864498432216,68.44235470192068,0.5507034152313408,-0.3893805309734513,0.6477420133813189,0.86562956602823,1.3684799909268073,-0.18865474843830782,0.14758073918619563,-0.4071368574044188,-0.009033512222717019,0.4417738389063214,0.592309466407593,Specialty Industrial Machinery,Industrials,NDSN
2015Q1,2015,Q1,2015-03-06,2015-01-31,42885000.0,468590000.0,105957000.0,1.13,257253000.0,0.5489937899,2280130000.0,904797000.0,672683000.0,370868000.0,1375333000.0,210871000.0,1560966000.0,4586828440.0,5360440440.0,14.372351240588365,1.8138070688223302,0.35784187743681284,0.9017779678756671,0.042830337504407116,14.372351240588365,0.047397372007201614,9.788575172325487,26.739118806109364,5.069455844791705,0.3233298356068555,1.0022098818709069,0.00302300384271621,0.20551021213702728,1.1005479038364054,0.0188081381324749,504.5460829391706,0.5489937898802791,-0.0661157024793389,1.2194198155532372,1.1106542722908614,1.6155491411032463,-0.0010018989480061046,-0.4050360710321865,-0.07424752085972652,-0.15755265030538337,0.5204339257565364,0.7009658310336236,Specialty Industrial Machinery,Industrials,NDSN
2014Q4,2014,Q4,2014-12-15,2014-10-31,72080000.0,458550000.0,114455000.0,1.21,257511000.0,0.5615767092,2109445000.0,958775000.0,679791000.0,260057000.0,1150670000.0,210352000.0,1502752000.0,4859547100.0,5444315100.0,15.103100091364482,2.6140076983122933,0.3024449559007227,0.6654230658913718,0.050325118329989885,15.103100091364482,0.07517926520820839,10.597638425471596,16.854699986126523,5.068495841047169,0.15844894561598225,0.9557265916178596,0.0023502190152658465,0.21737945288926708,1.582007021537586,0.0341701253173228,54.2608459227995,0.5615767091920183,0.2604166666666667,2.178417463641902,1.3505610793936018,0.6239429519115086,0.09322357695965222,-0.07446166489040691,0.23289958420406318,0.4110190868544847,0.571752640951827,0.5889888708356515,Specialty Industrial Machinery,Industrials,NDSN
2014Q3,2014,Q3,2014-09-04,2014-07-31,77879000.0,417461000.0,92834000.0,0.96,235552000.0,0.5642491155,2079058000.0,923223000.0,638752000.0,236553000.0,1155835000.0,206438000.0,1436294000.0,4808173880.0,5419808880.0,14.43347820649115,2.700248992826132,0.3181089705049114,0.7163675515016416,0.04057304891365875,14.43347820649115,0.08435556739812591,11.517660044890421,15.434757380038265,5.208030865782157,0.14821710602344662,0.881179821544483,0.002400703528633619,0.20079334006073904,1.5942431505835901,0.03745879143342802,69.35499704299912,0.564249115486237,0.7777777777777776,4.90257850108229,1.319388724515674,0.6762319073370825,0.20931092195377396,0.25745148060838957,0.7236487866466144,0.46643569291103787,0.39381127170857416,0.5817504000684021,Specialty Industrial Machinery,Industrials,NDSN
2014Q2,2014,Q2,2014-06-04,2014-04-30,61934000.0,359420000.0,53859000.0,0.54,194782000.0,0.5419342274,2018322000.0,911675000.0,583261000.0,213628000.0,1106647000.0,200617000.0,1385903000.0,4774831350.0,5365630350.0,14.195901652107565,2.7302647593012153,0.31593422655057024,0.6994345572709573,0.024074158615044482,14.195901652107565,0.06793429676145556,13.28482374380947,19.273869562760357,5.237427098472591,0.18666645138373106,0.8206582692393964,0.002421237349042705,0.17807862174618322,1.5299305334506712,0.030685886592922238,104.02909322643195,0.5419342273663124,-0.41304347826086957,3.671255083018894,1.0109749192067348,0.6929152328663216,-0.14152864333124718,0.03608411261856567,-0.37998319269688147,0.42911140037970424,0.4048019581304559,0.7788587443534504,Specialty Industrial Machinery,Industrials,NDSN
2014Q1,2014,Q1,2014-03-07,2014-01-31,59777000.0,410818000.0,86867000.0,0.92,226894000.0,0.5522980979,2042289000.0,887863000.0,600570000.0,235471000.0,1154426000.0,198401000.0,1362584000.0,4445838200.0,5071690200.0,13.843657909097997,2.550505157747663,0.32719512272748863,0.7526239971707347,0.03935524100854157,13.843657909097997,0.06732682857603031,10.82191676119352,18.59343142011141,5.007347079448067,0.19318466968901082,0.9270316177841845,0.0025974854415529566,0.20115566406125676,1.49097765754594,0.02926960875762441,111.71570509598955,0.5522980979411808,-0.08910891089108908,1.032647779657566,0.4429215038998897,0.6168360008514696,0.008045920838090838,0.0,-0.06811062478544457,0.3811887559559872,0.501350912723252,0.8642145061088147,Specialty Industrial Machinery,Industrials,NDSN
2013Q4,2013,Q4,2013-12-16,2013-10-31,59777000.0,402960000.0,93216000.0,1.01,225083000.0,0.558574052,1854680000.0,789642000.0,608884000.0,222402000.0,1065038000.0,183855000.0,1314356000.0,4623636330.0,5112424330.0,12.311801300341456,2.737763149611964,0.3041796967670973,0.7144452802662472,0.04842386593866044,12.311801300341456,0.07570139379617599,11.474181879094699,19.33702063502685,5.855357655747795,0.16096491961791323,0.9674852465257948,0.0020810460237905433,0.21726659046304483,1.665641496029712,0.03223035779757155,75.62128046187563,0.5585740520150884,0.20238095238095244,1.0550770518583759,0.4770885304438425,0.32372195062263376,0.03754528943753515,-0.08631389092687698,0.13398700761538648,0.18502138307586175,0.532744018112781,0.8414158270634577,Specialty Industrial Machinery,Industrials,NDSN
2013Q3,2013,Q3,2013-09-05,2013-07-31,65424000.0,382100000.0,82202000.0,0.84,216938000.0,0.5677518974,1857337000.0,735595000.0,607746000.0,273283000.0,1121742000.0,188520000.0,1258554000.0,4641331200.0,5201004200.0,11.436489427860696,2.2238704932249718,0.3351384266829337,0.8462061324506012,0.04214817660858959,11.436489427860696,0.08894024565147941,12.146901858152317,17.73558327219369,6.309628532004703,0.14775923208608463,0.8760980267345639,0.0020828076220891114,0.2057246477079819,1.3381878858179983,0.035224625364163854,57.22973119605425,0.5677518974090552,0.2923076923076922,1.1069156073202109,0.3542883209548959,0.2998918748992381,0.09992952354876819,0.1981320391905503,0.3352283802222078,1.1299256699757971,0.6030691846320749,0.8849221109083714,Specialty Industrial Machinery,Industrials,NDSN
2013Q2,2013,Q2,2013-06-04,2013-04-30,54605000.0,347043000.0,61564000.0,0.65,197229000.0,0.5683128604,1817984000.0,714429000.0,574472000.0,292380000.0,1103555000.0,183415000.0,1213616000.0,4466330770.0,5040445770.0,11.115538406484838,1.964812914700048,0.34573846634513833,0.8797893142635588,0.03402261327181196,11.115538406484838,0.07643166780743783,12.869675429269572,20.44835990293929,6.25160900523355,0.17655892317553337,0.8168034239293406,0.0021585951637881047,0.19089441931282122,1.1507456050345442,0.03003601791874956,95.67155278039586,0.5683128603660065,-0.375,0.7283610345406932,0.48364234862916944,0.36089218586631416,-0.1818702218829981,-0.1932600537777384,-0.4057414235796058,0.763811274024173,0.6480845193663608,0.9482973457472612,Specialty Industrial Machinery,Industrials,NDSN
2013Q1,2013,Q1,2013-03-07,2013-01-31,67686000.0,438677000.0,103598000.0,1.04,241073000.0,0.5495455654,1829515000.0,669770000.0,586623000.0,343684000.0,1159745000.0,169585000.0,1181245000.0,4335388680.0,4943752680.0,10.446548335776898,1.7068673548957765,0.35506841977245335,0.9698896636158681,0.052249459129809585,10.446548335776898,0.10105857234573062,9.882872090399086,16.012870756138643,6.472951431088284,0.14206778358892533,1.1652209806291831,0.002218024889985181,0.23977775530673429,1.0651674212357864,0.03699669037969079,134.50990288852347,0.5495455654160122,0.009708737864077678,1.395215812025152,0.5821014642389327,0.32242656666539377,0.08000842241078068,0.0,0.05135074793480688,1.3400476185415018,0.9401683093604803,0.9011127733903241,Specialty Industrial Machinery,Industrials,NDSN
2012Q4,2012,Q4,2012-12-17,2012-10-31,67686000.0,379872000.0,98538000.0,1.03,223214000.0,0.5876031927,1792202000.0,614934000.0,582250000.0,334461000.0,1177268000.0,179139000.0,1123175000.0,3779631870.0,4424050870.0,9.603991941151666,1.7408606683589416,0.3894973892451855,1.1351754822468754,0.05243612002451472,9.603991941151666,0.11007034901306481,9.949751153019964,13.960168535590817,6.146402491974748,0.11816328339686198,0.8745052724420701,0.0021160790984652163,0.21195825024188122,1.0622673495564505,0.037766948145354154,43.23828986203583,0.5876031926543678,0.2875,1.3979674488899827,0.5475178502488417,0.2860574349114188,0.17694140971021216,0.014873901700302877,0.2820953198797767,1.959163023287351,0.9306164752299092,0.03265786022074446,Specialty Industrial Machinery,Industrials,NDSN
2012Q3,2012,Q3,2012-09-05,2012-07-31,66694000.0,315193000.0,76857000.0,0.8,189656000.0,0.6017138705,1337217000.0,577843000.0,506532000.0,224226000.0,759374000.0,154934000.0,1064480000.0,3302476760.0,3591605760.0,8.969096327569615,2.25902437719087,0.2592443859149263,0.5999311231597511,0.05749618955817837,8.969096327569615,0.11541889405945906,10.477633576887811,12.3792123729271,5.71518000564167,0.12082046360991994,0.8102611434546323,0.0024399868903240973,0.23570819096676157,1.3679100550337606,0.049875225935655916,46.23633914820933,0.6017138705491556,0.37931034482758635,1.83461858162756,0.3613753498202227,0.2653562578915686,0.11993197359252654,0.2798449463644912,0.3606139465717776,4.0186003996249955,0.7386358991604898,0.041625949695942736,Specialty Industrial Machinery,Industrials,NDSN
2012Q2,2012,Q2,2012-06-05,2012-04-30,52111000.0,275836000.0,56487000.0,0.58,169346000.0,0.6139372671,1300825000.0,552160000.0,473023000.0,161875000.0,748665000.0,148079000.0,1020426000.0,3507003500.0,3813436500.0,8.48628294782141,2.922149806949807,0.2736079026771472,0.6445885250651985,0.04266808413117689,8.48628294782141,0.09437662996232976,12.714089168926463,16.824679530233542,6.351426217038539,0.15607069524668496,0.7191431600699627,0.002319073819002462,0.21204697019199353,1.7226687258687259,0.040059961947225796,71.66949706741872,0.6139372670717382,-0.2750000000000001,2.4372528406616447,0.3883369944020985,0.25710855310196123,-0.13800843941992985,-0.046895290352080475,-0.28438588712231583,2.8793904343590664,0.5232984152222506,0.012021499222465707,Specialty Industrial Machinery,Industrials,NDSN
2012Q1,2012,Q1,2012-03-06,2012-01-31,54675000.0,331018000.0,78935000.0,0.8,196459000.0,0.5934994472,1304450000.0,571323000.0,476957000.0,182161000.0,733127000.0,141912000.0,990221000.0,3065709440.0,3356790440.0,8.449523781353525,2.6183266451106437,0.2518218406224846,0.574961974224738,0.06071425923856483,8.449523781353525,0.09569893037738722,9.26145841011667,14.017875811614084,5.365982885338067,0.15356195701874714,0.9481861998985287,0.0027386809364425614,0.25376058875388097,1.6014295046689466,0.04191421671969029,85.9560769360175,0.5934994471599732,-0.02439024390243891,0.5489221394387389,0.3792938310748442,0.31034660878235426,0.044716830630151555,0.0,0.0035470911310008135,0.7634470741275731,0.10278404936737727,-0.013158637012783967,Specialty Industrial Machinery,Industrials,NDSN
2011Q4,2011,Q4,2011-12-16,2011-10-31,54675000.0,312255000.0,78656000.0,0.82,188050000.0,0.60223215,1084444000.0,645807000.0,511164000.0,177241000.0,438637000.0,137792000.0,943942000.0,3150609650.0,3138116650.0,9.504849510633601,2.8840053937858623,0.05215944760633098,0.08758653901242941,0.08050959753521167,9.504849510633601,0.08466151652118976,10.089861331283727,14.40607978966621,4.878562248473615,0.13079103795153177,0.901394856014863,0.0022697194493770437,0.2879401794836801,1.855688018009377,0.05041754115472998,48.74237522819394,0.6022321500056044,-0.1368421052631579,0.9459682600813063,0.3665993737650745,0.5577327213420379,-0.049061450705934706,-0.033156498673740056,-0.14900246678495693,0.7743280771139248,0.08045113065050143,0.02192828065228385,Specialty Industrial Machinery,Industrials,NDSN
2011Q3,2011,Q3,2011-09-09,2011-07-31,56550000.0,318924000.0,92428000.0,0.95,197752000.0,0.6200599516,1058906000.0,621504000.0,497379000.0,182252000.0,437402000.0,133539000.0,894542000.0,3439555000.0,3443755000.0,9.125003670532962,2.7290729319842857,0.06703616751628567,0.11421487230975183,0.09309708418636853,9.125003670532962,0.09098895582329317,10.78487351218472,15.205813439434129,5.5342443491916375,0.1263837312113174,0.9073903503845319,0.00207788507524956,0.3011825412265111,1.7597941312029497,0.053404173741578576,53.212583928958196,0.620059951587212,0.4179104477611939,1.237598962237053,0.35071582413039126,0.5505351065490253,0.19005121230539626,0.23210667363879992,0.41059764361150114,0.7197994739197577,0.06747190472564997,0.03716426308718502,Specialty Industrial Machinery,Industrials,NDSN
2011Q2,2011,Q2,2011-06-03,2011-04-30,45897000.0,270962000.0,65524000.0,0.67,166171000.0,0.6132631144,997434000.0,542775000.0,441425000.0,167790000.0,454659000.0,122632000.0,836448000.0,3874757580.0,3920072580.0,7.9803422824712555,2.630818284760713,0.10671081996402769,0.19609783059278707,0.07064301994403344,7.9803422824712555,0.08455990051126157,14.300003616743307,21.105723576704357,7.138791543457234,0.15565287491557184,0.8545159501598277,0.0018437282468649304,0.2716590771920749,1.6421002443530603,0.04601507468163307,76.8953677316928,0.6132631143850429,-0.15189873417721517,1.030943319119161,0.3317379955463672,0.4581774170668741,-0.02407926188252844,0.0,-0.10581620677420235,0.37282951918145085,0.09467342725042763,-0.022954619416573036,Specialty Industrial Machinery,Industrials,NDSN
2011Q1,2011,Q1,2011-03-11,2011-01-31,45897000.0,290182000.0,73278000.0,0.79,170271000.0,0.5867731286,986354000.0,505072000.0,451031000.0,191914000.0,481282000.0,117721000.0,797695000.0,3139186170.0,3216357170.0,7.42600052930279,2.3501724730869036,0.1211532573497953,0.23659993030696613,0.0850215655597555,7.42600052930279,0.09087219247948808,10.817990674817873,17.099081475913458,6.215324092406628,0.15521711658714077,1.0186033078210346,0.0022693779897737,0.29419660689772636,1.5317225423887784,0.04653197533542724,62.29780055566581,0.5867731285882652,-0.024691358024691377,0.6880702100749214,0.24186092777718216,0.5663827148768699,0.026960030397886622,-0.143009186645754,0.08247285619321959,0.5310333663841454,-0.013460467056048383,-0.05994400558230337,Specialty Industrial Machinery,Industrials,NDSN
2010Q4,2010,Q4,2010-12-17,2010-10-31,53556000.0,279121000.0,67695000.0,0.81,165801000.0,0.5940111994,962794000.0,455280000.0,433409000.0,190668000.0,507514000.0,119557000.0,751264000.0,2665539630.0,2789819630.0,6.686051634505243,2.2731082300123777,0.17898117354283472,0.3784967492532068,0.08922749474827617,6.686051634505243,0.1176331049024776,9.549763830023538,12.442768457315708,5.854725948866632,0.12095750242736575,0.9478324146641351,0.0024302771292880757,0.28990729065615284,1.4383902909769861,0.05562560630830687,39.75865683218233,0.5940111994439687,0.7234042553191491,2.0635929955088383,0.4726254525087297,0.12019692327915246,0.07756049055353,0.6513829360796769,0.17546449036291023,0.7841051196732779,0.06919955413686617,-0.10467996355627907,Specialty Industrial Machinery,Industrials,NDSN
2010Q3,2010,Q3,2010-09-08,2010-07-31,32431000.0,251659000.0,57590000.0,0.47,153867000.0,0.6114106787,917032000.0,412034000.0,374335000.0,173485000.0,504998000.0,113070000.0,702411000.0,2140862750.0,2290899750.0,6.0673538506847295,2.1577369801423756,0.20058514860986312,0.44642675119043573,0.05521293959692057,6.0673538506847295,0.07870952397132276,8.506998557571952,16.50321258980605,5.195840027764699,0.1985446023866054,0.8648801627310516,0.0030076659514954892,0.2744277189890865,1.2683286739487565,0.03536517809629326,49.642043083058944,0.6114106787359085,0.205128205128205,0.8659486774654153,0.29651966880069025,0.019978208085486514,0.16853616859692425,0.0,0.5878136200716846,0.30766241847606646,0.03119600810282183,-0.1440203245217248,Specialty Industrial Machinery,Industrials,NDSN
2010Q2,2010,Q2,2010-06-08,2010-04-30,32431000.0,220589000.0,36270000.0,0.39,131675000.0,0.5969245973,896489000.0,384135000.0,346728000.0,163673000.0,512354000.0,105234000.0,676421000.0,2417820300.0,2537074300.0,5.70525768602406,2.1184190428476293,0.16477837430241754,0.3845575123329038,0.05109395757174991,5.70525768602406,0.08442604813411951,10.960747362742476,18.638187999136626,6.29419422859151,0.19728037988344485,0.8449170420206397,0.0026461850783534246,0.24605879157468746,1.2203173400621972,0.03617556936002561,-73.21181831945496,0.5969245973280626,1.1258064516129032,0.9966887417331095,0.24822461998107423,-0.029059965687526078,-0.039352442930203034,1.1551477517903872,-0.2572189227933647,1.0671939827055312,0.07291822265454447,-0.1548563394774892,Specialty Industrial Machinery,Industrials,NDSN
2010Q1,2010,Q1,2010-03-11,2010-01-31,-209033000.0,237444000.0,48830000.0,-3.1,137069000.0,0.5772687455,890674000.0,369976000.0,346671000.0,156422000.0,520698000.0,97636000.0,656086000.0,1918568350.0,2064644350.0,5.494965097282043,2.21625474677475,0.18509241316126887,0.44558836248837763,0.0953833972862015,5.494965097282043,-0.5649907020995957,8.080087725948013,-2.29457591624289,5.185656231755574,-0.03055020020762272,1.0280531771068049,0.0033285235837440972,0.26658912239495036,1.34268197568117,-0.2346908071864678,41.17187815189167,0.5772687454726168,-9.61111111111111,-17.013585573922324,0.14436369617664488,0.00953037244311624,0.1259436325849988,-9.717336002335378,0.3134111571359406,-6.946980440045447,-0.006409926114180213,-0.14784441503193083,Specialty Industrial Machinery,Industrials,NDSN
2009Q4,2009,Q4,2009-12-18,2009-10-31,23979000.0,206273000.0,37178000.0,0.36,121737000.0,0.5901741866,1106216000.0,624271000.0,331576000.0,126219000.0,481945000.0,106758000.0,871505000.0,1771066740.0,1959028740.0,9.300265180859306,2.6269895974457094,0.1884659053927985,0.33396393553440734,0.0298841551839079,9.300265180859306,0.03841120282697739,8.586032781798878,18.464768547479043,2.837015879321641,0.2554318361899996,0.7918469810224995,0.003458367695392439,0.18646719989586122,1.545623083687876,0.021676598422008,38.00653962531385,0.590174186636157,0.7142857142857143,0.2990703059071255,0.11343183819107314,0.7229466308704218,0.1832567090773014,0.7322112258903417,1.0010764842025943,-0.1361114803838455,-0.08619427349979823,0.5242037628449342,Specialty Industrial Machinery,Industrials,NDSN
2009Q3,2009,Q3,2009-09-08,2009-07-31,13843000.0,188840000.0,18579000.0,0.21,102883000.0,0.544815717,1079616000.0,577862000.0,309679000.0,123703000.0,501754000.0,107963000.0,853651000.0,1506619500.0,1728791500.0,8.610669050812099,2.503407354712497,0.22397778469381707,0.4184563096379412,0.01780847802878995,8.610669050812099,0.02395554647995542,7.978285850455412,27.20904970020949,2.6072306190751426,0.44238965542151265,0.7961709104044904,0.004064729017512385,0.17491404351176715,1.3895459285546834,0.012822151579820973,36.58619475473531,0.5448157170091082,0.23529411764705868,-0.1552276769003321,0.012531244390851983,0.6873862099329956,-0.0406016580098287,0.0,0.42095602294455065,-0.44409125875353334,-0.18830210708159673,0.46313855163408774,Specialty Industrial Machinery,Industrials,NDSN
2009Q2,2009,Q2,2009-06-08,2009-04-30,13843000.0,186608000.0,13075000.0,0.17,107237000.0,0.5746645374,1119511000.0,562263000.0,346704000.0,336673000.0,557248000.0,123818000.0,845931000.0,1216323280.0,1478177280.0,8.38547694326791,1.0297944890145632,0.25099351413250964,0.4997483384110283,0.010023266836960866,8.38547694326791,0.024620151068094467,6.518066106490611,21.966396012425054,2.163263952989971,0.44152279130246336,0.641029575667512,0.005024979872127417,0.1666870624763848,0.571109058344447,0.012365220172021534,26.569459359094783,0.5746645374260482,-0.6304347826086957,0.4769500581341829,0.12756588717494186,0.7061314077221702,-0.33912019918158065,-0.5497625707409094,-0.7299613787975795,-0.37865858333678815,-0.06969096133817186,0.5322040931584905,Specialty Industrial Machinery,Industrials,NDSN
2009Q1,2009,Q1,2009-03-11,2009-01-31,30746000.0,297662000.0,48419000.0,0.46,162264000.0,0.5451283671,1166669000.0,574112000.0,384313000.0,373996000.0,592557000.0,118034000.0,840888000.0,1012820460.0,1296658460.0,8.562190538686393,1.027585856533225,0.2533649218415849,0.5148699208516805,0.03744136929430548,8.562190538686393,0.05355401036731509,3.4025856844340225,8.23538395238405,1.764151350259183,0.2021401157874195,1.1471101547011877,0.006136329433945282,0.25513834686616343,0.632554893635226,0.02635366157839113,44.80515195753152,0.5451283670740639,-0.021276595744680753,1.348399630459877,0.603625108952098,0.9486173816589326,-0.0010773274890882117,0.0,-0.05610464549583796,0.1470475193752116,0.29214862510149014,0.8060417863368817,Specialty Industrial Machinery,Industrials,NDSN
2008Q4,2008,Q4,2008-12-19,2008-10-31,30746000.0,288362000.0,51297000.0,0.47,162439000.0,0.5633162483,1215939000.0,630545000.0,415994000.0,369950000.0,585394000.0,135819000.0,816356000.0,1251816210.0,1518881210.0,9.30089683452813,1.1244600621705636,0.23985084778101534,0.4625268616831471,0.03528894496548554,9.30089683452813,0.0487609924747639,4.341127506398208,10.178691618421908,1.9852924216352519,0.2011643791062252,0.9271383237985849,0.004940821144982617,0.23715169922175372,0.673958643059873,0.025285807922930344,65.94406626982037,0.563316248326756,-0.04081632653061228,2.4956119868933992,0.7243019493880423,1.1458465406413536,-0.020702585713166098,-0.05016991041087426,-0.053962340704129245,0.7665630616800801,0.5281127750515682,0.558294279991183,Specialty Industrial Machinery,Industrials,NDSN
2008Q3,2008,Q3,2008-09-08,2008-07-31,32370000.0,294116000.0,54223000.0,0.49,165873000.0,0.5639713582,1225348000.0,589908000.0,426539000.0,404736000.0,635440000.0,139634000.0,790171000.0,2368876500.0,2654189500.0,8.798031319910514,1.0538696829538268,0.2554286618984974,0.530572563857415,0.03875083271042165,8.798031319910514,0.05487296324172583,8.05422520366114,18.295308155699722,4.01567108769503,0.18881680568427556,0.9184224472549666,0.0025801260639801192,0.24002650675563186,0.6306283602150538,0.02641698521562854,163.32573772752343,0.5639713582396061,0.5806451612903225,2.715013935735729,0.7709868086316422,1.121345208575097,0.1860016159131697,-0.020545250990952828,0.48968378252149786,0.8863270902653457,0.5346885121613562,0.4790303056660488,Specialty Industrial Machinery,Industrials,NDSN
2008Q2,2008,Q2,2008-06-05,2008-04-30,33049000.0,244689000.0,36399000.0,0.31,139859000.0,0.5715786161,1214094000.0,549156000.0,417174000.0,486170000.0,664938000.0,135546000.0,763235000.0,1984411510.0,2308121510.0,8.167831751792248,0.8580825637122818,0.30038530789214013,0.6641027321926738,0.026166454888281395,8.167831751792248,0.06018144206746352,8.109933466563678,15.011131274773822,3.6135661087195627,0.18557293715392295,0.773390583270624,0.003090588806350957,0.20154040790910754,0.5136454326675854,0.027221121264086635,43.57991676732184,0.5715786161208718,-0.29545454545454547,5.633241064422701,0.686013519959697,1.0081551072299184,-0.12370145737522086,0.11523925221029899,-0.24981450948062656,1.0376426238525458,0.38657384293696173,0.3900292112608066,Specialty Industrial Machinery,Industrials,NDSN
2008Q1,2008,Q1,2008-03-10,2008-01-31,29634000.0,290768000.0,48520000.0,0.44,159602000.0,0.5488980906,1211840000.0,531117000.0,409924000.0,509914000.0,680723000.0,119650000.0,748229000.0,1676815960.0,2004961960.0,7.899529999702532,0.8039081099950187,0.2964764325323475,0.6764648843851732,0.03620301604462939,7.899529999702532,0.055795615655307586,5.766851785616024,14.146048120402241,3.157149855869799,0.19869069312276438,1.096247388215629,0.0035114169595570877,0.23993926590969106,0.5121216518863966,0.0244537232637972,194.2107899003938,0.5488980905739284,0.22222222222222227,20.097503629602834,0.6256698725375905,0.97715931786225,0.10292451004782044,0.0,0.1840210839698382,1.2734409197636234,0.4033601686681979,0.45129501671809047,Specialty Industrial Machinery,Industrials,NDSN
2007Q4,2007,Q4,2007-12-21,2007-10-31,29634000.0,257713000.0,40979000.0,0.36,144708000.0,0.5615083446,1139663000.0,501999000.0,376791000.0,481637000.0,637664000.0,116404000.0,724483000.0,1798188500.0,2099838500.0,7.467778405879027,0.7823132359017269,0.2918143345883827,0.662491359544541,0.03322927686255977,7.467778405879027,0.05903199010356594,6.977484643770396,15.169977897010192,3.582055940350479,0.19828575285145442,0.9707999725095358,0.0032677330546825316,0.22613088255036795,0.47537253159537163,0.02600242352344509,44.9558363959099,0.5615083445538254,0.16129032258064513,3.1037904443511595,0.6033952550603734,0.7733562392975076,0.09732016925246827,0.20851515027935238,0.19204700817406986,0.6030913245592271,0.38906950282450686,0.38346416949235207,Specialty Industrial Machinery,Industrials,NDSN
2007Q3,2007,Q3,2007-09-07,2007-07-31,24521000.0,241293000.0,34377000.0,0.31,131874000.0,0.5465305666,1127026000.0,475930000.0,375892000.0,477899000.0,651096000.0,112723000.0,705838000.0,1536254720.0,1866346720.0,7.088198498748957,0.7865511331892303,0.3177823759167934,0.7525245309184124,0.026893341740836456,7.088198498748957,0.05152228268863068,6.366760411615753,15.662643448472735,3.2279005736137667,0.23971289914766936,0.9706892116072141,0.003826188407089158,0.2140971015752964,0.490597385640062,0.021757262032996577,61.793762117372594,0.5465305665725901,0.3478260869565217,2.3786722474776116,0.4636524706478933,0.7252037202391374,0.12079618565200023,0.5762036382335926,0.2161961367013373,0.49564204008917556,0.2931210857843521,0.3890358959886766,Specialty Industrial Machinery,Industrials,NDSN
2007Q2,2007,Q2,2007-06-08,2007-04-30,15557000.0,203875000.0,28266000.0,0.23,117661000.0,0.5771232373,1043041000.0,450713000.0,352794000.0,420559000.0,592328000.0,114096000.0,690736000.0,1529942890.0,1816793890.0,6.750636551538208,0.838869219300978,0.30356333068402874,0.7025069168184632,0.02450761261691801,6.750636551538208,0.03451642175841389,7.504318283261803,24.58608488140387,3.394494700618797,0.3753294336954426,0.7556268405553218,0.0038164823263435667,0.19546211510381664,0.5015134618448304,0.014915041690595097,79.6471909000989,0.5771232372777437,-0.5576923076923077,1.7166081216673106,0.39671936001764363,0.6866924644764603,-0.1677147364027983,-0.5536651843351026,-0.4273384793046861,0.6669317600880647,0.23717752672287631,0.3735024400661146,Specialty Industrial Machinery,Industrials,NDSN
2007Q1,2007,Q1,2007-03-12,2007-01-31,34855000.0,236974000.0,49359000.0,0.52,141371000.0,0.5965675559,822890000.0,430528000.0,347304000.0,241325000.0,392362000.0,83688000.0,681018000.0,1726568760.0,1804747760.0,6.448312015097505,1.4391546669429194,0.15438029384243337,0.2950748847926267,0.0655636665233685,6.448312015097505,0.08095872974580051,7.285899550161621,12.38393888968584,4.010351847034339,0.16321905035145604,1.1423740560175892,0.003294974478745926,0.28797773700008505,0.9917207085880038,0.042356815613265444,188.44889325474787,0.5965675559344064,0.44444444444444453,13.169851207415238,0.2559791431586413,0.6259782842950034,0.10768881192851043,0.2544086950262722,0.45096713504615205,1.6736517942195344,0.28214318912692593,0.4675324986293633,Specialty Industrial Machinery,Industrials,NDSN
