Year,Date,FillingDate,NetIncome,Revenue,OperatingIncome,EPSDiluted,GrossProfit,GrossProfitRatio,TotalAssets,CommonStockEquity,CurrentAssets,CurrentLiability,TotalLiability,Inventory,RetainedEarnings,EnterpriseValue,bookValuePerShare,currentRatio,debtToAssets,debtToEquity,roic,shareholdersEquityPerShare,roe,priceToSalesRatio,peRatio,pbRatio,payoutRatio,inventoryTurnover,dividendYield,assetTurnover,quickRatio,returnOnAssets,priceToFreeCashFlowsRatio,grossProfitMargin,epsdilutedGrowth,fiveYNetIncomeGrowthPerShare,fiveYRevenueGrowthPerShare,fiveYShareholdersEquityGrowthPerShare,grossProfitGrowth,netIncomeGrowth,operatingIncomeGrowth,threeYNetIncomeGrowthPerShare,threeYRevenueGrowthPerShare,threeYShareholdersEquityGrowthPerShare,Industry,Sector,Price,MarketCap,AvgVolume,Symbol
2022,2022-10-31,2022-12-19,513103000.0,2590278000.0,702360000.0,8.81,1426536000.0,0.5507269876,3820375000.0,2294375000.0,1132971000.0,834203000.0,1526000000.0,383398000.0,3652216000.0,13540925000.0,39.81285463915737,1.358147836917393,0.1931373229067827,0.3215938981204032,0.1759369841856915,39.81285463915737,0.2236351947698175,5.005843002179689,25.27080332798678,5.6514410242440745,0.24539712299479832,3.035336647556847,0.009710697353377255,0.678016686843569,0.8400473266099499,0.13430697248306775,28.08412550925595,0.5507269876051915,0.1382428940568476,0.7174896617318557,0.4177509085647038,1.6675827653382147,0.07737901033170201,0.1292674660187337,0.14181299146355142,0.5177388486528496,0.17707645966348423,0.4469709927770942,Specialty Industrial Machinery,Industrials,248.38,14155449418,236547,NDSN
2021,2021-10-31,2021-12-17,454368000.0,2362209000.0,615127000.0,7.74,1324080000.0,0.5605261854,3790961000.0,2159130000.0,1164838000.0,445394000.0,1631831000.0,327195000.0,3265027000.0,15546390340.0,37.16806389974351,2.6152979160024605,0.2152216812570744,0.37788229518370825,0.1564849494998383,37.16806389974351,0.21044031623848494,6.36288547711062,33.07993815585605,6.961352646667871,0.2149865307416015,3.172814376747811,0.006499000382911631,0.623116143901243,1.772275782790069,0.11985562499851621,29.60944584968402,0.5605261854476044,0.8126463700234194,1.2471556148612277,0.4605311844080036,2.4155496406863515,0.17126712122766855,0.820829609800472,0.759793445765209,0.5212997687996123,0.1318523919848547,0.8506301815276623,Specialty Industrial Machinery,Industrials,248.38,14155449418,236547,NDSN
2020,2020-10-31,2020-12-18,249539000.0,2121100000.0,349545000.0,4.27,1130468000.0,0.5329630852,3674656000.0,1758991000.0,1020612000.0,363089000.0,1915665000.0,277033000.0,2908738000.0,12069638510.0,30.455027096282702,2.8109141284919126,0.3009791936986755,0.6287667191020306,0.09619204270227616,30.455027096282702,0.14186485320277364,5.267048470133421,44.770302477769015,6.351332388852473,0.35404085132985225,3.5758628033483375,0.007907939677326361,0.5772240993442651,1.8732762490739185,0.067908125277577,24.722909118671524,0.5329630851916458,-0.2625215889464595,0.3027536101720206,0.37189514528789863,1.142630009649647,-0.051702747161948254,-0.2597280852944754,-0.2764736200433439,-0.16657895169730288,0.15838028575604368,1.0405797608908036,Specialty Industrial Machinery,Industrials,248.38,14155449418,236547,NDSN
2019,2019-10-31,2019-12-13,337091000.0,2194226000.0,483113000.0,5.79,1192103000.0,0.5432908916,3516447000.0,1581045000.0,1011195000.0,477626000.0,1935402000.0,283399000.0,2747650000.0,10103594220.0,27.514618356479065,2.117127208317805,0.3538065553099478,0.7869111884860962,0.13301052508856454,27.514618356479065,0.21320772021036719,4.10651237383934,26.73051555811339,5.699152282193106,0.243687906233035,3.5360851661438466,0.009116468618169601,0.6239894984909484,1.4277468144531495,0.09586124858415326,28.277560011172167,0.5432908916401501,0.13976377952755906,0.5265059538958728,0.5892296267423318,0.989973344021484,0.046621556960880634,0.13958323473134057,0.05551865624358207,0.685391048674185,0.37151949793857053,1.5284487536016829,Specialty Industrial Machinery,Industrials,248.38,14155449418,236547,NDSN
2018,2018-10-31,2018-12-14,295802000.0,2066982000.0,457702000.0,5.08,1139001000.0,0.5510454373,3414539000.0,1155493000.0,888372000.0,647746000.0,2259046000.0,264266000.0,2164597000.0,8564680110.0,20.084003962943008,1.371482031537053,0.46784939343202697,1.3825181113169875,0.11639864443843996,20.084003962943008,0.2559963582643945,3.414433754140094,23.85911221019466,6.10784583723138,0.21582004178470734,3.511541401466704,0.009045602362877967,0.605347310427557,0.9192955263328527,0.0866301424584695,17.012431324244062,0.5510454372607019,0.0739957716701902,0.49287116271998327,0.641585971299109,0.9313352990448518,0.1464540980916941,0.0,0.17833540577348359,0.5502886508224291,0.34209752858678444,0.4129880583877932,Specialty Industrial Machinery,Industrials,248.38,14155449418,236547,NDSN
2017,2017-10-31,2017-12-15,295802000.0,1808994000.0,388431000.0,4.73,993499000.0,0.5491997209,2422365000.0,851603000.0,745575000.0,331543000.0,1570762000.0,220361000.0,1932635000.0,8160637400.0,14.924693305292674,2.2488033226459314,0.4123841782720606,1.1730172392535019,0.15367076318322204,14.924693305292674,0.3473472968037924,3.9961057913956597,24.438412857249105,8.48861664414052,0.19078978505892455,3.700722904688216,0.0078069630042415395,0.7467883659151284,1.4954289488844583,0.12211289380419549,26.743411750343128,0.549199720949876,0.37101449275362325,0.5338940570258875,0.7102698396683337,0.7378090807499259,0.08702202712579489,0.4011681058779505,0.22251912000755358,0.3489672983483494,0.3194453068853818,0.07941681983150986,Specialty Industrial Machinery,Industrials,248.38,14155449418,236547,NDSN
2016,2016-10-31,2016-12-15,211111000.0,1688666000.0,317730000.0,3.45,913964000.0,0.5412343234,2360444000.0,660016000.0,711591000.0,290776000.0,1700428000.0,225672000.0,1717228000.0,7153991760.0,10.882015432302316,2.4472136627507086,0.4792212820977748,1.7138599670311023,0.12346350226974241,10.882015432302316,0.31985739739642677,3.5963800775286527,28.767258740662495,9.201420511017913,0.2598111893743102,3.432867170052111,0.009031489295400515,0.7154018481268778,1.5125663741161581,0.08943698727866452,22.46736029773554,0.5412343234245256,-0.10156249999999992,0.40037169636398184,0.8072949234317142,0.4566894687845684,-0.03294261547479732,0.0,-0.1344983042998597,0.010657446094924753,0.27216250368306455,0.04644574697029622,Specialty Industrial Machinery,Industrials,248.38,14155449418,236547,NDSN
2015,2015-10-31,2015-12-15,211111000.0,1704021000.0,367105000.0,3.84,945098000.0,0.5546281413,2280130000.0,904797000.0,672683000.0,370868000.0,1375333000.0,210871000.0,1560966000.0,5308465440.0,14.213852582631645,1.8138070688223302,0.35784187743681284,0.9017779678756671,0.1479621863383814,14.213852582631645,0.23332416000495138,2.6612661698418036,21.48089602152422,5.012012020375841,0.22922064695823524,3.5989918006743458,0.010670907150639912,0.7473350203716455,1.1005479038364054,0.09258726476121976,22.68969619341152,0.5546281413198546,0.12280701754385963,2.390973702379791,1.1937182920676896,1.579021136160352,0.09115574315587247,-0.14451337869215838,0.1335684223202789,-0.01870961399754621,0.44409204478903175,0.655039844723541,Specialty Industrial Machinery,Industrials,248.38,14155449418,236547,NDSN
2014,2014-10-31,2014-12-15,246773000.0,1542921000.0,323849000.0,3.42,866144000.0,0.5613663953,2042289000.0,887863000.0,600570000.0,235471000.0,1154426000.0,198401000.0,1362584000.0,5541433700.0,13.82662659233189,2.550505157747663,0.32719512272748863,0.7526239971707347,0.14690252523111122,13.82662659233189,0.27794040296757494,3.1858933153414855,19.919447022162068,5.536419132230987,0.16402929007630496,3.41115720182862,0.008234630705049619,0.7554861236583069,1.49097765754594,0.12083157672591881,20.09797040653199,0.5613663952982687,-0.008695652173913115,1.2073315157834852,0.4417161371049553,0.6254436102531631,0.05205341016338127,0.11250715680042557,-0.03466972695838798,0.5461282125005932,0.5597118152730486,0.8508613106795843,Specialty Industrial Machinery,Industrials,248.38,14155449418,236547,NDSN
2013,2013-10-31,2013-12-16,221817000.0,1409578000.0,335480000.0,3.45,823289000.0,0.5840677139,1829515000.0,669770000.0,586623000.0,343684000.0,1159745000.0,169585000.0,1181245000.0,5251464630.0,10.399024950704115,1.7068673548957765,0.35506841977245335,0.9698896636158681,0.17313969919530203,10.399024950704115,0.33118383922839184,3.2939650235744313,20.932122560489056,6.932380712782001,0.15240040213329006,3.4571984550520387,0.007280695098783591,0.7704653965668496,1.0651674212357864,0.12124360827869682,19.072953101187565,0.5840677138831621,0.06153846153846159,1.5478652853934194,0.4777695948527937,0.3136694552095714,0.10001843854885949,-0.013396848271352894,0.06318314778017577,2.444472100635198,0.7934996702425011,0.8868427815338489,Specialty Industrial Machinery,Industrials,248.38,14155449418,236547,NDSN
2012,2012-10-31,2012-12-17,224829000.0,1233159000.0,315543000.0,3.25,748432000.0,0.6069225461,1304450000.0,571323000.0,476957000.0,182161000.0,733127000.0,141912000.0,990221000.0,4217992720.0,8.58822379892971,2.6183266451106437,0.2518218406224846,0.574961974224738,0.24534939793794555,8.58822379892971,0.39352345345802636,3.184432599526906,17.466215301406848,6.873365364251046,0.13271419612238636,3.4156871864253904,0.007598337351978975,0.9453478477519262,1.6029611168142468,0.1723553988270919,17.33827717141747,0.6069225460788106,0.32113821138211385,1.486715603389666,0.3864027333867012,0.3311379842950505,0.20401406660725144,0.3378856041131105,0.3436910485323613,0.941214921439233,0.11226050231521024,0.009622513790626206,Specialty Industrial Machinery,Industrials,248.38,14155449418,236547,NDSN
2011,2011-10-31,2011-12-16,168048000.0,1041551000.0,234833000.0,2.46,621614000.0,0.5968157104,986354000.0,505072000.0,451031000.0,191914000.0,481282000.0,117721000.0,797695000.0,3212246700.0,7.470374204999261,2.3501724730869036,0.1211532573497953,0.23659993030696613,0.2700867585210376,7.470374204999261,0.3327208793993728,3.0100069031665275,18.6558346424831,6.20718570817626,0.15733004855755497,3.5672225006583362,0.008433289186605606,1.055960638878131,1.5317225423887784,0.17037290871228788,13.842127176715763,0.5968157104164846,2.033613445378151,0.9598414125155215,0.31141734535943444,0.6126754294444661,0.3256121434938562,2.0499390834400675,0.7773682298446913,0.8388111020920949,0.040208237892319545,-0.05629590672070295,Specialty Industrial Machinery,Industrials,248.38,14155449418,236547,NDSN
2010,2010-10-31,2010-12-17,-160055000.0,819165000.0,132124000.0,-2.38,468926000.0,0.572443891,890674000.0,369976000.0,346671000.0,156422000.0,520698000.0,97636000.0,656086000.0,2773879850.0,5.511336213317444,2.21625474677475,0.18509241316126887,0.44558836248837763,0.30684079195527114,5.511336213317444,-0.43260914221463015,3.2079054280883583,-16.418130330199,7.102633278915389,-0.15461560088719503,3.5871911999672252,0.009417369565083785,0.9197136101424315,1.34268197568117,-0.17970099048585678,21.042800230623243,0.5724438910353836,-2.391812865497076,-3.16024931774082,0.09145915106036343,-0.030122450310672535,-0.25618660131496507,-2.3621238425925926,-0.30584539083104795,-2.754303557395582,-0.08735175095320426,-0.14576644140526743,Specialty Industrial Machinery,Industrials,248.38,14155449418,236547,NDSN
2009,2009-10-31,2009-12-18,117504000.0,1124829000.0,190338000.0,1.71,630435000.0,0.5604718584,1166669000.0,574112000.0,384313000.0,373996000.0,592557000.0,118034000.0,840888000.0,2064614420.0,8.506371125466721,1.027585856533225,0.2533649218415849,0.5148699208516805,0.14204011743207268,8.506371125466721,0.2046708656150716,1.5831530125912472,15.155028084150329,3.1017927164037684,0.2097375408496732,4.1885727841130524,0.013839468966014273,0.9641372145827137,0.6326564989999893,0.10071751285068858,11.403318455716143,0.5604718583891418,0.28571428571428564,2.33772108801569,0.683375687105027,0.9105739983912838,0.13828778809955855,0.295637983504609,0.2510549355207635,0.37277344986474015,0.41874886162990965,0.8363224292828324,Specialty Industrial Machinery,Industrials,248.38,14155449418,236547,NDSN
2008,2008-10-31,2008-12-19,90692000.0,993649000.0,152142000.0,1.33,553845000.0,0.5573849518,1211840000.0,531117000.0,409924000.0,509914000.0,680723000.0,119650000.0,748229000.0,1567036710.0,7.916013354398307,0.8039081099950187,0.2964764325323475,0.6764648843851732,0.11328277491016607,7.916013354398307,0.1707571024840101,1.246809195198707,13.660418890310062,2.3326135484271826,0.2589092753495347,3.6757542833263686,0.018953245682179667,0.819950653551624,0.5121138074263504,0.07483826247689464,13.288398815844515,0.5573849518290664,0.0,3.0888291643173273,0.5264874184678189,0.9655641623703273,0.08083977822922948,0.0,0.030667615079768316,0.2247193318193853,0.32465279724808477,0.39304940549987977,Specialty Industrial Machinery,Industrials,248.38,14155449418,236547,NDSN
TTM,,,,,,,,,,,,,,,,14975618418.0,43.666095411303864,1.1666501748802494,0.2263811033086381,0.38015267909276806,0.1504561227983917,43.666095411303864,0.2182380680859081,5.431137025673058,27.585556979824577,5.6881660166872114,0.27399569611796054,2.718421369488322,0.010467831548433853,0.6215787069994503,0.6632969571644359,0.12279272092465864,25.99552905420047,0.5408937629659244,,,,,,,,,,,Specialty Industrial Machinery,Industrials,248.38,14155449418,236547,NDSN
