Quarters,Year,Quarter,FillingDate,Date,NetIncome,Revenue,OperatingIncome,EPSDiluted,GrossProfit,GrossProfitRatio,TotalAssets,CommonStockEquity,CurrentAssets,CurrentLiability,TotalLiability,Inventory,RetainedEarnings,MarketCap,EnterpriseValue,bookValuePerShare,currentRatio,debtToAssets,debtToEquity,roic,shareholdersEquityPerShare,roe,priceToSalesRatio,peRatio,pbRatio,payoutRatio,inventoryTurnover,dividendYield,assetTurnover,quickRatio,returnOnAssets,priceToFreeCashFlowsRatio,grossProfitMargin,epsdilutedGrowth,fiveYNetIncomeGrowthPerShare,fiveYRevenueGrowthPerShare,fiveYShareholdersEquityGrowthPerShare,grossProfitGrowth,netIncomeGrowth,operatingIncomeGrowth,threeYNetIncomeGrowthPerShare,threeYRevenueGrowthPerShare,threeYShareholdersEquityGrowthPerShare,Industry,Sector,Symbol
2023Q1,2023,Q1,2023-05-12,2023-03-31,704694.0,0.0,-465368.0,0.26,-465368.0,0.0,353765426.0,331437355.0,643490.0,1775321.0,22328071.0,0.0,-21685444.0,6037500.0,5559198.0,9.606879855072464,0.36246402763218594,0.0,0.0,-0.0006749138413687032,9.606879855072464,0.002126175548317419,0.0,2.1418871169614047,0.018216112061357717,0.0,0.0,0.0,0.0,0.26941719272176695,0.001991980980074633,1.9665124508331173,0.0,1.302325581395349,0.0,0.0,0.0,0.6519028103263467,-0.796422176680593,-0.3853412835679605,0.0,0.0,0.0,,,ZTAQW
2022Q4,2022,Q4,2023-04-13,2022-12-31,3461546.0,0.0,-335923.0,-0.86,-1336891.0,0.0,350683713.0,330732661.0,1137602.0,1140847.0,19951052.0,0.0,-18814313.0,5523450.0,4625952.0,9.586453942028985,0.997155622094812,0.0,0.0,-0.0008557800460185366,9.586453942028985,0.010466296221043617,0.0,0.3989149645851882,0.016700648745422816,0.3600249715011732,0.0,0.22562764214394992,0.0,0.7866944471958115,0.009870849063355275,1.5554715725034856,0.0,-18.457013574660632,1.083443847050847,0.0,0.09043615954672711,-2.6303699640463596,3.2690582959641254,0.08779042612124306,1.083443847050847,0.0,0.09043615954672711,,,ZTAQW
2022Q3,2022,Q3,2022-11-14,2022-09-30,-1525543.0,0.0,-368252.0,-0.0442,-368252.0,0.0,347369083.0,327271113.0,1379480.0,399970.0,20097970.0,0.0,-18719353.0,9660000.0,8666926.0,9.486119217391304,3.4489586719003924,0.0,0.0,-0.0013770324611634991,9.486119217391304,-0.004661404381266,0.0,-1.5830428903020106,0.029516812258343135,-0.8169176483389848,0.0,0.12901066252587992,0.0,2.4828712153411505,-0.004391706328107502,-42.19077568134172,0.0,-1.7620689655172415,-1.1360134706155436,0.0,0.035939328025126956,-32.389427871973886,-1.7676815914589716,-32.389427871973886,-1.1360134706155436,0.0,0.035939328025126956,,,ZTAQW
2022Q2,2022,Q2,2022-08-12,2022-06-30,1987208.0,0.0,-11029.0,0.058,-11029.0,0.0,347268072.0,328796656.0,1542042.0,187141.0,18471416.0,0.0,-16384237.0,11367750.0,10321842.0,9.530337855072464,8.240000854970317,0.0,0.0,-3.3409835890820474e-05,9.530337855072464,0.006043881419523926,0.0,1.4301157704679128,0.03457380053159665,0.0,0.0,0.0,0.0,5.588876836182344,0.005722403411736625,-31.81970861149599,0.0,-0.9579710144927536,1.2360512696732358,0.0,0.07907917194481676,0.0,-0.9582820809810154,0.9822595614835118,1.2360512696732358,0.0,0.07907917194481676,,,ZTAQW
2022Q1,2022,Q1,2022-05-13,2022-03-31,47634399.0,0.0,-621687.0,1.38,0.0,0.0,348142415.0,326809450.0,1918962.0,644832.0,21332965.0,0.0,-18215112.0,15352500.0,13979337.0,9.47273768115942,2.9759100044662796,0.0,0.0,-0.003854895068090825,9.47273768115942,0.14575588007017545,0.0,0.08057464942509299,0.046976915753201134,0.0,0.0,0.0,0.0,2.1294895414619623,0.13682446305774032,-52.68296198179216,0.0,2.1500000000000004,0.0,0.0,0.0,0.0,2.148272333955701,-0.02861893810288059,0.0,0.0,0.0,,,ZTAQW
2021Q4,2021,Q4,2022-03-29,2021-12-31,-41483538.0,0.0,-604390.0,-1.2,0.0,0.0,347379227.0,303303094.0,2144578.0,368465.0,44076133.0,0.0,-41712960.0,46230000.0,44595424.0,8.791394028985508,5.820303149552875,0.0,0.0,-0.003928155470754439,8.791394028985508,-0.13677255135419095,0.0,-0.2786044912562666,0.1524217883514238,-0.00036619345244853514,0.0,0.00032859614968635083,0.0,4.436177113158645,-0.11941859148647366,-45.84458457745732,0.0,-4.636363636363636,0.0,0.0,0.0,0.0,-4.698565020318529,-0.5178508644158036,0.0,0.0,0.0,,,ZTAQW
2021Q3,2021,Q3,2021-11-12,2021-09-30,11216117.0,0.0,-398188.0,0.33,0.0,0.0,347680596.0,315917259.0,2332157.0,244541.0,31763337.0,0.0,-29090221.0,31050000.0,29261903.0,9.157022,9.5368752070205,0.0,0.0,-0.001260418633855012,9.157022,0.03550333728363983,0.0,0.692084435281836,0.09828522853827369,,0.0,,0.0,7.400685365644207,0.03225983022647603,0.0,0.0,2.3523481681829357,0.0,0.0,0.0,0.0,2.332310789134083,-1.5001130170530175,0.0,0.0,0.0,,,ZTAQW
2021Q2,2021,Q2,2021-08-16,2021-06-30,-8418544.0,0.0,-159268.0,-0.24402,0.0,0.0,348175190.0,304701142.0,2709673.0,347564.0,43474048.0,0.0,-40299721.0,78315000.0,76286710.0,8.83191715942029,7.796184299869952,0.0004882599475281395,0.0005579237376143474,-0.0005224108748213369,8.83191715942029,-0.027628856080887283,0.0,-2.325669379408126,0.2570223383015742,,0.0,,0.0,6.324849524116422,-0.024179046186490197,0.0,0.0,0.0,0.0,0.0,0.0,0.0,0.0,0.0,0.0,0.0,0.0,,,ZTAQW
2021Q1,2021,Q1,2021-03-31,2021-03-31,,,,,,,483168.0,13745.0,30212.0,469423.0,469423.0,0.0,-11255.0,0.0,84788.0,0.0,0.06435986306593414,0.23801245115570568,8.366678792288106,,0.0,,0.0,0.0,0.0,0.0,0.0,,,0.06435986306593414,,0.0,0.0,0.0,0.0,0.0,0.0,0.0,0.0,0.0,0.0,0.0,0.0,,,ZTAQW
