Quarters,Year,Quarter,FillingDate,Date,NetIncome,Revenue,OperatingIncome,EPSDiluted,GrossProfit,GrossProfitRatio,TotalAssets,CommonStockEquity,CurrentAssets,CurrentLiability,TotalLiability,Inventory,RetainedEarnings,MarketCap,EnterpriseValue,bookValuePerShare,currentRatio,debtToAssets,debtToEquity,roic,shareholdersEquityPerShare,roe,priceToSalesRatio,peRatio,pbRatio,payoutRatio,inventoryTurnover,dividendYield,assetTurnover,quickRatio,returnOnAssets,priceToFreeCashFlowsRatio,grossProfitMargin,epsdilutedGrowth,fiveYNetIncomeGrowthPerShare,fiveYRevenueGrowthPerShare,fiveYShareholdersEquityGrowthPerShare,grossProfitGrowth,netIncomeGrowth,operatingIncomeGrowth,threeYNetIncomeGrowthPerShare,threeYRevenueGrowthPerShare,threeYShareholdersEquityGrowthPerShare,Industry,Sector,Symbol
2023Q3,2023,Q3,2023-05-05,2023-03-31,-8396008.0,6641799.0,-2172119.0,-0.28,2148674.0,0.3235078327,56373050.0,48987290.0,25677912.0,5134179.0,7385760.0,7889917.0,-33930752.0,28220807.220000003,20431981.220000003,1.614347149776533,5.001366722897663,0.0554477361079452,0.06380753048392757,-0.15699331627275093,1.614347149776533,-0.17139155891252608,4.2489703798624445,-0.840304321410842,0.5760842704301463,0.0,0.5694768398704321,0.0,0.11781869173301782,2.3076984655190245,-0.1489365574507677,-26.758127686284627,0.3235078327423037,-7.16326530612245,-9.229425588948125,-0.3083136424718095,0.0006599692700442389,-0.49965058715562577,-7.059283093087703,-0.7612365927939206,-0.2881585415839627,-0.033695984961023565,0.09577491049471773,Luxury Goods,Consumer Cyclical,CTHR
2023Q2,2023,Q2,2023-02-03,2022-12-31,-1041781.0,10366122.0,-1233292.0,-0.0343,4294347.0,0.414267457,66930014.0,57348704.0,33445824.0,7127316.0,9581310.0,13091953.0,-25534744.0,24958724.665,16320885.665,1.8898925996065112,4.692625386611173,0.04963786500926176,0.057930916799793765,-0.017105845714672427,1.8898925996065112,-0.018165728732073876,2.4077205212325303,-5.989436519047669,0.43520991625198713,0.0,0.4637791626657994,0.0,0.15488002139070223,1.9708639268975867,-0.015565229076449917,62.16091100523513,0.41426745701044226,-0.17064846416382246,-2.0659808323327766,-0.15078737390248348,0.15058268918465378,0.30603760926232476,-0.17028798281719,4.621562915281887e-05,-2.208560033209458,-0.0815847998484318,0.11624174237419876,Luxury Goods,Consumer Cyclical,CTHR
2023Q1,2023,Q1,2022-11-04,2022-09-30,-890192.0,7374083.0,-1233349.0,-0.0293,3288073.0,0.445895849,67681016.0,58311992.0,31649652.0,6715985.0,9369024.0,12092385.0,-24492963.0,29477592.677,21424037.677,1.9160654016116283,4.712585272301829,0.051941300644777554,0.060286741704862354,-0.014082414931933433,1.9160654016116283,-0.015266019380713319,3.99745875887212,-8.27843675212763,0.5055151035999593,0.0,0.33789943009588264,0.0,0.10895349147831941,1.9546493924569517,-0.01315275763590783,-7.183083353233822,0.44589584901607426,-23.53846153846154,-2.555966647871588,-0.17193149496391105,0.19376805466776326,-0.13586988087200566,-22.83448614177091,-21.676025004596433,-5.0300581585949455,-0.09033765462784302,0.16270438890693423,Luxury Goods,Consumer Cyclical,CTHR
2022Q4,2022,Q4,2022-09-02,2022-06-30,40770.0,9303743.0,-54390.0,0.0013,3805067.0,0.4089823848,69208855.0,59557767.0,35864444.0,6804283.0,9651088.0,11024276.0,-23602771.0,37251883.82,25286898.82,1.9505181561043534,5.270863072567676,0.05351014693134282,0.062181243296109474,-0.00044317795929816196,1.9505181561043534,0.0006845454766630186,4.003967416124887,228.42705310277165,0.625474823795862,0.0,0.49877887672623583,0.0,0.13442995119627393,2.6658469378772165,0.000589086468776286,-46.453192912536494,0.40898238483156724,-0.8796296296296298,1.070326796552096,-0.026756449919109075,0.2130445705139531,-0.14594691048087616,-0.8795597149845794,-1.1307866919310936,-0.810442341585255,-0.07936103370874754,-0.019321889693980417,Luxury Goods,Consumer Cyclical,CTHR
2022Q3,2022,Q3,2022-05-06,2022-03-31,338508.0,9751835.0,415868.0,0.0108,4455305.0,0.456868374,68435858.0,59350012.0,38495486.0,6035338.0,9085846.0,13440016.0,-23643541.0,47861288.29,34889600.29,1.94686608257197,6.37834798978947,0.056841502593567246,0.06554332288930287,0.005029029666367948,1.94686608257197,0.005703587726317562,4.907926384111298,35.34723573002706,0.8064242394761437,0.0,0.39408658442073285,0.0,0.14249598507262085,3.0946445750014333,0.0049463542928036355,96.50990437993148,0.4568683740034568,-0.710455764075067,1.4190158735648692,0.19665222614688752,0.1972350622549092,-0.33692816201479076,-0.7100851995354621,-0.7133121236458143,-0.7062262287142798,-0.12813484735222389,0.15499724760021666,Luxury Goods,Consumer Cyclical,CTHR
2022Q2,2022,Q2,2022-02-04,2021-12-31,1167612.0,13753135.0,1450595.0,0.0373,6719189.0,0.4885568999,70081577.0,58707982.0,39481491.0,8132493.0,11373595.0,12492151.0,-23982049.0,87531386.53,75274926.53,1.9383454861856853,4.854783274944104,0.05713776960241634,0.06820716474294757,0.01749516406199457,1.9383454861856853,0.019888471043000594,6.364467921677494,18.74153968313104,1.490962277156793,0.0,0.5630692424387121,0.0,0.196244656423756,2.4786854412293993,0.016660755222445978,47.171854983738285,0.4885568999359055,0.24333333333333337,1.7549073142974245,0.580740859891997,0.16785787209658937,0.27649963590672144,0.41182189172032285,0.5280149325895128,-0.3042591488126941,-0.038556054244994406,0.17674482597578903,Luxury Goods,Consumer Cyclical,CTHR
2022Q1,2022,Q1,2021-11-05,2021-09-30,827025.0,10280311.0,949333.0,0.03,5263761.0,0.5120235176,66547749.0,57052818.0,35559321.0,6066472.0,9494931.0,12043187.0,-25149661.0,89913534.0,79828000.0,1.9035894418297472,5.861614625436332,0.06057452070993415,0.07065554588381594,0.012696694663852771,1.9035894418297472,0.014495778280399751,8.746188126020702,27.179811372086697,1.575970077411426,0.0,0.41654671641318863,0.0,0.15448022141214723,2.8086065508915232,0.012427542815911024,-35.43126600619698,0.5120235175764625,-0.888888888888889,1.5049635861524353,0.38161933268606435,0.11613977763184412,0.20335881290029958,-0.9013237490210227,-0.11621470404508796,4.386830753554436,0.11592512168273475,0.2011573544554164,Luxury Goods,Consumer Cyclical,CTHR
2021Q4,2021,Q4,2021-09-03,2021-06-30,8381196.0,9726699.0,1074167.0,0.27,4374224.0,0.4497131041,64921999.0,55689016.0,35761231.0,5622263.0,9232983.0,11450141.0,-25976686.0,88448801.88,71313409.88,1.8762636028145596,6.360647127322219,0.06418355972064262,0.07482489904292797,0.0686843864662635,1.8762636028145596,0.1504999836951689,9.093403823846096,2.6383108651796237,1.5882629687692813,0.0,0.46745930901636934,0.0,0.14982131095501233,4.12901192989371,0.12909639458267452,52.19514810463247,0.4497131041065422,8.000000000000002,7.021221251760295,0.05268101765837242,0.0708768770821282,0.007281345478427229,7.088185310747549,0.034274016894367355,9.676914329539585,0.09783767819932528,0.18956701812737037,Luxury Goods,Consumer Cyclical,CTHR
2021Q3,2021,Q3,2021-05-07,2021-03-31,1036227.0,9436056.0,1038571.0,0.03,4342604.0,0.460213886,57397254.0,47150447.0,35794316.0,6133104.0,10246807.0,12639062.0,-34357882.0,86788484.64,72443555.64,1.608108768103501,5.836248007534195,0.09170947446370867,0.11163991722072115,0.018304350881874206,1.608108768103501,0.0219770344913167,9.19753810702268,20.93857924952737,1.8406715134641245,0.0,0.4029928803260875,0.0,0.1643990843185634,3.586594813980001,0.018053598870775248,40.287698199532265,0.46021388597100316,-0.6666666666666666,1.5603724830085932,-0.4144287206234605,-0.10900888262172502,-0.2737005446655523,-0.5886481437447129,-0.5880293520424374,2.30662028722139,0.017021373772605444,-0.003206918229397975,Luxury Goods,Consumer Cyclical,CTHR
2021Q2,2021,Q2,2021-02-04,2020-12-31,2519077.0,12146790.0,2520983.0,0.09,5979082.0,0.4922355618,51519767.0,45139212.0,33348790.0,5985620.0,6380555.0,12072929.0,-35394109.0,35429245.95,20231901.950000003,1.5671016774772764,5.571484658230894,0.028974529329684275,0.03307016081716269,0.05344577904438658,1.5671016774772764,0.05580684483371132,2.9167579212285717,3.516093985019116,0.7848884457708301,0.0,0.510870891396777,0.0,0.2357695057122444,3.2995657926831305,0.048895349235566224,12.232356168356436,0.49223556182332945,2.0,1.959135905726376,0.035688721693378,-0.15832549226291018,0.6028687713759819,1.8813621941148346,1.8835291157194003,1.7154642620440474,0.048313879397644637,-0.0459351697165223,Luxury Goods,Consumer Cyclical,CTHR
2021Q1,2021,Q1,2020-11-06,2020-09-30,874266.0,7926293.0,874270.0,0.03,3730238.0,0.470615709,48147885.0,42417198.0,25723544.0,5092056.0,5730687.0,8975998.0,-37913186.0,23608144.891000003,11494402.891000003,1.4734890962593763,5.0517009239489905,0.034123056495628,0.03873318081972317,0.01953091880505037,1.4734890962593763,0.020611120989179908,2.97845977823429,6.750847251008275,0.5565701178800165,0.0,0.4674750373161848,0.0,0.16462390819451364,3.0208249869993575,0.018157931547772035,-31.247337799543367,0.4706157090079814,1.8379888268156424,1.3177676740166282,-0.13100148560504596,-0.23790601149539517,1.061676107582781,1.850294497525754,1.8418681775812527,4.692071303440579,-0.05901897414860116,-0.08197068297554241,Luxury Goods,Consumer Cyclical,CTHR
2020Q4,2020,Q4,2020-09-04,2020-06-30,-1028192.0,4430461.0,-1038488.0,-0.0358,1809323.0,0.4083825588,48904587.0,41435577.0,23909069.0,6486060.0,7469010.0,7443257.0,-38787452.0,20950829.91,8748293.91,1.4437600486442974,3.6862238400508165,0.036612025779913036,0.043211561890401574,-0.02358567922104134,1.4437600486442974,-0.024814231499660305,4.728814881792211,-5.094094758080202,0.5056241864328328,0.0,0.35214933462595743,0.0,0.09059397638916775,2.2608101065978423,-0.021024449097177735,11.96561914628832,0.40838255883529956,0.8295238095238096,0.8200841690979763,-0.580323307342276,-0.2883456465816584,1.6748979068098433,0.8329571780883342,0.8323361646272848,-0.8869673366148039,-0.506913871463219,-0.10211279876995508,Luxury Goods,Consumer Cyclical,CTHR
2020Q3,2020,Q3,2020-05-22,2020-03-31,-6155260.0,6491048.0,-6193870.0,-0.21,-2680884.0,-0.4130125058,48418203.0,42218708.0,20103876.0,5842617.0,6199495.0,5315227.0,-37759260.0,19386399.615,8485094.614999998,1.4732470458259457,3.440902595532105,0.019986759938199275,0.022921663069367257,-0.1402895440408709,1.4732470458259457,-0.14579460839966965,2.9866363051082043,-0.7873915811436073,0.4591897889201157,0.0,1.7255955390052016,0.0,0.1340621418766822,2.313253975059464,-0.12712698156104638,-13.42968825075439,-0.4130125058388106,-8.0,-1.5716263620030089,-0.45630944153491326,-0.3384397099516572,-1.5227345758354756,-8.561280019654813,-9.107955623915961,-7.105192117682175,-0.1526715247121124,-0.09401933989412763,Luxury Goods,Consumer Cyclical,CTHR
2020Q2,2020,Q2,2020-02-07,2019-12-31,814050.0,10659090.0,763925.0,0.03,5128576.0,0.4811457639,55971239.0,48518596.0,28517177.0,6953730.0,7452643.0,10695379.0,-31604000.0,40692812.199999996,29110932.199999996,1.6930854024387136,4.100989972288254,0.019761863767210872,0.0227973620671134,0.015157785982195388,1.6930854024387136,0.01677810297725845,3.817662877412612,12.497024814200602,0.8387054769680474,0.0,0.5170937841473406,0.0,0.1904387001331166,2.268718946522226,0.014544076824885009,54.62467054968568,0.481145763850385,1.9999999999999996,1.2085184147952324,0.050569829555682455,-0.2508097665399358,0.37429125967998794,2.9265576237585558,2.5683423329160515,1.55626632493939,0.2948388098240026,0.020088074835828557,Luxury Goods,Consumer Cyclical,CTHR
2020Q1,2020,Q1,2019-11-08,2019-09-30,207319.0,7608421.0,214084.0,0.01,3731797.0,0.4904824536,54301724.0,47071203.0,27796742.0,6099566.0,7230521.0,11787226.0,-32904668.0,46558811.44,35557118.44,1.6479385645158986,4.557167182058527,0.022872680801073644,0.026386111270621234,0.004196923423868503,1.6479385645158986,0.004404370119879876,6.1193789670682,56.14392728114644,0.9891145429191601,0.0,0.32888348793855315,0.0,0.14011380191170358,2.3353025444761153,0.003817908249100894,-34.768344346826076,0.4904824535866246,0.0,1.048200334474083,0.19917000831278914,-0.30679029492951837,0.10876698523168013,0.2804266462443025,0.35273600404397826,1.132822013992998,0.07291722180834992,-0.03375709985986515,Luxury Goods,Consumer Cyclical,CTHR
2019Q4,2019,Q4,2019-09-06,2019-06-30,161914.0,7607700.0,158260.0,0.01,3365718.0,0.442409401,51146381.0,45719024.0,27868367.0,4697780.0,5427357.0,11909792.0,-33111987.0,35169392.43,22703909.43,1.988948397650781,5.932241824861956,0.0,0.0,0.0033354641554465556,1.988948397650781,0.003541501673351557,4.622867940376198,54.3025810461109,0.7692507265684412,0.0,0.3561759936697467,0.0,0.14874366184383603,3.071228112001839,0.0031656980774455966,-46.67724777326968,0.4424094010016168,-0.75,1.023042132317847,-0.14481243944128327,-0.20949147038211652,-0.1029567328258191,-0.8011089764692587,-0.8015501309749072,1.1501983791594745,0.06313140867751843,0.13519168924809205,Luxury Goods,Consumer Cyclical,CTHR
2019Q3,2019,Q3,2019-05-10,2019-03-31,814084.0,7902242.0,797481.0,0.04,3752013.0,0.4748036064,42294036.0,36303890.0,18341709.0,5226541.0,5990146.0,11376031.0,-33273901.0,25414410.48,21394481.48,1.6856023567303302,3.5093399248183452,0.0,0.0,0.02243810901490438,1.6856023567303302,0.0224241534447135,3.2161012634135986,7.804603235046997,0.700046482071205,0.0,0.36482223017852183,0.0,0.18684057487443384,1.2544254412239375,0.019248198493045213,15.541757620010348,0.4748036063689267,-0.20000000000000004,1.7179105220670259,0.22132726345274809,-0.3999974592318532,-0.21723050770937655,-0.3156456351691585,-0.33251671049702114,1.5993264956783573,-0.3324067373860717,-0.0660726705384469,Luxury Goods,Consumer Cyclical,CTHR
2019Q2,2019,Q2,2019-02-08,2018-12-31,1189565.0,10139461.0,1194758.0,0.05,4793254.0,0.4727326236,41752126.0,35363235.0,18600410.0,5592618.0,6388891.0,11318267.0,-34087985.0,18248283.65,15444662.649999999,1.6472096952526272,3.325886016173463,0.0,0.0,0.033650464944280124,1.6472096952526272,0.033638466616529854,1.7997291621319909,3.835074932853606,0.516024160402746,0.0,0.4723520835831139,0.0,0.24284897492405536,1.0327798179671845,0.02849112402084627,23.24859049329868,0.4727326235585896,4.0,9.635290629005071,0.10444980371597375,-0.42239136470750993,0.6079575760544094,9.823771871559465,9.383962870899895,1.6076878942517154,0.15994205178548715,-0.1153002837548042,Luxury Goods,Consumer Cyclical,CTHR
2019Q1,2019,Q1,2018-11-02,2018-09-30,109903.0,6594706.0,115058.0,0.01,2980958.0,0.4520228802,39712804.0,34001763.0,16076012.0,4880816.0,5711041.0,10782176.0,-35277551.0,18880379.76,16793814.76,1.5847960592080803,3.29371400192099,0.0,0.0,0.003243210367392216,1.5847960592080803,0.003232273573579111,2.8629600409783245,42.947826173989796,0.5552764943394258,0.0,0.335159433494686,0.0,0.16605994379042086,0.854900287165097,0.0027674449781989706,-16.059456013881626,0.4520228801708522,1.3076923076923077,1.0846267640118745,-0.10356780218756383,-0.4403925073049142,0.3442513393098721,1.1575056035495834,1.1127533220963506,1.0535972701006218,-0.029911519715917358,-0.18033764023479085,Luxury Goods,Consumer Cyclical,CTHR
2018Q4,2018,Q4,2018-06-30,2018-06-30,-697772.0,6400298.0,-1020440.0,-0.0325,2217560.0,0.3464776171,39472507.0,33818433.0,17054961.0,4789897.0,5654074.0,10979891.0,-35387454.0,22942055.110000003,19548869.110000003,1.577265991930572,3.5606112198237247,0.0,0.0,-0.020629675345905298,1.577265991930572,-0.020632889761627925,3.5845292062963323,-8.219753411572835,0.6783890640349894,,0.38094531175218405,,0.1621457182843745,1.0770394436456567,-0.017677417854406866,0.0,0.3464776171359521,-0.20370370370370375,-0.31160600529636656,-0.09188481067689833,-0.45346720271492297,-0.16230042135054296,-0.2071052185435963,-0.780412738071144,0.836567461439153,-0.18848610929256276,-0.22253825300811075,Luxury Goods,Consumer Cyclical,CTHR
2018Q3,2018,Q3,2018-05-09,2018-03-31,-578054.0,6762750.0,-573148.0,-0.027,2647202.0,0.3914386899,40013320.0,34478130.0,18734190.0,4639846.0,5535190.0,10932050.0,-34689682.0,29065125.76,24570396.76,1.6132824329468858,4.037674957315394,0.0,0.0,-0.01676175141129305,1.6132824329468858,-0.016765816475545512,4.297826440427341,-12.57024679355216,0.8430018031720398,0.0,0.37646626204600236,0.0,0.16901246884787366,1.5153748637347015,-0.014446539302412296,-292.7650210519954,0.3914386898820746,-1.9,-2.7361671479384486,-0.043680684388905815,-0.4452157636949259,-0.26683871239338536,-1.8457400192248887,-2.1344455814561094,0.6761633940076098,-0.24045000473761036,-0.2755569425412373,Luxury Goods,Consumer Cyclical,CTHR
2018Q2,2018,Q2,2018-03-09,2017-12-31,683489.0,8536982.0,505223.0,0.03,3610668.0,0.4229443145,41230707.0,34858626.0,20149973.0,5446963.0,6372081.0,11208658.0,-34111628.0,28650007.8,24056000.8,1.642552610404525,3.699304181063833,0.0,0.0,0.014398540249586322,1.642552610404525,0.019607456702395557,3.3559878420734637,10.479322929849639,0.821891482469791,0.0,0.4395097075849758,0.0,0.20705398042289208,1.4634683584228496,0.016577183602502862,-53.66184952584665,0.4229443145130211,4.658536585365853,-0.844866050560467,-0.028178846662603705,-0.4295427869212767,0.3249161072286305,4.91596720503727,3.9714280673069573,1.2364085869707633,0.13618105835108554,-0.27317052531025604,Luxury Goods,Consumer Cyclical,CTHR
2018Q1,2018,Q1,2017-11-03,2017-09-30,-174539.0,6208808.0,-170027.0,-0.0082,2725205.0,0.438925636,40770080.0,34056844.0,19592302.0,5758083.0,6713236.0,11115715.0,-34795117.0,18460067.16,13332161.16,1.6050566892953817,3.4025737385167947,0.0,0.0,-0.005124781012184336,1.6050566892953817,-0.005124931717102149,2.9732063159305295,-26.441178132108007,0.5420369297871523,0.0,0.31339441502413473,0.0,0.15228834478617653,1.344213690563335,-0.004281056107812395,-15.897336956006907,0.43892563596748363,0.5684210526315789,-2.3067210894850563,0.13201503751272076,-0.39737494011307134,-0.02730514907702664,0.5666652597813701,0.5729917474923527,0.9453734608814314,0.31733038465726904,-0.32482866888019785,Luxury Goods,Consumer Cyclical,CTHR
2017Q4,2017,Q4,2017-08-04,2017-06-30,-402781.0,6641792.0,-398182.0,-0.019,2801706.0,0.4218298315,39639500.0,34112280.0,19027690.0,4542033.0,5527220.0,10102334.0,-34620578.0,19517551.6,13228440.600000001,1.607952587659612,4.189245212441213,0.0,0.0,-0.011804779947210896,1.607952587659612,-0.011807507443067423,2.938597233999499,-12.114245458450124,0.5721561736711824,0.0,0.38011869336333565,0.0,0.16755488843199334,1.8233123801610425,-0.01016110193115453,-57.3243094961172,0.4218298314671703,0.2830188679245283,-1.6771197725879956,0.21092462802556858,-0.39402961368169903,0.1554536992626508,0.2802932568087684,0.2701380971409089,0.9378926261227005,-0.19103600360621245,-0.3609184445069498,Luxury Goods,Consumer Cyclical,CTHR
2017Q3,2017,Q3,2017-05-05,2017-03-31,-559646.0,5645382.0,-545558.0,-0.0265,2424767.0,0.4295133615,39968518.0,34341268.0,18980855.0,4614739.0,5627250.0,9498212.0,-34217797.0,20273601.599999998,13644014.599999998,1.626135204314166,4.1130939366235015,0.0,0.0,-0.016296602676406705,1.626135204314166,-0.016296602676406705,3.5911833069932197,-9.056439963834281,0.5903568150133536,0.0,0.33907592292107186,0.0,0.14124571744191267,1.9208178404022416,-0.014002170408219789,-25.415516381132424,0.4295133615404591,0.4814090019569472,-0.3728438620082283,0.24566870928956236,-0.3800670799290076,0.267898432883818,0.47834800164797164,0.4888543684954147,0.4966699478016795,-0.11015693806730609,-0.4211652289608638,Luxury Goods,Consumer Cyclical,CTHR
2017Q2,2017,Q2,2017-03-10,2016-12-31,-1072834.0,6034880.0,-1067324.0,-0.0511,1912430.0,0.3168961106,40505776.0,34868621.0,20674188.0,4608256.0,5637155.0,9770206.0,-33658151.0,23109271.900000002,15681998.900000002,1.6597443340480147,4.486336696572413,0.0,0.0,-0.030707532320051602,1.6597443340480147,-0.030767893000414326,3.829284409963413,-5.385099628647116,0.6627526766831416,0.0,0.42194094986328845,0.0,0.14898813443297568,2.3446449155602465,-0.02648595104066146,-10.264829347942928,0.3168961106103187,0.06410256410256415,-1.5529468387699688,-0.2199809452261803,-0.3670060162059202,-0.0399283923520783,0.0650113732428122,0.06669488175894284,-10.801741239896224,-0.3282475299299984,-0.41799598285093476,Luxury Goods,Consumer Cyclical,CTHR
2017Q1,2017,Q1,2016-11-04,2016-09-30,-1147430.0,5212973.0,-1143596.0,-0.0546,1991966.0,0.382117076,41308434.0,35811799.0,22534421.0,4440673.0,5496635.0,10070966.0,-32585220.0,24357315.759999998,14678986.759999998,1.7055116930503675,5.07455086199772,0.0,0.0,-0.03202630286021902,1.7055116930503675,-0.032040557359321716,4.672442339524873,-5.306928474939647,0.680147784812486,0.0,0.3198309874147128,0.0,0.1261963355957769,2.7677149387041107,-0.027777136262294524,-16.99766623400187,0.3821170759948306,-0.16417910447761205,-10.737683169077584,0.677949509907941,-0.3195550997772664,-0.24343559027843717,-0.16696974134915016,-0.3232955682866178,0.09722192361144949,-0.2759574321536604,-0.3977665979387988,Luxury Goods,Consumer Cyclical,CTHR
2016Q4,2016,Q4,2016-08-04,2016-06-30,-983256.0,6527004.0,-864203.0,-0.0469,2632910.0,0.4033872202,41833661.0,36734590.0,24384139.0,4015958.0,5099071.0,10121500.0,-31427776.0,21385581.12,10274272.120000001,1.7520815352059043,6.07181125898229,0.0,0.0,-0.023609633534428624,1.7520815352059043,-0.02676648902301618,3.2764774037215236,-5.437439771534574,0.5821646878323673,0.0,0.3847348713135405,0.0,0.1560227779251737,3.3217115318437096,-0.023503943391423476,-45.38988634265303,0.4033872202315182,-0.299168975069252,-7.838578621820293,1.0244006589357932,-0.30336640523415037,0.18100389210826492,0.24794289831439276,-0.16193017955940384,-0.8900971192080156,-0.052929563409720354,-0.3928924940963507,Luxury Goods,Consumer Cyclical,CTHR
2016Q3,2016,Q3,2016-04-29,2016-03-31,-1307422.0,11393271.0,-743765.0,-0.0361,2229383.0,0.1956754123,41768946.0,37415377.0,25401587.0,3246119.0,4353569.0,10449743.0,-30439812.0,23839981.849999998,12259819.849999998,1.804853871983967,7.8252174365758,0.0,0.0,-0.019965091956519493,1.804853871983967,-0.03494344050041244,2.0924615810507796,-4.558585875486261,0.637170697224299,0.0,0.8769486484021665,0.0,0.2727689369992721,4.3805405778408,-0.03130129259186957,4.015367187418416,0.1956754122674691,0.6041666666666666,-4.1486273118701975,2.5619644712335186,-0.28642651942804764,-0.26632234607510397,0.30455943672070773,0.6016663533618146,-5.048220221885681,0.6609373075189098,-0.37933714732028745,Luxury Goods,Consumer Cyclical,CTHR
2016Q2,2016,Q2,2016-03-08,2015-12-31,-1879991.0,8395117.0,-1867191.0,-0.0912,3038641.0,0.3619533831,44140838.0,38388777.0,20650859.0,4621335.0,5752061.0,10739798.0,-29132390.0,23092412.000000004,17818107.000000004,1.8618856375851947,4.468591651546577,0.0,0.0,-0.048723002792776575,1.8618856375851947,-0.04897241191090823,2.7506956722580522,-3.070814168791234,0.6015407055035903,0.0,0.4987501627125575,0.0,0.1901893434827857,1.746017330489999,-0.042590741027617104,-70.41314078717878,0.3619533831392701,0.04602510460251047,-5.289277408905626,1.2438095746937456,-0.26384630827102223,0.15657603910975373,0.04378761607482093,0.04872069332863262,-1.439208555344166,-0.01633224153479451,-0.35336860130977876,Luxury Goods,Consumer Cyclical,CTHR
2016Q1,2016,Q1,2015-11-12,2015-09-30,-1966081.0,6518064.0,-1962821.0,-0.0956,2627273.0,0.4030756679,45424759.0,39774156.0,22341797.0,4496600.0,5650603.0,12807883.0,-27252399.0,27152111.666,21549850.666,1.933474241347428,4.968597829471156,0.0,0.0,-0.04943068991615079,1.933474241347428,-0.04943111803554046,4.165671227836977,-3.4525677815410454,0.6826571421402381,0.0,0.3037809605225157,0.0,0.14349143822645266,1.678665436107281,-0.0432821448761016,78.01904972429666,0.4030756678670231,0.522,-4.5959167469604445,1.0326258719326584,-0.22801460618492805,1.5875922725011942,0.5142523747781367,0.5145768816621928,-16.182499135629286,0.22578422590237165,-0.2740692349045118,Luxury Goods,Consumer Cyclical,CTHR
2015Q4,2015,Q4,2015-08-07,2015-06-30,-4047536.0,7476872.0,-4043526.0,-0.2,1015335.0,0.135796761,47240276.0,41237294.0,24026830.0,4825704.0,6002982.0,13404996.0,-25286318.0,30693131.27,25438889.27,2.028737745661751,4.978927426961952,0.0,0.0,-0.09813370355885098,2.028737745661751,-0.0981523181419227,4.10507646379395,-1.8957911226731523,0.7443051736129922,0.0,0.4820245377171317,0.0,0.1582732497159839,2.013494404132537,-0.08567977037221375,-329.3007099252202,0.13579676099844962,-1.3952095808383234,-12.337187522647909,1.1159987214326543,-0.18454110885539626,-0.7126270215254839,-1.4100351841167142,-1.4119185649430324,-8.101670194577746,0.42273837749178617,-0.23545320620024843,Luxury Goods,Consumer Cyclical,CTHR
2015Q3,2015,Q3,2015-05-01,2015-03-31,-1679451.0,8377064.0,-1676477.0,-0.0835,3533161.0,0.4217660269,50946459.0,44777961.0,25096489.0,4970511.0,6168498.0,13927427.0,-21238782.0,23525779.68,18291096.68,2.226927867327541,5.049076241859237,0.0,0.0,-0.03750885886839471,2.226927867327541,-0.03750619640764795,2.808356206900174,-3.5020044764628437,0.525387470858711,0.0,0.3477959712156452,0.0,0.16442877806286793,2.0841301829932575,-0.03296501921752795,20.156309833982625,0.4217660268561873,0.4035714285714286,-6.323889640383162,1.7766811820021537,-0.09986030973032409,1.4315548165715333,0.3945930299204855,0.39317113605061743,-3.3268973337521057,0.9413443027886137,-0.15102637719347256,Luxury Goods,Consumer Cyclical,CTHR
2015Q2,2015,Q2,2015-03-13,2014-12-31,-2774086.0,7209555.0,-2762685.0,-0.14,1453046.0,0.2015444781,51426397.0,46018173.0,23441083.0,4190663.0,5408224.0,13320639.0,-19559331.0,37467993.6,33460652.6,2.2598871779459255,5.593645444646826,0.0,0.0,-0.06010166302251051,2.2598871779459255,-0.060282401911088475,5.19699115964855,-3.376607069860127,0.8141999379245239,0.0,0.4321496138436001,0.0,0.1401917190504324,1.8755962958605834,-0.053942841844432536,27.835286513761265,0.20154447812659726,0.06666666666666654,-4.8867210671535855,1.8508185190882365,-0.12061760249633442,0.15956941674626982,0.09505066123844383,0.09768840800761386,-2.475100921860914,-0.03861798034830762,-0.1381232890223145,Luxury Goods,Consumer Cyclical,CTHR
2015Q1,2015,Q1,2014-11-14,2014-09-30,-3065460.0,4521894.0,-3061786.0,-0.15,1253091.0,0.277116403,52867225.0,48394640.0,24982744.0,3374719.0,4472585.0,15833756.0,-16785245.0,43157545.96,40496265.96,2.377258356976329,7.4029108793947,0.0,0.0,-0.0633309476666885,2.377258356976329,-0.06334296525400333,9.54413039314942,-3.519663114181885,0.8917835933896813,0.0,0.20644520478905953,0.0,0.08553303109818985,1.6359522081690356,-0.05798412910834643,-61.518910671344045,0.27711640299396667,0.5161290322580645,-4.6830468605488145,0.9598039174756682,-0.08313372189841065,-0.5020829144590502,0.5050986562498436,-0.5001930494363348,-27.83339657815132,0.501289153352077,-0.051549554243574144,Luxury Goods,Consumer Cyclical,CTHR
2014Q4,2014,Q4,2014-08-06,2014-06-30,-6194083.0,7841647.0,-2040928.0,-0.31,2516666.0,0.3209358952,56527849.0,50980686.0,24654197.0,4569760.0,5547163.0,12419064.0,-13719785.0,44577057.800000004,41214244.800000004,2.516036605717841,5.395074796050558,0.0,0.0,-0.12148861968931016,2.516036605717841,-0.12149862008526131,5.684654996584264,-1.7991790633092906,0.8743910939134872,0.0,0.42877474502104185,0.0,0.13872183602811422,2.446413597212983,-0.10957577741902048,50.25099854805837,0.32093589522711236,-4.88235294117647,-3.774960698584452,4.454625792804806,-0.05377222379508906,0.04664357950535473,-4.824824100944711,-0.7469181769782128,-56.61359950366924,1.516645498042575,0.00038473665993101657,Luxury Goods,Consumer Cyclical,CTHR
2014Q3,2014,Q3,2014-05-07,2014-03-31,-1063394.0,6067553.0,-1168302.0,-0.0527,2404511.0,0.3962900695,61995315.0,56740790.0,25471180.0,4856122.0,5254525.0,12021517.0,-7525702.0,57764280.86,55288555.86,2.809325364809882,5.245168881671424,0.0,0.0,-0.018704406990588732,2.809325364809882,-0.01874126179772964,9.520193867280598,-13.580168982522,1.0180380086354102,0.0,0.30470713471519445,0.0,0.09787115365088475,2.322652725775835,-0.017152812272991917,-591.3624166666666,0.39629006948929824,-6.269999999999999,0.23605770987334354,1.221395416807245,0.018289950140003144,-0.4117697856791979,-11.135670441114797,-9.521262225104016,-3.2981801624701035,0.9470158030724096,0.11070492173577214,Luxury Goods,Consumer Cyclical,CTHR
2014Q2,2014,Q2,2014-03-27,2013-12-31,104916.0,8611361.0,-111042.0,0.01,4087704.0,0.4746873346,62323852.0,57427673.0,28042032.0,4500737.0,4896179.0,13074428.0,-6462308.0,101694481.05,99121076.05,2.8517747045428283,6.230542242303872,0.0,0.0,0.0017648595115869576,2.8517747045428283,0.0018269241032977256,11.809338970924573,242.32357564623126,1.7708271245815583,0.0,0.34599272717705126,0.0,0.13817119326963295,1.7960742873889322,0.0016834004419367403,-23.540699738399326,0.4746873345572204,1.165289256198347,1.0764745766006456,1.2318798450260087,0.006921573796920824,0.33890289139460045,1.0866571625387584,0.9014785930076259,-0.754915775468267,1.3565480958295377,0.1275367478806591,Luxury Goods,Consumer Cyclical,CTHR
2014Q1,2014,Q1,2013-10-31,2013-09-30,-1210702.0,6858252.0,-1127085.0,-0.0605,3053025.0,0.4451608077,63188175.0,56643928.0,29444048.0,6151746.0,6544247.0,11469778.0,-6567224.0,140210816.43,134011013.43,2.8319779129040192,4.7862912415434575,0.0,0.0,-0.021467866200293645,2.8319779129040192,-0.02137390613165104,20.444103895569892,-28.952379782555905,2.475301791041045,0.0,0.3317611727097072,0.0,0.10853695331444531,1.9842683686875238,-0.01916026218513195,-42.49738546974326,0.4451608077393482,-1.439516129032258,0.6446011282294454,0.5102594085251665,-0.02476994819937087,-0.02246424723479397,-1.4628538299581963,-0.47667436610639374,-3.277427518310221,1.1996386875673488,0.13073426974915983,Luxury Goods,Consumer Cyclical,CTHR
2013Q4,2013,Q4,2013-08-13,2013-06-30,-491585.0,6512500.0,-763259.0,-0.0248,3123185.0,0.4795677543,60951728.0,57177575.0,29004970.0,3384613.0,3774153.0,9031685.0,-5356522.0,82023323.58,72752104.58,2.885949388153286,8.569656264985095,0.0,0.0,-0.007705892410227339,2.885949388153286,-0.00859751397291683,12.59475218119002,-41.71370341853392,1.4345365920118156,0.0,0.3752693987888196,0.0,0.10684684772185622,5.2095631021921855,-0.008065152804199414,-24.30754273206658,0.47956775431861803,-2.2399999999999998,0.581595682513726,0.6424741736068647,-0.0683542997415688,-0.13797895501526872,-2.605054967300415,-2.46350812134367,-2.412669147201748,0.8909080867172021,0.1600183872929731,Luxury Goods,Consumer Cyclical,CTHR
2013Q3,2013,Q3,2013-05-10,2013-03-31,306273.0,6505074.0,521527.0,0.02,3623096.0,0.5569646095,60797892.0,57167793.0,31274639.0,3241981.0,3630099.0,8466603.0,-4864937.0,76474163.52,63832946.519999996,2.9079456973967566,9.646768133434465,0.0,0.0,0.005288865412571054,2.9079456973967566,0.0053574396338861635,11.756078950062674,62.423200478004915,1.3377141132595411,0.0,0.3403936620153325,0.0,0.1069950583155087,6.355694866811373,0.00503755952591251,99.14005965969858,0.556964609472544,-0.9047619047619048,1.4040828372297542,0.7601416351923037,-0.08079438514932871,-0.07786689769862241,-0.924957054156479,0.5928817296914276,-0.0069675296719458185,1.2053598042064222,0.17541182082246465,Luxury Goods,Consumer Cyclical,CTHR
2013Q2,2013,Q2,2013-03-29,2012-12-31,4081303.0,8137522.0,327411.0,0.21,3929038.0,0.4828297853,59876691.0,56605854.0,30896570.0,2887107.0,3270837.0,8442430.0,-5171210.0,77063938.56,65203096.56,2.8793616291391375,10.70156734752124,0.0,0.0,0.06965199498544647,2.8793616291391375,0.07210036968967909,9.470197261525069,4.720547491818176,1.3614128771911116,0.0,0.49849202184679053,0.0,0.13590467115158383,7.831591278051004,0.06816179938868032,181.2343781175259,0.4828297852835298,19.999999999999996,4.300544040077841,-0.04959212190366923,-0.09973517636700886,0.3168650268297343,32.01357330637007,1.947444703509988,9.970772770271276,2.3329651150946047,0.12043643480197759,Luxury Goods,Consumer Cyclical,CTHR
2013Q1,2013,Q1,2012-11-13,2012-09-30,123625.0,5076364.0,111083.0,0.01,2983630.0,0.5877494206,54334619.0,52306292.0,24231187.0,1642450.0,2028327.0,6879156.0,-9252513.0,71877312.60000001,61193987.60000001,2.6634416590583547,14.753074370604889,0.0,0.0,0.002071342913360837,2.6634416590583547,0.0023634823894609085,14.159211711374521,145.35351385237615,1.374161880945413,0.0,0.30421377273607403,0.0,0.09342780152742029,12.010167737221833,0.002275252910119789,164.87891131807132,0.5877494206483223,-0.6666666666666666,-0.5370559237847963,-0.28759074147240143,-0.18623268338003077,-0.12643596719395409,-0.7746421618310815,-0.7934868692577404,1.2375757031385841,1.28063158430617,0.02724208907087336,Luxury Goods,Consumer Cyclical,CTHR
2012Q4,2012,Q4,2012-08-13,2012-06-30,548572.0,5058227.0,537898.0,0.03,3415468.0,0.6752302734,53688958.0,51914599.0,23111174.0,1391207.0,1774359.0,6869237.0,-9376138.0,73757980.27,63546774.269999996,2.6535167789783625,16.61231865567094,0.0,0.0,0.01023025632702435,2.6535167789783625,0.010566815704384041,14.581785331105147,33.613627869267845,1.4207560434012019,0.0,0.23914722988885082,0.0,0.09421354387246629,11.246751202373192,0.01021759446327865,85.6183474718912,0.6752302733744452,2.55440414507772,-0.042619333628973605,-0.38412079044635955,-0.1857850078390948,0.5880734589080109,2.459565886027788,1.7504136428190769,1.4379731346832827,2.643988880938703,-0.0020688589390541598,Luxury Goods,Consumer Cyclical,CTHR
2012Q3,2012,Q3,2012-05-14,2012-03-31,-375846.0,4178385.0,-716802.0,-0.0193,2150699.0,0.514720161,53476363.0,51072757.0,20434535.0,2023159.0,2403606.0,7202319.0,-9924710.0,89953760.82000001,83117477.82000001,2.6230825169406184,10.100310949361864,0.0,0.0,-0.007607242009150348,2.6230825169406184,-0.007359030960478598,21.528356247689,-59.83418795198033,1.7612865665348751,0.0,0.2815323786685927,0.0,0.0781351753484058,6.323130312545875,-0.007028264057523882,3199.2659536934952,0.5147201610191497,-1.2088744588744589,-2.02333225268442,-0.33227031201681295,-0.20730330502699737,-0.47601131057898743,-1.2090147866258032,-1.4211690935136145,0.7199134414284544,0.5868531373661717,-0.04921708291722304,Luxury Goods,Consumer Cyclical,CTHR
2012Q2,2012,Q2,2012-03-29,2011-12-31,1798179.0,7170463.0,1701934.0,0.0924,4104476.0,0.5724143615,53649320.0,51052729.0,20047895.0,1854946.0,2596591.0,6849592.0,-9548864.0,50039213.269999996,43337512.269999996,2.622053884461481,10.807805186781717,0.0,0.0,0.032891841107602744,2.622053884461481,0.03522199567431547,6.978519137467134,6.956928824939007,0.9801476679140894,0.0,0.4476160039897267,0.0,0.1336543128598834,8.000638832612918,0.0335172747762693,46.293341267961615,0.5724143615272821,8.24,0.31954817843438416,-0.45167446091303004,-0.20438405540091592,0.981115937831837,15.398513519675346,12.041983222282056,2.3556167767187213,0.9220950944979334,-0.07418961963703284,Luxury Goods,Consumer Cyclical,CTHR
2012Q1,2012,Q1,2011-11-14,2011-09-30,109655.0,2891109.0,-154133.0,0.01,2071800.0,0.716610823,50971556.0,48976873.0,13575534.0,1265542.0,1994683.0,5448380.0,-11347043.0,43770079.36000001,39380412.36000001,2.5064655381972787,10.727051334527024,0.0,0.0,0.002584424952843819,2.5064655381972787,0.0022389138645090715,15.1395465753799,99.79043217363551,0.8936887285556185,0.0,0.15037662571259713,0.0,0.05672004598015411,8.182445940158447,0.002151297872876394,303.72476327275507,0.7166108230440291,2.8867924528301887,-0.9543601882906046,-0.7786168887235497,-0.2314853534886798,0.2203964904323342,2.0613759993805294,-7.243728940471733,1.0329489370558433,-0.34831644587288635,-0.13686455479941864,Luxury Goods,Consumer Cyclical,CTHR
2011Q4,2011,Q4,2011-08-12,2011-06-30,-103314.0,2994280.0,-18697.0,-0.0053,1697645.0,0.5669626755,51339541.0,48971768.0,15527616.0,1395450.0,2367773.0,4883809.0,-11456698.0,53156763.66,47098067.66,2.5150689664841797,11.127318069439966,0.0,0.0,-0.0004381931765907495,2.5150689664841797,-0.0021096644907735414,17.752769834484415,-128.6291394680295,1.085457312057837,0.0,0.26549666459110094,0.0,0.05832307694375374,7.335650148697553,-0.0020123670369394226,91.66350008277118,0.5669626755012891,0.5655737704918034,-1.0881670569195308,-0.6710931787408212,-0.19132133574115845,0.029477846134254276,0.5629473577338951,0.918627322975149,0.9105257950421294,-0.23160530213231467,-0.18808236967115283,Luxury Goods,Consumer Cyclical,CTHR
2011Q3,2011,Q3,2011-05-12,2011-03-31,-236388.0,2977556.0,-229770.0,-0.0122,1649035.0,0.5538216578,50966415.0,48810417.0,18459552.0,1196973.0,2155998.0,6164918.0,-11353384.0,72559957.36,64586826.36,2.52931747202449,15.421861646002041,0.0,0.0,-0.005181082201551863,2.52931747202449,-0.004842982595293132,24.368964802005404,-76.73819880873818,1.4865670448994526,0.0,0.21549694578257164,0.0,0.05842192353533204,10.024093275286912,-0.004638113157458691,339.7797113556544,0.5538216577622721,-1.5727699530516432,-1.1471603544126188,-0.6475659593390389,-0.22265072354159987,-0.2584550740787208,-1.5762300356871233,-1.4505276449896274,0.6822810792268756,-0.17924927886890887,-0.2004792853916894,Luxury Goods,Consumer Cyclical,CTHR
2011Q2,2011,Q2,2011-03-31,2010-12-31,410232.0,3501859.0,510002.0,0.0213,2223783.0,0.6350292802,50910451.0,48808300.0,18184390.0,1164737.0,2102151.0,6306875.0,-11116996.0,58279540.22,50543496.22,2.5292077707472345,15.612442980690062,0.0,0.0,0.008464112890303441,2.5292077707472345,0.008404963909826813,16.642457683190557,35.516208035940636,1.1940497870239284,0.0,0.2026480626300664,0.0,0.06878467841504685,11.859258356178263,0.0080579132956414,123.90358961820895,0.6350292801623366,-0.29,-0.5597784643015019,-0.7153205757676058,-0.20100518925539648,0.16245358095731957,-0.19869050223458448,0.9197979326492355,1.337965359079502,-0.5833489625774989,-0.20921472154794704,Luxury Goods,Consumer Cyclical,CTHR
2011Q1,2011,Q1,2010-11-12,2010-09-30,511952.0,3002608.0,265654.0,0.03,1913008.0,0.6371154676,50237041.0,48242450.0,14164265.0,1050940.0,1994591.0,6399344.0,-11527228.0,42376270.2,38374279.2,2.5045476984899913,13.477710430662073,0.0,0.0,0.009605598274665852,2.5045476984899913,0.010612064685769484,14.113154364472486,20.693478197174738,0.8784021168079151,0.0,0.17026745241387242,0.0,0.05976880684513246,7.118213218642358,0.010190727594804001,247.98702137744982,0.6371154676201489,0.4999999999999999,-0.7848686380032973,-0.7511120025745119,-0.18238136765623156,-0.008477918900778236,0.5222395670725362,-0.17895257375098514,0.9546192338638544,-0.5703783743244284,-0.23477991229307205,Luxury Goods,Consumer Cyclical,CTHR
2010Q4,2010,Q4,2010-08-13,2010-06-30,336315.0,3328629.0,323555.0,0.02,1929365.0,0.5796275283,49783579.0,47637497.0,13083363.0,1096998.0,2146082.0,7084120.0,-12039180.0,53423126.46,50354753.46,2.4878479684170847,11.926514907046322,0.0,0.0,0.0064479379377969555,2.4878479684170847,0.007059879741372642,16.049588722564156,39.71211993220641,1.121451163985379,0.0,0.1975212164672535,0.0,0.0668619867607349,5.176537240724231,0.006755540817987393,443.5221205127354,0.5796275283307332,0.0,-0.5741204776068655,-0.6647325857545738,-0.14510120629169046,0.07503841880565712,0.12711765001591904,1.2693829169413777,-0.4002920274847736,-0.5859000393261069,-0.23661944399607723,Luxury Goods,Consumer Cyclical,CTHR
2010Q3,2010,Q3,2010-05-14,2010-03-31,298385.0,2853675.0,142574.0,0.02,1794694.0,0.6289062349,48894025.0,47053626.0,9025907.0,809262.0,1840399.0,4280353.0,-12375495.0,34805505.660000004,32019532.660000004,2.473980307056973,11.15325691803149,0.0,0.0,0.005368223167708852,2.473980307056973,0.006341381639748656,12.196730762963549,29.161574526199374,0.7396986931464112,0.0,0.24740506215258415,0.0,0.05836449341202734,5.60207448267681,0.00610268841642716,80.22881340070259,0.6289062349426616,1.8658008658008658,-0.8616968850698196,-0.7627909872139914,-0.11360810477469684,0.22077314303710763,1.6779166193343178,1.489227147793444,-0.16830477437092808,-0.5331501383841721,-0.2523620586973885,Luxury Goods,Consumer Cyclical,CTHR
2010Q2,2010,Q2,2010-03-29,2009-12-31,-440150.0,2362072.0,-291427.0,-0.0231,1470129.0,0.62238958,50532199.0,48877147.0,12162621.0,596393.0,1655052.0,3470136.0,-10441039.0,22062506.32,14656821.32,2.5698571910936,20.393634734143426,0.0,0.0,-0.0061804064708015916,2.5698571910936,-0.009005231013176771,9.34031914353161,-12.531242939906848,0.4513869502244065,0.0,0.25703401826326117,0.0,0.046743898875249816,18.786301985435777,-0.00871028787011624,43.858615409999665,0.6223895799958681,0.12830188679245283,-1.8820129928519953,-0.7473346418568024,-0.035508092752790696,0.13430015577898366,0.12225949132330126,0.40638252799765345,-1.3306538074836334,-0.8150880841188621,-0.22022222018652052,Luxury Goods,Consumer Cyclical,CTHR
2010Q1,2010,Q1,2009-11-16,2009-09-30,-501458.0,2145003.0,-490934.0,-0.0265,1296067.0,0.6042261946,53108359.0,49069475.0,12459955.0,824666.0,4038884.0,2969990.0,-10000889.0,10787377.68,3992162.6799999997,2.59280814853235,15.109092650842888,0.0,0.0,-0.010361729284509548,2.59280814853235,-0.01021934716032727,5.029073469827315,-5.378006572833617,0.21983886479323447,0.0,0.28583799945454363,0.0,0.04038917866018041,12.330624762024868,-0.009442167098403474,-44.48384823155369,0.6042261945554388,0.5859375000000001,-2.524104096019908,-0.6198197313712023,-0.012243469650036209,0.9328330497365607,0.5790527852418571,0.5846698019429237,-1.2154955250944546,-0.8304115729481916,-0.2050115960604221,Luxury Goods,Consumer Cyclical,CTHR
2009Q4,2009,Q4,2009-08-14,2009-06-30,-1191261.0,1320207.0,-1182033.0,-0.064,670553.0,0.5079150467,53647256.0,49477721.0,12803300.0,972585.0,4169535.0,3522001.0,-9499431.0,9489833.67,2452117.67,2.659017911954615,13.164196445554888,0.0,0.0,-0.024252902957112275,2.659017911954615,-0.02407671525533684,7.18814070066285,-1.991552159854138,0.19180013707583662,0.0,0.1844559385417551,0.0,0.024609031261542996,7.61037852732666,-0.022205441411579374,7.184918878648454,0.5079150466555623,0.07111756168359944,-4.861802741323559,-0.7170919827721939,0.026982332378364688,-0.522016510333393,0.059407027240426374,0.05411556272551152,-2.0638038357645354,-0.8482495587342984,-0.14503694255124605,Luxury Goods,Consumer Cyclical,CTHR
2009Q3,2009,Q3,2009-05-14,2009-03-31,-1266500.0,2485188.0,-1249659.0,-0.0689,1402879.0,0.5644961267,55426183.0,50698541.0,18202626.0,1548507.0,4727642.0,7522094.0,-8308170.0,6431805.8,604411.7999999998,2.7588658460428017,11.754952350877328,0.0,0.0,-0.025187813155843897,2.7588658460428017,-0.024980995015221445,2.588056034392569,-1.2696024082116066,0.12686372572338916,0.0,0.14388400357666362,0.0,0.0448377980493443,5.689165111943311,-0.022850211424445373,26.771304058272634,0.564496126651183,-0.011747430249633026,-3.153129481739044,-0.5837950150353107,0.07020212425442966,-0.3492110765199876,-0.011629950317107849,-2.8781612443132545,-1.8279705472693752,-0.6910974779565336,-0.15210233867929457,Luxury Goods,Consumer Cyclical,CTHR
2009Q2,2009,Q2,2009-03-31,2008-12-31,-1251940.0,3520950.0,665363.0,-0.0681,2155659.0,0.6122378903,58027449.0,52045651.0,21584529.0,2827688.0,5981798.0,8291847.0,-7041670.0,3675317.6,-1911826.4,2.8321716196717257,7.6332781410113135,0.0,0.0,-0.02334363792325221,2.8321716196717257,-0.024054651559647127,1.0438425992984848,-0.7339244692237649,0.07061718951310648,0.0,0.1646546300239259,0.0,0.06067731841873662,2.364168889919963,-0.021574961877093717,1.8891970398455054,0.6122378903420952,0.5994117647058824,-264.42964690732964,-0.30439082466352996,0.11364608906569472,-0.18424951382132465,0.5990729558866245,1.1369991321258592,-2.4108133512428513,-0.6994189644250853,-0.10529674413134726,Luxury Goods,Consumer Cyclical,CTHR
2009Q1,2009,Q1,2008-11-12,2008-09-30,-3122613.0,4162544.0,-4856695.0,-0.17,2642547.0,0.6348394155,56549186.0,53240636.0,15231712.0,2551464.0,3308550.0,3915100.0,-5789730.0,11000481.6,6861963.6,2.9039075525566083,5.969793028629837,0.0,0.0,-0.058911667632130085,2.9039075525566083,-0.05865093347119294,2.6427304071740743,-0.8807112504815678,0.20661814783730229,0.0,0.38823963628004393,0.0,0.07360926468508318,1.9820193426205504,-0.05521941553676829,-34.63758580299004,0.6348394155112835,-1.8667790893760543,-701.702955039457,0.04026460615335606,0.1388651182221512,0.26487705900851677,-1.8953564706209607,-2.03664713594992,-2.378580864429861,-0.6375035540795683,-0.05200890244352354,Luxury Goods,Consumer Cyclical,CTHR
2008Q4,2008,Q4,2008-08-08,2008-06-30,-1078490.0,3639677.0,-1599361.0,-0.0593,2089173.0,0.573999561,59571064.0,56336337.0,25514554.0,2360901.0,3234727.0,11479594.0,-2669261.0,20368952.8,15913231.8,3.097689805633994,10.807125754108283,0.0,0.0,-0.01946215419279981,3.097689805633994,-0.01914377216253872,5.596362754167472,-4.721636918283897,0.3615597655914335,0.0,0.1350661007697659,0.0,0.061098069357968826,5.218688543060467,-0.018104259477386538,-24.300217723010995,0.5739995609500513,-0.5362694300518134,-3.0486947348154545,-0.19466170919593273,0.21932745944228663,-0.07015456676974678,-0.5449264774346964,-0.44140337026602716,-2.4379078718028127,-0.6140214105057921,0.06445864527806228,Luxury Goods,Consumer Cyclical,CTHR
2008Q3,2008,Q3,2008-05-07,2008-03-31,-698085.0,3403883.0,-1109586.0,-0.0386,2246796.0,0.6600685159,60773376.0,57280758.0,28715576.0,2604367.0,3492618.0,13404583.0,-1590771.0,22271026.98,16978347.98,3.1635421394474013,11.025932981027635,0.0,0.0,-0.012744831053399963,3.1635421394474013,-0.01218707685397599,6.54282975648693,-7.975757601151722,0.38880468341567687,0.0,0.08632025330441088,0.0,0.056009444003900656,5.232700690801258,-0.011486691145807006,-12.681062347294766,0.6600685158684949,0.3863275039745627,-2.2642648527822353,-0.24943147167063545,0.25734682628516115,-0.5849687793187439,0.3870500678728661,0.3512755990954226,-1.339879527709545,-0.7027902689566251,0.13345207502709372,Luxury Goods,Consumer Cyclical,CTHR
2008Q2,2008,Q2,2008-03-11,2007-12-31,-1138894.0,7885916.0,-1710412.0,-0.0629,5413559.0,0.686484487,63150751.0,57911000.0,34814710.0,4328145.0,5239751.0,16189243.0,-892686.0,39834357.2,32785948.200000003,3.1983495895347347,8.043794743475553,0.0,0.0,-0.02048404421794695,3.1983495895347347,-0.019666281017423286,5.051329129044743,-8.744087948483354,0.6878547633437516,0.0,0.1527160349622277,0.0,0.1248744611129011,3.0087330715583698,-0.01803452820378969,33.287976942470664,0.6864844870272522,-7.289999999999999,-1.0713308066373823,0.4887923555762985,0.2763712585519893,0.11224684769236205,-5.6257392123732775,-4.054896301429562,-3.397283006445066,-0.113933244986416,0.2003710970184143,Luxury Goods,Consumer Cyclical,CTHR
2008Q1,2008,Q1,2007-11-08,2007-09-30,246208.0,6569731.0,559892.0,0.01,4867228.0,0.740856513,64538028.0,59262242.0,38333825.0,4362475.0,5275786.0,18398241.0,246208.0,70615451.39999999,64302208.39999999,3.272976936602858,8.787173565464558,0.0,0.0,0.003535476827500088,3.272976936602858,0.004154550885874348,10.748606206251061,71.7030431586301,1.1915757658982933,0.0,0.09253618321447142,0.0,0.10179627738238299,2.378183714519854,0.003814929083361518,-21.494146835603317,0.7408565129987819,-0.6666666666666666,-0.7919214749812352,0.9984646585546372,0.6082590332936995,-0.11474653690590125,-0.5345590931948021,-0.3699748616490488,-0.2178534711393419,0.21706886594491256,0.24687372054282775,Luxury Goods,Consumer Cyclical,CTHR
2007Q4,2007,Q4,2007-08-06,2007-06-30,528978.0,7582133.0,888682.0,0.03,5498118.0,0.725141329,63892547.0,58862545.0,43834733.0,4017099.0,5030002.0,22116568.0,0.0,89043702.78999999,80458028.78999999,3.2589878650305844,10.912037019749825,0.015853226198667584,0.017207937577282804,0.007535666762749109,3.2589878650305844,0.008986665459334115,11.743885630864032,42.082895125128076,1.5127396001990738,0.0,0.09422867960345384,0.0,0.11867006960921436,5.101188942567759,0.008279181607832914,-20.28957996346022,0.7251413289637626,0.4999999999999999,-0.5968660318390469,0.8084940037933674,0.6217170470521898,0.24081717951021045,0.5591009301941736,0.5132065576450235,0.7666597118125801,0.6738893814157116,0.2587064358515774,Luxury Goods,Consumer Cyclical,CTHR
2007Q3,2007,Q3,2007-05-04,2007-03-31,339284.0,5780666.0,587284.0,0.02,4431046.0,0.7665286318,64746339.0,59518553.0,48050711.0,4272853.0,5227786.0,23100793.0,912865.0,112955427.24000001,97642573.24000001,3.3090620076698496,11.245580177927955,0.0,0.0,0.004411311889759888,3.3090620076698496,0.005700474606632322,19.54020994120747,83.23073534266278,1.8978187732487382,0.0,0.05842310261816553,0.0,0.08928174301870566,5.553223572165951,0.005240203619852545,81.66097988467523,0.766528631822008,-0.7142857142857143,-0.6690320443531612,0.3593128893049338,0.6779592858208937,-0.5229548800315572,-0.7304833496311348,-0.6963093313090185,-0.4106873646195926,-0.010892883655508088,0.2836308061073294,Luxury Goods,Consumer Cyclical,CTHR
2007Q2,2007,Q2,2007-03-09,2006-12-31,1258861.0,12080331.0,1933823.0,0.07,9288526.0,0.768896647,66001973.0,59276915.0,52543937.0,6725058.0,6725058.0,22700757.0,975184.0,,,,,,,,,,,,,,,,,,,,,,,,,,,,,,,Luxury Goods,Consumer Cyclical,CTHR
2007Q1,2007,Q1,2006-11-08,2006-09-30,2226431.0,12101651.0,3488358.0,0.12,8334415.0,0.6887006575,64005235.0,59055935.0,62585223.0,4949300.0,4949300.0,32562691.0,-283677.0,,,,,,,,,,,,,,,,,,,,,,,,,,,,,,,Luxury Goods,Consumer Cyclical,CTHR
