Quarters,Year,Quarter,FillingDate,Date,NetIncome,Revenue,OperatingIncome,EPSDiluted,GrossProfit,GrossProfitRatio,TotalAssets,CommonStockEquity,CurrentAssets,CurrentLiability,TotalLiability,Inventory,RetainedEarnings,MarketCap,EnterpriseValue,bookValuePerShare,currentRatio,debtToAssets,debtToEquity,roic,shareholdersEquityPerShare,roe,priceToSalesRatio,peRatio,pbRatio,payoutRatio,inventoryTurnover,dividendYield,assetTurnover,quickRatio,returnOnAssets,priceToFreeCashFlowsRatio,grossProfitMargin,epsdilutedGrowth,fiveYNetIncomeGrowthPerShare,fiveYRevenueGrowthPerShare,fiveYShareholdersEquityGrowthPerShare,grossProfitGrowth,netIncomeGrowth,operatingIncomeGrowth,threeYNetIncomeGrowthPerShare,threeYRevenueGrowthPerShare,threeYShareholdersEquityGrowthPerShare,Industry,Sector,Symbol
2024Q1,2024,Q1,2023-07-07,2023-05-31,-8252000.0,286652000.0,93255000.0,0.0,50936000.0,0.1776928122,2205977000.0,871373000.0,408489000.0,180107000.0,1334604000.0,0.0,526729000.0,0.0,1063951000.0,0.0,2.268035112460926,0.48406171052554037,1.2254556888955705,-0.13650593032001407,0.0,-0.009470112110428025,0.0,0.0,0.0,-0.4362578768783325,0.0,,0.12994333123146795,0.9679690406258502,-0.0037407461637179356,0.0,0.17769281219039113,-1.0,-1.0,-1.0,-1.0,-0.1684325665681681,-2.111081190251784,1.3119947119540347,-1.0,-1.0,-1.0,Metal Fabrication,Industrials,AZZ
2023Q4,2023,Q4,2023-04-25,2023-02-28,7427000.0,336504000.0,19667000.0,0.29,61253000.0,0.1820275539,2221479000.0,853460000.0,417416000.0,187240000.0,1368019000.0,143920000.0,506042000.0,1032103500.0,2087403500.0,33.614021268215836,2.2293099765007476,0.47919561697409696,1.247302744123919,0.006597130950802468,33.614021268215836,0.00870222388864153,3.0671359032879253,34.74160158879763,1.209316781102805,1.3565369597414838,1.9125277932184548,0.009761617899755208,0.1514774616370445,1.4179929502243112,0.0033432681560347857,-36.24595258999122,0.18202755390723438,-0.6081081081081081,-0.6785530355734821,0.7047192913562479,0.534978036900567,-0.16185928135519007,-0.5972124301751722,-0.21554784412269157,1.713455472063231,0.40215210878501917,0.37550060187615314,Metal Fabrication,Industrials,AZZ
2023Q3,2023,Q3,2023-01-09,2022-11-30,18439000.0,373301000.0,25071000.0,0.74,73082000.0,0.1957723124,2199474000.0,852513000.0,406634000.0,220755000.0,1346961000.0,141446000.0,512815000.0,1035213210.0000001,2080643210.0,34.282905054892026,1.8420149033996964,0.47680490881001547,1.2301513290706418,0.011490229300865748,34.282905054892026,0.021628995686869292,2.7731326998856156,14.035647404956885,1.2143078287369224,0.23027279136612613,2.122499045572162,0.004101570535406904,0.16972285191823136,1.1559919367624742,0.008383368023445605,-149.96569752281619,0.19577231242348667,-0.13953488372093023,116.98296552115085,0.8725394645010549,0.6369895503852165,-0.28037024272561667,-0.26596337579617835,-0.6091267675901529,-0.11719368871303894,0.3526950076981164,0.3767889303215456,Metal Fabrication,Industrials,AZZ
2023Q2,2023,Q2,2022-10-11,2022-08-31,25120000.0,406710000.0,64141000.0,0.86,101555000.0,0.2496988026,2584747000.0,859621000.0,658440000.0,350260000.0,1725126000.0,142444000.0,541203000.0,1058261960.0,2324418960.0,34.61189402480271,1.8798606749271969,0.49424450439443396,1.4861165560171286,0.02072083550003693,34.61189402480271,0.02922218047255709,2.602006245236163,10.532065684713375,1.2310796967500792,0.16823248407643313,2.1422804751340876,0.00399334017448761,0.15735002303900536,0.8219151487466454,0.009718552724889515,32.1581973988088,0.24969880258660962,-0.10416666666666664,2.1536759881767606,1.2335323072171354,0.648357709836601,0.20246045278014588,0.04331935041741081,0.6071410674016537,0.7142966642250423,0.8282831502894731,0.4382121546154351,Metal Fabrication,Industrials,AZZ
2023Q1,2023,Q1,2022-07-11,2022-05-31,24077000.0,314398000.0,39910000.0,0.96,84456000.0,0.268627663,2782292000.0,687559000.0,720396000.0,334413000.0,2094733000.0,189415000.0,604039000.0,1105974840.0,2664331840.0,27.826257638916992,2.1542105121511423,0.5963985807384703,2.413400159113618,0.012662605530647663,27.826257638916992,0.03501808572064361,3.51775405695965,11.483727623873406,1.6085526333012876,0.17410806994226855,1.2139587677850223,0.003790321306043454,0.11299964202175761,1.5328650501027172,0.008653656769311057,71.33020574008384,0.26862766302584623,0.10344827586206894,0.9144012254301704,0.587033426211977,0.34942227428458555,0.5295289494177517,0.11354176301914716,1.949741315594974,0.2029904537054121,0.1564056146521439,0.1807340980854166,Metal Fabrication,Industrials,AZZ
2022Q4,2022,Q4,2022-04-22,2022-02-28,21622000.0,224654000.0,13530000.0,0.87,55217000.0,0.2457868545,1133028000.0,667365000.0,386533000.0,150531000.0,465663000.0,126100000.0,584154000.0,1209603499.6499999,1428323499.6499999,27.16127967512201,2.5677966664673724,0.2063514758682045,0.35033602301589084,0.012172724690477326,27.16127967512201,0.03239906198257325,5.384295403820986,13.985795713278142,1.8125066487604233,0.19429284987512718,1.3436716891356066,0.0034730388935015183,0.19827753594792008,1.7054759484757291,0.019083376580278685,44.687583111053634,0.24578685445173468,0.023529411764705903,0.9555555024968895,0.21474495407240776,0.32012878810110024,-0.03066849238115301,0.025468342423523832,-0.5282262282506364,1.588235252084591,0.17513137643313373,0.171176457667197,Metal Fabrication,Industrials,AZZ
2022Q3,2022,Q3,2022-01-10,2021-11-30,21085000.0,231737000.0,28679000.0,0.85,56964000.0,0.2458131416,1037576000.0,648044000.0,349535000.0,118657000.0,389532000.0,106970000.0,568641000.0,1283187810.0,1498972810.0,26.205831210319868,2.9457596264864274,0.22758814775977856,0.36438883779496456,0.02406788926321935,26.205831210319868,0.03253637098715519,5.537259091124853,15.214463006876928,1.9800936510483855,0.19743893763338866,1.6338506123212115,0.0032442639865788623,0.22334460319051327,1.9636683887170585,0.02032140296228903,218.3034722694794,0.24581314162175225,0.1184210526315789,0.21489080141694167,0.07137759119040367,0.31230000274284087,0.03354803592488433,0.11102329012540836,0.08108413751507841,0.4435386770244533,0.0197538711033608,0.1462560870946352,Metal Fabrication,Industrials,AZZ
2022Q2,2022,Q2,2021-10-12,2021-08-31,18978000.0,216447000.0,26528000.0,0.76,55115000.0,0.2546350838773464,1023238000.0,638426000.0,329039000.0,118991000.0,384812000.0,104439000.0,559207000.0,1335911850.0,1549019850.0,25.591293542309696,2.765242749451639,0.22340452563333263,0.3580618583829606,0.023110381591715173,25.591293542309696,0.029726232954171667,6.17200446298632,17.598164321846347,2.092508528787988,0.2247339024133207,1.5447486092360134,0.003192575917340654,0.21153143256993975,1.7671336487633518,0.018547004704672812,63.34938590667678,0.2546350838773464,-0.13636363636363635,0.9723797329716432,0.15599130789435417,0.3018193915768702,-0.048543856923369065,-0.15037829610064019,-0.13623339411305027,0.7691459240655291,0.018346971569619282,0.1420959396800082,Metal Fabrication,Industrials,AZZ
2022Q1,2022,Q1,2021-07-09,2021-05-31,22337000.0,229826000.0,30712000.0,0.88,57927000.0,0.25204720092591787,1039239000.0,637411000.0,334908000.0,131194000.0,401828000.0,99950000.0,559173000.0,1367033070.0,1587941070.0,25.444533152369168,2.5527691815174474,0.22450177485640935,0.36602913975441276,0.024906796855659323,25.444533152369168,0.03504332369538649,5.9481219270230525,15.300097036307472,2.144665012056585,0.19004342570622734,1.7198499249624812,0.0031052650394185416,0.22114835952076473,1.6625684101407077,0.021493612152738685,382.81519742369085,0.25204720092591787,0.3968253968253968,0.0969762992899603,-0.02032716597614294,0.31111015843890766,0.26558301107688276,0.38224009900990097,0.6358794076914882,0.48610170480366127,-0.08350981296436209,0.15642255718784756,Metal Fabrication,Industrials,AZZ
2021Q4,2021,Q4,2021-04-23,2021-02-28,16160000.0,195630000.0,18774000.0,0.63,45771000.0,0.2339671829474007,996442000.0,623292000.0,303492000.0,113850000.0,373150000.0,92912000.0,547289000.0,1322090000.0,1524889000.0,24.684831683168316,2.6657180500658764,0.21841311385911072,0.34917181674078923,0.02107496402444893,24.684831683168316,0.025926852903615,6.758114808567194,20.453125,2.1211406531770023,0.2672029702970297,1.6129132942999829,0.0032660408898032662,0.19632853693441263,1.7656565656565657,0.016217702585800277,56.38631807907195,0.2339671829474007,-0.17105263157894737,0.032258054242348864,-0.07683457320859256,0.33007587159920926,-0.16285322359396434,-0.17982033192914784,-0.32639661296688316,-0.2967032996977051,-0.0034492549438338745,0.12722825323129752,Metal Fabrication,Industrials,AZZ
2021Q3,2021,Q3,2021-01-11,2020-11-30,19703000.0,226623000.0,27871000.0,0.76,54675000.0,0.2412597132682914,1009869000.0,624078000.0,324710000.0,123455000.0,385791000.0,93758000.0,552443000.0,1156486240.0,1358853240.0,24.062230104873535,2.630189137742497,0.2193967732448466,0.3550229298260794,0.023566568225047466,24.062230104873535,0.03157137409105913,5.103128279124361,14.67398670253261,1.853111694371537,0.22494036441151094,1.8339555024637897,0.0038322980825089624,0.22440831434572206,1.7934308047466687,0.01951045135557186,62.13659144637868,0.2412597132682914,11.857142857142858,-0.16689359903580028,-0.06934038725793668,0.3260750112003527,0.18616305809866793,12.007262569832402,41.74693251533742,119.8254858576812,0.0899239786632562,0.14895803542826708,Metal Fabrication,Industrials,AZZ
2021Q2,2021,Q2,2020-10-13,2020-08-31,-1790000.0,203372000.0,652000.0,-0.07,46094000.0,0.22664870286961825,999952000.0,631541000.0,310933000.0,240836000.0,368411000.0,94378000.0,561094000.0,909057749.9999999,1108121750.0,24.12764087870105,1.2910569848361542,0.21310222890698755,0.3374159397410461,0.0006898289069686149,24.12764087870105,-0.0028343369630791982,4.46992580099522,-126.96337290502792,1.4394279231277145,-2.495530726256983,1.6664688804594292,0.004913879233745051,0.20338176232459157,0.7993904565762594,-0.001790085924124358,26.026619044892346,0.22664870286961825,-1.3333333333333335,-1.1022516009569598,-0.06500701828257467,0.38973710791040944,0.09206785443517816,-1.3230463815195812,-0.9544629138147785,-1.2132285866014225,0.05972580155787433,0.1490553748395258,Metal Fabrication,Industrials,AZZ
2021Q1,2021,Q1,2020-07-09,2020-05-31,5541000.0,213293000.0,14318000.0,0.21,42208000.0,0.19788741308903715,1050773000.0,635656000.0,335029000.0,239617000.0,415117000.0,103983000.0,573530000.0,829176900.0,1066301900.0,24.30156363497343,1.3981854375941607,0.2508048836428039,0.4145937425274048,0.008218437039814855,24.30156363497343,0.008716978994928074,3.8875016995400693,37.41097726042231,1.3044428118353322,0.7985923118570655,1.6453170229749094,0.0053366175541069705,0.20298675356142573,0.9244127086141635,0.005273260732812891,-37.63682538241569,0.19788741308903715,1.5121951219512195,-0.7261567117104867,-0.08241973911130594,0.4314489487472485,-0.17407639323731997,1.5206238842431645,2.9705477566749243,-0.5838154268779263,0.01706834824906809,0.1784937699676148,Metal Fabrication,Industrials,AZZ
2020Q4,2020,Q4,2020-04-29,2020-02-29,-10643000.0,245365000.0,-7266000.0,-0.41,51104000.0,0.2082774641860086,1073831000.0,634366000.0,354562000.0,280613000.0,439465000.0,99841000.0,572414000.0,957610429.9300001,1130128429.93,24.43766380208561,1.263526636328324,0.19482115900919234,0.329785959524943,-0.007975496983374429,24.43766380208561,-0.016777380881068657,3.9027996247631083,-22.493902798318143,1.5095550989964786,-0.41971248708071035,1.9457036688334453,0.004664736160326211,0.22849498664128712,0.8766308047025619,-0.009911243016824807,15.906093115573718,0.2082774641860086,-1.4880952380952381,-1.650810504959438,0.3401051611745364,0.5037553045965742,-0.24100340110795918,-1.4830043113228955,-1.2173626899605121,-1.9111110886927336,0.25578863288343384,0.1877519721067591,Metal Fabrication,Industrials,AZZ
2020Q3,2020,Q3,2020-01-09,2019-11-30,22035000.0,291139000.0,33428000.0,0.84,67331000.0,0.2312675388731843,1172568000.0,653243000.0,414621000.0,182373000.0,519325000.0,119438000.0,605746000.0,998728380.0,1245985380.0,24.90062514294427,2.273477981938116,0.223054014777821,0.40038086898749775,0.0247334720637555,24.90062514294427,0.03373170474080855,3.4304177042581037,11.331159292035398,1.5288772784400293,0.20245064669843432,1.8738424956881394,0.004466679919519259,0.24829178350424028,1.5775854978533006,0.018792087111365822,35.9617017139565,0.2312675388731843,0.42372881355932207,0.08118873960353909,0.2685400656658566,0.5402367145828204,0.2779675815207076,0.41631315079059006,0.5052911244202278,0.1967921548103126,0.26878958309497514,0.2469396670202152,Metal Fabrication,Industrials,AZZ
2020Q2,2020,Q2,2019-12-26,2019-08-31,15558000.0,236190000.0,22207000.0,0.59,52686000.0,0.22306617553664423,1120117000.0,634606000.0,380041000.0,149248000.0,485511000.0,110314000.0,588172000.0,1088268934.8400002,1336398934.8400002,24.065916779890944,2.546372480703259,0.2336479135661721,0.41240234098007267,0.020380493167772285,24.065916779890944,0.02451599890325651,4.607599537829714,17.487288450314953,1.7148733778754062,0.2862835840082273,1.6634697318563374,0.004092738345650598,0.21086190103355273,1.7340399871355061,0.013889620459291306,24.177306825735364,0.22306617553664423,-0.27160493827160503,0.0994201546525462,0.18815497322579489,0.5322804126061536,-0.20301934742160438,-0.2690283781244127,-0.28304384322334863,0.5297146287599945,0.19338635438788127,0.22422405449496616,Metal Fabrication,Industrials,AZZ
2020Q1,2020,Q1,2019-07-08,2019-05-31,21284000.0,289123000.0,30974000.0,0.81,66107000.0,0.22864663136450578,1135679000.0,619257000.0,396945000.0,138766000.0,516422000.0,118222000.0,577068000.0,1105716929.44,1394860929.44,23.566912892613004,2.8605350013692115,0.26656299887556256,0.48886003710898707,0.02520410234332794,23.566912892613004,0.03437022108752909,3.8243824581233596,12.987654217252395,1.7855541874213776,0.20860740462319113,1.8864170797313529,0.004015494275057068,0.2545816203346192,1.9339319429831514,0.018741211204926743,-47.51071754565376,0.22864663136450578,1.3823529411764706,0.390556277270829,0.304475344173036,0.540675680406256,0.5282382042212821,1.4047000338944753,1.3139100552816376,-0.003488099147889374,0.17495541614551866,0.2143598277680622,Metal Fabrication,Industrials,AZZ
2019Q4,2019,Q4,2019-05-17,2019-02-28,8851000.0,202548000.0,13386000.0,0.34,43257000.0,0.21356419219148054,1088570000.0,603728000.0,378545000.0,164771000.0,484842000.0,124847000.0,560224000.0,1198008885.0600002,1420405885.0600002,23.19144950131861,2.297400634820448,0.22635384035937056,0.4081341266265603,0.01303023978555509,23.19144950131861,0.01466057562345957,5.914691258664614,33.838235370579596,1.984352034459227,0.5015252513840244,1.2758896889793108,0.003705314756307238,0.18606796071910855,1.483592379727015,0.00813085056542069,28.28962135307453,0.21356419219148054,-0.42372881355932196,-0.1500283011151137,0.1006109366082985,0.5796651103021285,-0.1305999397045523,-0.4250730756739201,-0.4120953928587114,-0.451612909922905,-0.07291406247227664,0.24960898275633853,Metal Fabrication,Industrials,AZZ
2019Q3,2019,Q3,2019-01-08,2018-11-30,15395000.0,239516000.0,22769000.0,0.59,49755000.0,0.20773142504049835,1032379000.0,595878000.0,367374000.0,127815000.0,436501000.0,114976000.0,555096000.0,1244295360.0,1499594360.0,22.862108655616943,2.874263584086375,0.26415880214533616,0.45766415272924993,0.02153816841180061,22.862108655616943,0.025835825454203713,5.1950406653417724,20.20616044170185,2.0881713370857793,0.2880805456316986,1.6504400918452546,0.003564266284815206,0.23200394428790203,1.9342565426593124,0.014912159197349036,34.168919156414766,0.20773142504049835,0.3720930232558139,-0.182242004348871,0.1866803284317393,0.5589672076140523,0.06078372846665529,0.3691746709356101,0.33113124817304884,-0.35224654559590246,-0.02122392755085468,0.25993604331049,Metal Fabrication,Industrials,AZZ
2019Q2,2019,Q2,2018-10-09,2018-08-31,11244000.0,222787000.0,17105000.0,0.43,46904000.0,0.2105329305569894,1038024000.0,585925000.0,352443000.0,112267000.0,452099000.0,112878000.0,544136000.0,1405499988.75,1691974988.75,22.407306298173033,3.1393285649389404,0.28484794185876244,0.5046362589068567,0.015602746973095504,22.407306298173033,0.019190169390280325,6.30871634677966,31.249999749866593,2.398771154584631,0.3936321593738883,1.5581689966158152,0.003149057300197008,0.21462605874237975,2.074590039815796,0.010832119488566739,55.115485226069566,0.2105329305569894,-0.2833333333333333,-0.32811549634428866,0.14779648200519038,0.5988022734645058,-0.20102205944979132,-0.28464181193536076,-0.27814821066846723,-0.3570573514621929,0.025277317050474066,0.29064690607091703,Metal Fabrication,Industrials,AZZ
2019Q1,2019,Q1,2018-07-03,2018-05-31,15718000.0,262236000.0,23696000.0,0.6,58705000.0,0.22386323769429065,1070184000.0,576400000.0,375370000.0,126900000.0,493784000.0,112274000.0,537318000.0,1133005847.75,1441213847.75,22.002799058368762,2.9579984239558708,0.3010192639770357,0.5588931297709924,0.020572094637952065,22.002799058368762,0.027269257460097156,4.320558000236428,18.020833562635197,1.9656590002602359,0.2810790176867286,1.8128061706183087,0.003899362045459487,0.24503823641542016,1.9928605200945626,0.014687193977858013,-74.47616168737264,0.22386323769429065,-0.33333333333333337,0.05264728326242411,0.39469603023532934,0.6213927758018886,0.5444619836885031,-0.3307787286584068,1.5523481258078415,-0.22437262580986253,0.1264234012609231,0.2960434996977654,Metal Fabrication,Industrials,AZZ
2018Q4,2018,Q4,2018-05-15,2018-02-28,23487000.0,200660000.0,9284000.0,0.9,38010000.0,0.18942489783713745,1028209000.0,565203000.0,329154000.0,131739000.0,463006000.0,110761000.0,526018000.0,1054334006.5,1334376006.5,21.898698522155655,2.4985311866645414,0.29263992048309245,0.5323662471713703,0.10984518649746162,21.898698522155655,0.04155498113067341,5.25433074105452,11.222527424745605,1.8654076614950734,0.18784859709626603,1.4684771715676095,0.004184632168553694,0.1951548761000925,1.6253956687085829,0.022842632188592008,32.82484453611457,0.18942489783713745,141.77409638554218,0.750046423220505,0.40935931034157863,0.6689558005588289,0.22151878394446767,142.4879518072289,4.974259974259974,0.44448188169370284,0.10225260385223682,0.3475217734864788,Metal Fabrication,Industrials,AZZ
2018Q3,2018,Q3,2018-05-15,2017-11-30,-166000.0,208158000.0,1554000.0,-0.006393221644521471,31117000.0,0.14948740860308035,1029257000.0,543776000.0,335143000.0,136166000.0,485481000.0,111372000.0,506943000.0,1248916500.0,1545117500.0,20.94265357211631,2.461282552178958,0.29812962165911916,0.564298534690755,0.00015409705334492037,20.94265357211631,-0.00030527275937150593,5.999848672642896,-1880.898343373494,2.296748109515683,-26.632530120481928,1.589636533419531,0.003539868357892621,0.20224103406632163,1.6030139682446425,-0.0001612813903621739,40.25127304370246,0.14948740860308035,-1.0199788176391296,-1.0104809094136349,0.3490594429552417,0.6112728669298705,-0.2496322554197111,-1.0199303637891703,-0.8967853347502657,-1.0082294864485108,-0.0836252872521084,0.2954150246184759,Metal Fabrication,Industrials,AZZ
2018Q2,2018,Q2,2017-10-03,2017-08-31,8329000.0,190407000.0,15056000.0,0.32,41469000.0,0.21779136271250532,1011401000.0,545313000.0,325007000.0,126273000.0,466088000.0,144008000.0,507754000.0,1269933000.0,1568192000.0,20.997805159799768,2.57384397297918,0.2984058746234184,0.5534582890926862,0.01298986326627006,20.997805159799768,0.015273796883624634,6.669570971655454,38.11781126185616,2.3288148274477227,0.5309160763597071,1.0342342092105994,0.003482073463718165,0.18826064043836224,1.379352672384437,0.00823511149385852,105.00520919464198,0.21779136271250532,-0.37254901960784315,-0.4909266511104862,0.2043257928397515,0.6752310375514733,-0.15826330532212884,-0.3709214501510574,-0.3127310905190122,-0.40236970736100786,-0.027422298543819675,0.3369333006655319,Metal Fabrication,Industrials,AZZ
2018Q1,2018,Q1,2017-07-06,2017-05-31,13240000.0,208551000.0,21907000.0,0.51,49266000.0,0.23622998690967678,1004998000.0,536390000.0,325744000.0,130699000.0,468608000.0,131187000.0,503847000.0,1411151000.0,1704578000.0,20.620867292019067,2.4923220529613848,0.29827323039448833,0.5588545647756297,0.018518272586056417,20.620867292019067,0.024683532504334534,6.7664552075991,26.645600453172207,2.6308301795335485,0.3340634441087613,1.2141828077477188,0.003134320848725615,0.2075138457986981,1.4244714955737994,0.013174155570458847,-54.39009443052611,0.23622998690967678,0.15909090909090912,-0.1984317245420964,0.587490007831782,0.7284886778284023,0.07793628566427446,0.14295580110497239,0.0856873822975518,-0.12618843705500898,-0.049482772535189866,0.3480793555976032,Metal Fabrication,Industrials,AZZ
2017Q4,2017,Q4,2017-04-20,2017-02-28,11584000.0,193759000.0,20178000.0,0.44,45704000.0,0.23588065586630816,977839000.0,529639000.0,296537000.0,141850000.0,448200000.0,123208000.0,495030000.0,1509781320.3,1769908320.3,20.574719618220993,2.0904970038773354,0.27758046058707003,0.512479254737661,0.017365226635082765,20.574719618220993,0.02187150115455999,7.792057764026445,32.583333052054556,2.8505856258696958,0.38233770718232046,1.2016670995389909,0.002933537420584816,0.19815020673137398,1.200690870637998,0.01184653097289022,36.291075436277104,0.23588065586630816,-0.3714285714285714,-0.027056523501261073,0.5327531948244966,0.8009276565173687,-0.15152415252664017,-0.3652950523258999,-0.29898554752640355,0.12496255489511024,0.0647193392472214,0.4014288642589803,Metal Fabrication,Industrials,AZZ
2017Q3,2017,Q3,2017-01-06,2016-11-30,18251000.0,227459000.0,28784000.0,0.7,53866000.0,0.2368163053561301,1017675000.0,519304000.0,337284000.0,156540000.0,498371000.0,125818000.0,487875000.0,1692925499.9999998,1990600499.9999998,19.96939050182657,2.1546186278267534,0.30574987102955264,0.599175049681882,0.024380899497343043,19.96939050182657,0.03514511731086223,7.442772103983574,23.189489617007286,3.259989331874971,0.24267163443099007,1.379715144097029,0.0026161812790934983,0.22350848748372515,1.3196435415868148,0.017934016262559267,-795.5476973684209,0.2368163053561301,0.8421052631578946,0.777097410954358,0.9051820475128125,0.823297538342217,0.2860144200926324,0.8209119026239649,0.9332393041842971,-0.028336296734152028,0.12950081150746473,0.3617127543805319,Metal Fabrication,Industrials,AZZ
2017Q2,2017,Q2,2016-10-05,2016-08-31,10023000.0,195045000.0,14889000.0,0.38,41886000.0,0.21475044220564485,991734000.0,510855000.0,308413000.0,149255000.0,480879000.0,121325000.0,474053000.0,1726316410.0000002,2011777410.0000002,19.658098279909186,2.0663495360289437,0.3038869293580738,0.5899423515478952,0.016426621321143982,19.658098279909186,0.019620048741815194,8.850862160014357,43.0588748378729,3.379268892347144,0.38900528783797267,1.2623861528951164,0.0022585662613263347,0.19667067983955375,1.2103983116143513,0.01010654066513803,55.447947902614516,0.21475044220564485,-0.5308641975308642,0.008611088258845538,0.644324824896879,0.8235100246044224,-0.33857596285944386,-0.5241418601338841,-0.5685348325026081,-0.3973464078874805,0.011127906798301003,0.40264125476207174,Metal Fabrication,Industrials,AZZ
2017Q1,2017,Q1,2016-07-05,2016-05-31,21063000.0,242667000.0,34508000.0,0.81,63327000.0,0.2609625536228659,1010608000.0,502890000.0,316633000.0,154586000.0,507718000.0,110995000.0,467929000.0,1529385260.0,1841903260.0,19.406861420908424,2.048264396517149,0.32118586039295155,0.6454552685477938,0.028504850314036104,19.406861420908424,0.041883910994452066,6.302403128567131,18.15250985139819,3.041192427767504,0.18458908987323744,1.615748457137709,0.0025421979024434957,0.24011980906543387,1.277263141552275,0.020841909029020153,-1766.0337875288683,0.2609625536228659,0.3064516129032259,1.1536027138649014,1.0540669134105682,0.8456171361030871,0.15446457869982133,0.3102139835780045,0.2984647802528597,0.4260480588557672,0.30474703514858437,0.43009736285716554,Metal Fabrication,Industrials,AZZ
2016Q4,2016,Q4,2016-04-21,2016-02-29,16076000.0,217611000.0,26576000.0,0.62,54854000.0,0.2520736543648988,983371000.0,481216000.0,309334000.0,148405000.0,502155000.0,102135000.0,450754000.0,1309416116.0,1596207116.0,18.5589651013582,2.084390687645295,0.33251133092190027,0.6794911224896928,0.025622975550436987,18.5589651013582,0.033407035510041226,6.0172331178111405,20.362903023140085,2.7210568975262666,0.24110475242597662,1.5935477554217456,0.0029600979800373864,0.22129084546930913,1.3739024965466122,0.01634784837055394,41.26614717468721,0.2520736543648988,-0.3186813186813187,0.6854855880930969,1.0903417073460928,0.8179266992498644,-0.12160517550602101,-0.317280332951119,-0.2700505383432213,0.19233932810550158,0.5213937069266958,0.41442617820155403,Metal Fabrication,Industrials,AZZ
2016Q3,2016,Q3,2016-01-08,2015-11-30,23547000.0,242447000.0,36408000.0,0.91,62448000.0,0.2575738202576233,990952000.0,468570000.0,320285000.0,176110000.0,522382000.0,120220000.0,438554000.0,1537501420.0,1841760420.0,18.14545172907873,1.8186644710692181,0.3247957519637682,0.6868920332074183,0.03316016252330124,18.14545172907873,0.050252897112491195,6.341598039983997,16.323750583938505,3.281263034338519,0.16456448804518622,1.497246714357012,0.0025203228755391978,0.24466068992241805,1.1055306342626767,0.023761998562998005,39.538687959677006,0.2575738202576233,0.3582089552238806,1.3450118633324715,1.280224922331297,0.8219105930340551,0.16714325763947294,0.3655976338224207,0.378099095348045,0.49488606961143794,0.5799248354473654,0.3960634896896572,Metal Fabrication,Industrials,AZZ
2016Q2,2016,Q2,2015-09-29,2015-08-31,17243000.0,214246000.0,26419000.0,0.67,53505000.0,0.2497362844580529,984047000.0,447609000.0,310623000.0,152798000.0,536438000.0,113078000.0,418882000.0,1304569200.0,1644545200.0,17.361298580404934,2.0328996452833152,0.3660414594018375,0.8047246592450107,0.02578049386115042,17.361298580404934,0.038522460450973954,6.089118116557602,18.914475439308706,2.914528528246751,0.22420692454909238,1.4215055094713385,0.002963430379929252,0.2177192756037059,1.2344860534823754,0.01752253703329211,37.42417166298517,0.2497362844580529,-0.12987012987012983,0.7269761175984789,1.078485890156654,0.7974300546923109,-0.09778429785511938,-0.13456133306564946,-0.19662460088186104,0.061587199068449144,0.3649889797136889,0.38510601525983595,Metal Fabrication,Industrials,AZZ
2016Q1,2016,Q1,2015-07-01,2015-05-31,19924000.0,228888000.0,32885000.0,0.77,59304000.0,0.25909615182971585,991160000.0,437257000.0,357934000.0,161639000.0,553903000.0,113881000.0,405505000.0,1246075280.0,1567402280.0,16.97689858673707,2.2144037020768503,0.3703650268372412,0.8395314426069794,0.02793941748752962,16.97689858673707,0.04556588002021694,5.4440393554926425,15.63535535033126,2.849754903866605,0.19398715117446297,1.489133393630193,0.003101738764932404,0.23092941603777392,1.429933370040646,0.020101699019330885,-712.8577116704805,0.25909615182971585,0.22222222222222224,2.0093137736956725,1.8440168480251429,0.8049269965983514,0.2502909945611161,0.22356401031763412,0.42400406212476993,0.2182162748387486,0.7596126561872782,0.42304281271298627,Metal Fabrication,Industrials,AZZ
2015Q4,2015,Q4,2015-04-22,2015-02-28,16283578.0,182311500.0,23093333.0,0.63,47432158.0,0.26017096014239366,936914000.0,420052000.0,298634000.0,149142000.0,516862000.0,107697000.0,389446000.0,1173998854.98,1489319854.98,16.25109067105949,2.002346756782127,0.3605965969128437,0.8043004199480064,0.026055012179614534,16.25109067105949,0.03876562425604449,6.43952167021828,18.024276589887066,2.794889335082323,0.236983358325793,1.252396464154062,0.0032870023540744766,0.19458722999122652,1.2192474286250687,0.017380013533792857,45.66165632491373,0.26017096014239366,-0.18181818181818182,0.9607776107479976,1.0607407276691068,0.7682737876815543,-0.21954661950307866,-0.18440690234832688,-0.2986671101422972,0.3620855584752866,0.43631566748788964,0.4224756974167231,Metal Fabrication,Industrials,AZZ
2015Q3,2015,Q3,2015-01-09,2014-11-30,19965321.0,224833465.0,32927777.0,0.77,60775133.0,0.2703117749842089,981339357.0,415481843.0,335233236.0,167999992.0,565857514.0,112275064.0,377020915.0,1122823038.6799998,1457492238.6799998,16.166752101925262,1.9954360235921915,0.3858195947194646,0.9112791795332438,0.028867420356318084,16.166752101925262,0.048053413973134805,4.994020968720114,14.059666742648416,2.7024599452352,0.193196543145988,1.4612178889517267,0.003435297341720555,0.22910878219266204,1.2475808808371849,0.02034497124525293,54.22894445197071,0.2703117749842089,0.45283018867924524,1.1884268560518714,1.6430734821784854,0.7874833501401214,0.44359085187968417,0.4500502225698704,0.4343591544994916,0.9671091289239432,0.9055567902106308,0.4760990981538967,Metal Fabrication,Industrials,AZZ
2015Q2,2015,Q2,2014-10-01,2014-08-31,13768710.0,193415643.0,22956438.0,0.53,42099971.0,0.21766580172628539,969787785.0,402966649.0,315881483.0,156291196.0,566821136.0,115149713.0,360912825.0,1188942831.3000002,1541727079.3000002,15.705948194533683,2.0211086170202446,0.4066981551020464,0.9787681039579035,0.02118404883801277,15.705948194533683,0.0341683611638044,6.147087241025278,21.587767323518328,2.9504745225205973,0.26083133423537863,1.314077717241032,0.003020591827845272,0.19944120352062383,1.1751776408442098,0.014197652530754447,32.91288167767765,0.21766580172628539,-0.08620689655172403,0.18473811366172563,0.9446475896009389,0.8137250847723534,-0.23991821225462837,-0.07749753423545153,-0.17563596123623806,0.40336442797585276,0.6515646968893029,0.456903591123068,Metal Fabrication,Industrials,AZZ
2015Q1,2015,Q1,2014-06-27,2014-05-31,14925391.0,216126392.0,27847452.0,0.58,55388738.0,0.2562793811872823,983539494.0,391941034.0,329929391.0,158005773.0,591598460.0,114250875.0,350735426.0,1140477860.58,1515223044.58,15.296478806233067,2.088084408156403,0.40709382738828787,1.0215640166933886,0.022136981153757757,15.296478806233067,0.03808070527262017,5.276902325653962,19.102981298446384,2.9098200026180465,0.24049761912434992,1.4068833520968658,0.0031473833241922977,0.21974348088557794,1.19295103223855,0.015175182177280214,182.7687707539931,0.2562793811872823,0.44999999999999984,0.431987166275962,1.1497919463544264,0.8550483454037375,0.211361742902984,0.4572245739523806,0.319061096874316,0.5433325275304898,0.8501208595606219,0.45471453598394085,Metal Fabrication,Industrials,AZZ
2014Q4,2014,Q4,2014-04-28,2014-02-28,10242341.0,181011218.0,21111571.0,0.4,45724358.0,0.2526051064967697,953253035.0,375913262.0,296180723.0,144016050.0,577339773.0,107581000.0,339399556.0,1136093850.0,1514145388.0,14.6812443663347,2.05658135325889,0.4255072432053678,1.0790150601284187,0.016488277827423705,14.6812443663347,0.027246554020219697,6.276372605812751,27.730326738779738,3.022223381946019,0.3496083561365512,1.2575348806945463,0.003151859329227071,0.18988790106500947,1.1867728770508565,0.010744619344432509,274.56145693088365,0.2526051064967697,-0.4444444444444444,-0.023224325305106815,0.7156303149255681,0.9096193223052148,-0.14310732181924515,-0.44471374732280644,-0.16382068674879177,0.08744625054443672,0.7607733460111453,0.4380880596525448,Metal Fabrication,Industrials,AZZ
2014Q3,2014,Q3,2014-01-08,2013-11-30,18445155.0,197755332.0,25247660.0,0.72,53360659.0,0.2698317080016836,989175461.0,374496520.0,324428829.0,146552455.0,614678941.0,105900182.0,332738023.0,1248244551.8400002,1633850873.8400002,14.664906704873314,2.213738616661181,0.4413307731660359,1.165707951037836,0.020571446922563928,14.664906704873314,0.049253208013788755,6.312065213189802,16.918325596071163,3.3331272393131983,0.19383718922394527,1.363497873875231,0.0028643081155288624,0.19991936698478208,1.3763568273216575,0.018647000180688874,44.061150537408956,0.2698317080016836,0.12499999999999993,0.6231319208535621,0.7285318175830605,1.0102037272008757,-0.04551058784176886,0.1272636679036415,-0.15066640180701116,0.8575049625564621,0.8807336232914259,0.4724433026182561,Metal Fabrication,Industrials,AZZ
2014Q2,2014,Q2,2013-10-02,2013-08-31,16362769.0,189782229.0,29726435.0,0.64,55904925.0,0.29457407732311963,983816015.0,358325618.0,318683134.0,139003893.0,625490397.0,101596360.0,317868225.0,959792237.52,1370299450.52,14.015057815509472,2.292620207406709,0.45993464641861925,1.2627929689358688,0.0232363806646033,14.015057815509472,0.04566452460566188,5.057334622832363,14.66426980543452,2.6785476374173167,0.21805643042445932,1.3177372102701317,0.003717478492240515,0.1929041874765578,1.4239179401975455,0.016631940068590974,313.1358032872674,0.29457407732311963,0.12280701754385977,0.37438538027217727,0.7450012710368638,1.0220582228186996,0.10233373859754448,0.12483763592266414,0.23715167121862402,0.6525855157678586,0.8566222064596326,0.4509908932894772,Metal Fabrication,Industrials,AZZ
2014Q1,2014,Q1,2013-07-03,2013-05-31,14546783.0,183174619.0,24028125.0,0.57,50715063.0,0.2768673044162303,982195630.0,346328545.0,317431256.0,149481860.0,635867085.0,106426299.0,305073463.0,1058613278.4399999,1470406731.44,13.570307816060724,2.123543659411249,0.46164792140237887,1.309244004129085,0.018675798073681905,13.570307816060724,0.042002841550355025,5.779257433258262,18.193254110548015,3.056673478762774,0.24515832813344365,1.2446130067907368,0.0033688081121137463,0.1864950457985646,1.2776723543579134,0.014810474161853071,37.44520103427541,0.2768673044162303,0.09615384615384602,0.3734734735456573,0.7514208368416093,1.106612769259117,0.3348805012985293,0.0992269025723744,0.15394201841312666,1.2173677522558115,1.2969644006624927,0.44274967563820533,Metal Fabrication,Industrials,AZZ
2013Q4,2013,Q4,2013-04-29,2013-02-28,13233649.0,140391467.0,20822645.0,0.52,37992212.0,0.27061624763846936,694204814.0,333934474.0,262431939.0,118899208.0,360270340.0,82331000.0,294092945.0,1136597000.0,1291713534.0,13.121197406679764,2.207179874570737,0.3035333099836441,0.6310048869048482,0.024661704220130677,13.121197406679764,0.03962947832693668,8.09591226794432,21.471723331939664,3.403652777700334,0.26846533408888207,1.2437508957743741,0.003125800965513722,0.20223349675590122,1.3989412948823006,0.019063032599482953,54.49740729075201,0.27061624763846936,-0.13333333333333328,0.7308739356157516,0.756194094406766,1.1897646622043385,-0.15578158285759094,-0.13864067723357945,-0.23187123606615456,0.6184186288864413,0.6116946305105869,0.4277115245283637,Metal Fabrication,Industrials,AZZ
2013Q3,2013,Q3,2013-01-09,2012-11-30,15363680.0,149674616.0,27108274.0,0.6,45002823.0,0.3006710436457709,674464532.0,327368640.0,252131631.0,109492825.0,347095892.0,84141962.0,284412072.0,960124056.1999999,1121332521.1999998,12.997583464568962,2.302722858780929,0.3124171472370322,0.6436605687093303,0.03202272497721773,12.997583464568962,0.046930823917648315,6.414742070893303,15.62327606732241,2.9328528725292684,0.23116447361569625,1.243990400414005,0.0036990396991575763,0.2219162148618365,1.426216923346347,0.022779077729175534,32.70776982714508,0.3006710436457709,-0.03225806451612906,0.8208576045918776,0.6575955842853484,1.2641738047192286,0.03903310135642342,-0.03208335042216825,-0.01581823477812985,0.7183269547208128,0.795358770624043,0.43708296437642613,Metal Fabrication,Industrials,AZZ
2013Q2,2013,Q2,2012-10-01,2012-08-31,15872937.0,153385291.0,27543971.0,0.62,43312213.0,0.28237527025978,646783457.0,315802768.0,261724528.0,94149605.0,330980689.0,78436608.0,272599929.0,800197582.88,942195441.88,12.534274192108017,2.7798791933327816,0.32578799398698904,0.6672338128461243,0.03376418927864191,12.534274192108017,0.05026218452904757,5.216912114995433,12.603174555534366,2.533852340648262,0.19924649105581405,1.4033380688772263,0.003952307614598576,0.23715091865746343,1.8057032421962895,0.024541346610230323,164.35268995968806,0.28237527025978,-0.015873015873015886,0.8805970532930885,0.8086421946589121,1.3322319297699579,0.1438493325012261,-0.007068899295255706,0.2236817951285116,0.3908317673921138,0.5704395721499284,0.44745972927335315,Metal Fabrication,Industrials,AZZ
2013Q1,2013,Q1,2012-07-03,2012-05-31,15985940.0,127142864.0,22509096.0,0.63,37865313.0,0.2978170524772826,607246608.0,300334240.0,309965442.0,78671583.0,306912368.0,63326378.0,259889619.0,675059821.835,746456292.835,11.9299984758513,3.9399924366591175,0.3469995257676268,0.7015992748612346,0.0280632903620744,11.9299984758513,0.053227164508448985,5.309458986506707,10.557086756158851,2.2476951740001407,0.1974396876255009,1.4098003678656625,0.00467552489114285,0.2093759970413865,2.9793065813865725,0.026325284965609885,53.00721955874733,0.2978170524772826,0.3695652173913043,2.6285714454022715,0.5875499837743542,1.344495914705756,0.17117826642676448,0.3729313198534893,0.14983644950163494,0.5610484873118979,0.2871981999218462,0.44678551277298884,Metal Fabrication,Industrials,AZZ
2012Q4,2012,Q4,2012-05-10,2012-02-29,11643656.0,123625506.0,19575911.0,0.46,32330956.0,0.2615233461612687,606774565.0,287608765.0,302735899.0,77978577.0,319165800.0,60281130.0,247059938.0,631885195.9000001,713582529.9000001,11.42451199733828,3.8822957618218656,0.3708131701268658,0.7823127365398617,0.026331621292525767,11.42451199733828,0.04048435728306125,5.111285011848607,13.567156138501517,2.197030385704692,0.27016033452036026,1.514479738518505,0.004978204934077646,0.2037420701706572,2.7949980287534615,0.01918942663656312,45.81024009362067,0.2615233461612687,0.16455696202531644,0.5758949462031475,0.46086536873135053,1.4354204279040035,0.04946873393018087,0.16193506423263818,0.004567219738788756,0.1293935209046919,0.19175401588982507,0.48600951756186805,Metal Fabrication,Industrials,AZZ
2012Q3,2012,Q3,2012-01-06,2011-11-30,10020918.0,116492703.0,19486910.0,0.395,30806974.0,0.26445410919858214,593665711.0,277904897.0,313019256.0,74875886.0,315760814.0,64661493.0,238561936.0,537294450.0,602195897.0,10.9523487428076,4.180508207942942,0.37900117158695057,0.8096294899042387,0.024017014133051393,10.9523487428076,0.036058803238720905,4.612258417593761,13.404322089054116,1.933375251030571,0.3138862128200231,1.3251430646675604,0.005854197823930621,0.19622609297035853,3.1999745819368335,0.016879731832785606,38.23204665595997,0.26445410919858214,0.03947368421052635,0.7552381954090829,0.6370851530818822,1.457518108009882,0.014048502283298011,0.04319134842615897,0.04544882698297269,-0.11252002091511255,0.024772458477309852,0.5013018976165287,Metal Fabrication,Industrials,AZZ
2012Q2,2012,Q2,2011-09-30,2011-08-31,9606021.0,114661270.0,18639755.0,0.38,30380178.0,0.26495588266203574,583246116.0,270806468.0,302110568.0,74183314.0,312439648.0,64724611.0,231686446.0,594473082.75,670373175.75,10.780362057057326,4.072486812870075,0.3857719645749,0.8308516471622827,0.023118402351706896,10.780362057057326,0.035471903869002126,5.184602287677435,15.47136641565743,2.1951952888732333,0.32675724943761836,1.3021490696946791,0.0052800321681175395,0.1965915706157913,3.064345278508318,0.016469927079634423,51.88885582467214,0.26495588266203574,0.013333333333333345,0.6808789508096609,0.6843634206589672,1.5414127756564122,-0.022163981560142067,0.014877655529977652,0.034425224946047134,-0.17879319788382791,0.07303584780125867,0.5553642396189477,Metal Fabrication,Industrials,AZZ
2012Q1,2012,Q1,2011-07-01,2011-05-31,9465201.0,114332931.0,18019432.0,0.375,31068786.0,0.27173960929944146,570578269.0,263697850.0,289463567.0,68961851.0,306880419.0,61256909.0,225219262.0,553220680.0,637820409.0,10.515106866576282,4.197444859767468,0.3943367846699398,0.8532492775348756,0.023320867702614392,10.515106866576282,0.035894115177655034,4.838681866731816,14.61196333812668,2.097933980121567,0.3313085480170997,1.3592612875716599,0.005668446812219674,0.20038080174413372,2.913399076251593,0.016588786349309773,111.14729982631373,0.27173960929944146,0.041666666666666706,1.096835842799237,1.0748239969368771,1.7259425307033003,0.13464836194673824,0.02605417646131023,0.11508214707728809,-0.09052901529611428,0.11250569747616723,0.6323327882833557,Metal Fabrication,Industrials,AZZ
2011Q4,2011,Q4,2011-02-28,2011-02-28,9224855.0,100686247.0,16159735.0,0.36,27381863.0,0.27195236505339204,566524841.0,256017873.0,284019135.0,58186230.0,310506968.0,59552000.0,218889963.0,534913739.99999994,621523903.0,10.208863266608182,4.881208749905261,0.397158224523468,0.8788448922079749,0.021673768770455924,10.208863266608182,0.036032074213818654,5.312679297699913,14.496535175891651,2.089360925203843,0.3387412593477079,1.2309306824288018,0.005841762449399786,0.17772609374422824,3.715918800719689,0.016283231259050828,48.0480921292438,0.27195236505339204,-0.06493506493506498,2.386791743911476,0.9063373516380704,1.7924995790776863,-0.009506714005985892,-0.050700784210657386,-0.03388234945251738,0.22444776746048228,0.2781941985765046,0.7037323141799554,Metal Fabrication,Industrials,AZZ
2011Q3,2011,Q3,2010-11-30,2010-11-30,9717542.0,102897545.0,16726467.0,0.385,27644673.0,0.26866212405747875,434034808.0,248893357.0,153118070.0,54486678.0,185141451.0,55931453.0,212789947.0,465695433.14000005,559042460.1400001,9.959573097854838,2.8101927961179793,0.23039626812603473,0.401778501464786,0.030670544925028024,9.959573097854838,0.03904299462681119,4.525816754325869,11.980792908844645,1.8710641326598363,0.3215332642760896,1.3454481863719865,0.006709348594923178,0.23707210367330722,1.600125502237446,0.022388854121580037,38.7234903752432,0.26866212405747875,0.0,4.017439426862717,1.0789542197131634,1.6983504385415313,-0.04846412479727348,0.0073379079286247035,-0.005693000621320495,0.16075091576819583,0.14851671214205256,0.73495362240377,Metal Fabrication,Industrials,AZZ
2011Q2,2011,Q2,2010-08-31,2010-08-31,9646755.0,99591069.0,16822236.0,0.385,29052686.0,0.2917197926653443,433286767.0,240603291.0,152044628.0,49423382.0,192683476.0,52853927.0,206196918.0,497449984.08,600613586.0799999,9.658956427863275,3.0763703706071754,0.25848931592226543,0.46549654218985725,0.02969584929334393,9.658956427863275,0.04009402764154211,4.994925640169602,12.891640351600097,2.067511138407496,0.322943621974436,1.3345911458953656,0.006262655743695809,0.22985024373015298,1.787690368902719,0.022264134828747263,838.2947691550655,0.2917197926653443,0.5098039215686274,5.196263456115216,0.8283447298134139,1.641008583208983,0.23295432723351095,0.5135752175927503,0.4901258182865689,0.15601932072922553,0.18777648462579918,0.7972262489281737,Metal Fabrication,Industrials,AZZ
2011Q1,2011,Q1,2010-05-31,2010-05-31,6373489.0,77474546.0,11289138.0,0.255,23563473.0,0.30414470579795333,386738948.0,233209002.0,214438330.0,43498731.0,153529946.0,44035618.0,199665521.0,440961290.0,430795183.0,9.405864402678068,4.929760594625162,0.2585723535660029,0.42879991399302847,0.021655341051138643,9.405864402678068,0.02732951535035513,5.691692468904561,17.296699264719845,1.8908416322625485,0.48671959738221876,1.2242606201189228,0.007034862402547852,0.20032775700677555,3.7021341381200292,0.0164800805115703,229.42620204389345,0.30414470579795333,-0.203125,1.6364894152562575,0.5274265029989252,1.652817009190576,-0.0028395840067194306,-0.19992686539378643,-0.2452361504799802,0.46890125843395547,-0.017771977785918613,0.8484504177425255,Metal Fabrication,Industrials,AZZ
2010Q4,2010,Q4,2010-02-28,2010-02-28,7966133.0,84862684.0,14957179.0,0.32,23630574.0,0.27845659465590317,381961158.0,227866038.0,207452936.0,43628188.0,154095120.0,40124581.0,196394134.0,392612990.0,382005961.0,9.190370170202469,4.75502067608217,0.2618067253843649,0.43885434125115214,0.02865193743111174,9.190370170202469,0.034959720500340644,4.62645030176043,12.321316691549088,1.722999150930952,0.0,1.526049829654296,0.0,0.22217621405368135,3.439036867632458,0.020855871947063266,25.692095721157717,0.27845659465590317,-0.08571428571428563,3.8125503637150056,0.9735850745988532,1.6684665584283283,-0.08100333020280555,-0.08882785024496351,-0.033461652143670716,0.09472065375055333,0.018208544639503107,0.9591572276982521,Metal Fabrication,Industrials,AZZ
2010Q3,2010,Q3,2009-11-30,2009-11-30,8742731.0,81518198.0,15474998.0,0.35,25713449.0,0.3154320094269012,384423239.0,222747531.0,207199269.0,51035780.0,161675708.0,44971596.0,191517131.0,416831760.325,418398266.325,9.044421085465185,4.059882478527809,0.26012995535891625,0.4489387583829156,0.03020960753702074,9.044421085465185,0.03924950800015826,5.113358373365908,11.919380806895465,1.8713193293487054,0.0,1.2408887823327417,0.0,0.21205325206679299,2.91340959225077,0.022742462247450135,16.084632070659868,0.3154320094269012,-0.21348314606741578,5.454346922032303,0.8839559017326243,1.6912882963204452,-0.16007082419938962,-0.2137054025128385,-0.1950335828391437,0.5777292570126255,0.1802769581105155,1.0294120572624599,Metal Fabrication,Industrials,AZZ
2010Q2,2010,Q2,2009-08-31,2009-08-31,11118900.0,95157192.0,19224402.0,0.445,30613830.0,0.3217185097265165,377142083.0,212563443.0,198292292.0,53959965.0,164578640.0,46503924.0,182774399.0,422451391.76000005,450498990.76000005,8.659497696975938,3.674803940291659,0.26515205941629166,0.4704477806186081,0.03829184871221294,8.659497696975938,0.05230861827920241,4.439510906963291,9.498497867594816,1.9874131967273414,0.0,1.387912168444108,0.0,0.2523112542707147,2.6815234035085087,0.029481992334438052,21.86146864598598,0.3217185097265165,0.11249999999999996,9.658031812618182,1.267960216989404,1.57203308458282,0.031176643958468416,0.12310306096063094,0.09449070610424852,0.9910608936256238,0.43050863157314634,1.0414303305754826,Metal Fabrication,Industrials,AZZ
2010Q1,2010,Q1,2009-05-31,2009-05-31,9900160.0,95492001.0,17564701.0,0.4,29688250.0,0.3108977682853248,360064828.0,200687870.0,185937845.0,49237405.0,159376958.0,49986001.0,171655500.0,447575820.0,489887090.0,8.24586531350152,3.7763534654192275,0.27772776517899717,0.49828621929167916,0.03622682482246619,8.24586531350152,0.0493311329678271,4.687050384460998,11.302237034552977,2.230208631941731,0.0,1.316443597878534,0.0,0.26520780030200564,2.3644506447892613,0.027495493117145005,44.62075246257352,0.3108977682853248,0.0,6.074397995621499,1.1407362527155696,1.5225089690781317,0.05580081522300599,-0.006706229888007436,0.006966157392435523,1.2598770696386472,0.785603096690081,1.1376630067330598,Metal Fabrication,Industrials,AZZ
2009Q4,2009,Q4,2009-02-28,2009-02-28,9967001.0,100286364.0,17443189.0,0.4,28119177.0,0.2803888373099258,354715447.0,187111704.0,182023524.0,58371441.0,167603743.0,53775800.0,161755340.0,246300559.99999997,298742849.0,7.688047662092202,3.118366120171678,0.281916112889214,0.5344401117740877,0.03739702591438702,7.688047662092202,0.05326765128492443,2.455972578684775,6.1779004537071875,1.3163289881642037,0.0,1.3420011789689785,0.0,0.28272341914672805,1.9242576690885531,0.028098581790829087,7.363744282348095,0.2803888373099258,-0.09090909090909087,6.222028366397382,1.7454610112846867,1.4026933801594133,-0.04640009739754902,-0.07824059850820557,-0.040041497406769794,2.770521808338236,0.9564984181428482,1.1029637972078092,Metal Fabrication,Industrials,AZZ
2009Q3,2009,Q3,2008-11-30,2008-11-30,10813018.0,108860233.0,18170774.0,0.44,29487395.0,0.2708738920299757,337282853.0,177266287.0,165707416.0,52728145.0,160016566.0,58888477.0,151788338.0,239101343.28,325193352.28,7.295234063312369,3.1426748655770083,0.2964870556286477,0.5641230585486342,0.04219406792347218,7.295234063312369,0.06099872786301436,2.1964066830538567,5.528089920871305,1.3488258107420052,0.0,1.347850072604187,0.0,0.3227564995721855,1.9312855212334892,0.032059198692795686,66.64537425724691,0.2708738920299757,-0.04347826086956525,7.476190370246722,1.9590721256294183,1.3781336428535529,0.00034966140481719227,-0.043403979301890425,0.0036311451976445003,4.741935399694961,1.2620116462566955,0.976500181342307,Metal Fabrication,Industrials,AZZ
2009Q2,2009,Q2,2008-08-31,2008-08-31,11303641.0,103259467.0,18105032.0,0.46,29477088.0,0.2854662033070537,329572517.0,168249695.0,157381305.0,55114457.0,161322822.0,58887549.0,140975321.0,527366858.15000004,614849908.1500001,6.931085196930098,2.8555357988921126,0.3034233585684573,0.5943547178495628,0.042032553938509444,6.931085196930098,0.0671837235722775,5.107201048694161,11.66365019355268,3.134429801789537,0.0,1.252936830500451,0.0,0.31331334281128786,1.671822059319209,0.034297887162721155,53.8695682216583,0.2854662033070537,0.12195121951219524,8.803286763705156,1.6228508594712812,1.1961486531262924,0.12213071799782359,0.116677541710031,0.10313579428348182,6.4504977908233005,0.9452968217140689,0.8951380133821043,Metal Fabrication,Industrials,AZZ
2009Q1,2009,Q1,2008-05-31,2008-05-31,10122565.0,99958257.0,16412333.0,0.41,26268854.0,0.26279823986926865,313774065.0,157125787.0,155153608.0,51334024.0,156648278.0,51711659.0,129671680.0,382706133.87,468489132.87,6.441766618946927,3.0224322176652274,0.3187006548804472,0.6364327708983886,0.0409646340537504,6.441766618946927,0.06442332091549047,3.8286595360501336,9.451807270933799,2.4356672521869376,0.0,1.425005587231305,0.0,0.31856761966608044,1.8665475552822433,0.032260680945698936,-57.658070353771116,0.26279823986926865,0.36666666666666664,8.764705700710282,1.3424278815452737,1.0781202793745879,0.319464339405746,0.3814071771301305,0.431707989836231,3.2564102774123724,1.0031989046926142,0.8168269628799762,Metal Fabrication,Industrials,AZZ
2008Q4,2008,Q4,2008-05-12,2008-02-29,7327720.0,76616603.0,11463464.0,0.3,19908726.0,0.2598487171246681,193319280.0,146156625.0,102994843.0,42695821.0,47162655.0,43426468.0,119549115.0,431977414.33000004,429750473.33000004,5.992058248611629,2.4122933014919656,0.0,0.0,0.05018838807721142,5.992058248611629,0.05013607833377379,5.638169762368609,14.737783864899315,2.9555787452672777,0.0,1.3058367307237604,0.0,0.39632158261710887,1.2688031927059091,0.03790475528359096,25.444873528243402,0.2598487171246681,-0.09090909090909098,3.3983803598752553,0.6398274392229616,0.9633326505698842,-0.015576884384789389,-0.09440194691247607,-0.10264663517067928,3.499877778978615,0.8111987039002501,0.7398218740325767,Metal Fabrication,Industrials,AZZ
2008Q3,2008,Q3,2008-01-08,2007-11-30,8091581.0,86593180.0,12774749.0,0.33,20223749.0,0.233548981571066,207199934.0,138656882.0,116385668.0,47108736.0,68543052.0,45868855.0,112221395.0,323421698.47,338259417.47,5.740541400787357,2.4705750542744345,0.08204635818078977,0.12260480514771709,0.05227601662020617,5.740541400787357,0.05835686540246881,3.734955783700287,9.992537257860981,2.3325326071445915,0.0,1.4469389087649998,0.0,0.4179208860172706,1.38892423265188,0.039052044292639594,107.05708383688827,0.233548981571066,0.0,2.621621641762676,0.6870285102424958,0.9644628096232504,-0.04788643607380102,-0.0037248976031768193,-0.00800522510026721,5.09090917558776,1.0405319510445392,0.7081747676819243,Metal Fabrication,Industrials,AZZ
2008Q2,2008,Q2,2007-09-28,2007-08-31,8121834.0,81606288.0,12877839.0,0.33,21240900.0,0.2602850897960216,203412592.0,130297704.0,112510615.0,48651069.0,73114888.0,49308128.0,104129816.0,344268790.2,362404405.2,5.37436866038634,2.312603141361601,0.09832233001583304,0.1534946463830245,0.05412384727882956,5.37436866038634,0.06233290189058128,4.218655187453202,10.597015101515249,2.642170810623033,0.0,1.2242482213074486,0.0,0.40118601900515577,1.1906023688811442,0.03992788214409067,83.7839386012241,0.2602850897960216,0.9411764705882353,1.679999955453412,0.4462513889940801,0.8755194324104597,0.1081049906902779,0.958741623869064,0.7974883143653466,6.882352679915049,0.9692642819789962,0.5962882013452109,Metal Fabrication,Industrials,AZZ
2008Q1,2008,Q1,2007-07-10,2007-05-31,4146455.0,75377033.0,7164352.0,0.17,19168671.0,0.2543038673331703,199587201.0,120567380.0,109884965.0,46844369.0,79019821.0,46527189.0,96007981.0,402206142.27500004,425829517.27500004,5.088513228374963,2.345745440609948,0.13878645454825533,0.22974705098510062,0.029375364108908363,5.088513228374963,0.034391184414889,5.335924303030076,24.250000438627694,3.335944948583937,0.0,1.2080756049973276,0.0,0.3776646629760593,1.2299932143391663,0.020775154815663756,82.20078559104773,0.2543038673331703,-0.4137931034482758,0.3999999746771645,0.3383721992334402,0.8439885971596889,0.00669485362603068,-0.4037335185496755,-0.3841025984452536,2.043478254700028,0.7357260427490132,0.556637147205351,Metal Fabrication,Industrials,AZZ
2007Q4,2007,Q4,2007-05-14,2007-02-28,6954030.0,79647536.0,11632379.0,0.29,19041193.0,0.2390681991719116,200907578.0,111148250.0,111967364.0,49714923.0,89759328.0,45487266.0,91861526.0,239902043.625,273398951.625,4.6909814282746085,2.2521882212308766,0.17520493925818964,0.31669414498203974,0.04932449528809751,4.6909814282746085,0.06256535752924584,3.012046017657094,8.624568905548294,2.1583969484449823,0.0,1.3323804292832195,0.0,0.3964386848563771,1.2122510981260093,0.03461307965197809,-56.13681908069312,0.2390681991719116,0.31818181818181807,2.48955943700983,0.39183104346028236,0.7908195504714436,0.11260915040317869,0.32609267734553776,0.38877495224450814,4.175796815930425,1.2397095965858045,0.46604060218571786,Metal Fabrication,Industrials,AZZ
2007Q3,2007,Q3,2007-01-08,2006-11-30,5244000.0,65361000.0,8376000.0,0.22,17114000.0,0.2618380991722893,188684283.0,103870138.0,101892040.0,49961726.0,84814145.0,48709490.0,84907496.0,,,,,,,,,,,,,,,,,,,,,,,,,,,,,,,Metal Fabrication,Industrials,AZZ
2007Q2,2007,Q2,2006-09-29,2006-08-31,5278974.0,62881570.0,8507196.0,0.225,17031240.0,0.2708462908925461,158935085.0,98429721.0,80506892.0,41293627.0,60505364.0,35558127.0,79662405.0,,,,,,,,,,,,,,,,,,,,,,,,,,,,,,,Metal Fabrication,Industrials,AZZ
2007Q1,2007,Q1,2006-07-03,2006-05-31,4296813.0,52453095.0,6467443.0,0.1775,13745311.0,0.2620495701921879,150230279.0,92081193.0,72270978.0,36170023.0,58149086.0,29072625.0,74383430.0,,,,,,,,,,,,,,,,,,,,,,,,,,,,,,,Metal Fabrication,Industrials,AZZ
