Year,Date,FillingDate,NetIncome,Revenue,OperatingIncome,EPSDiluted,GrossProfit,GrossProfitRatio,TotalAssets,CommonStockEquity,CurrentAssets,CurrentLiability,TotalLiability,Inventory,RetainedEarnings,EnterpriseValue,bookValuePerShare,currentRatio,debtToAssets,debtToEquity,roic,shareholdersEquityPerShare,roe,priceToSalesRatio,peRatio,pbRatio,payoutRatio,inventoryTurnover,dividendYield,assetTurnover,quickRatio,returnOnAssets,priceToFreeCashFlowsRatio,grossProfitMargin,epsdilutedGrowth,fiveYNetIncomeGrowthPerShare,fiveYRevenueGrowthPerShare,fiveYShareholdersEquityGrowthPerShare,grossProfitGrowth,netIncomeGrowth,operatingIncomeGrowth,threeYNetIncomeGrowthPerShare,threeYRevenueGrowthPerShare,threeYShareholdersEquityGrowthPerShare,Industry,Sector,Price,MarketCap,AvgVolume,Symbol
2022,2022-12-31,2022-12-31,-19129620.0,-1257690.0,-19212921.0,-0.28,-2226335.0,1.7701778658,61422237.0,21323165.0,16993888.0,15390668.0,40099072.0,0.0,-120079230.0,144290652.91074,0.3068125440653822,1.104168318100293,0.18393167608011413,0.5298226131064502,-0.5543196050342516,0.3068125440653822,-0.8971285454105898,-118.40173326554238,-7.784403240144864,6.983610355720645,0.0,0.0,0.0,-0.020476134726255573,1.0407381927801964,-0.31144453433045755,-8.123103467841167,1.7701778657697842,0.8082191780821918,0.524759973897399,0.0,-0.8920274243738536,-1.3991790567881917,0.4269461846843847,0.39397019789747517,0.7789578519115335,0.0,-0.8927016894020267,Other Precious Metals & Mining,Basic Materials,1.07,73591929,91932,ITRG
2021,2021-12-31,2021-12-31,-33381891.0,0.0,-31702931.0,-1.46,-927957.0,0.0,75160191.0,29075003.0,15106464.0,5719241.0,46085188.0,0.0,-100272209.0,143371487.472,1.274503918852574,2.641340695382482,0.019135954564032442,0.04946730358032981,-1.0248911308901432,1.274503918852574,-1.1481302684646326,0.0,-4.681289728973113,5.3747304332866275,0.0,0.0,0.0,0.0,2.521682509969417,-0.4441432433294375,-4.912035027359231,0.0,-0.32727272727272716,-4.776553356215484,0.0,2.3042162129728476,-0.4511551150274279,-0.5243696305899826,-0.5745864140072194,-2.1842906493618375,0.0,0.3884688721178552,Other Precious Metals & Mining,Basic Materials,1.07,73591929,91932,ITRG
2020,2020-12-31,2020-12-31,-21898816.619090002,0.0,-20134132.187333,-1.1,-639460.930393,0.0,89074472.223093,41761854.982904,29703754.822924,5682883.716553,47312617.240189,0.0,-66276732.331629,221543249.99224502,2.0946279884692243,5.226880630410129,0.01600610768025826,0.03413966152961001,-0.4691211853182747,2.0946279884692243,-0.5243736569664995,0.0,-11.376595983566563,5.965587239733189,0.0,0.0,0.0,0.0,5.1159300393317935,-0.24584840159639615,-13.434828765467103,0.0,0.11999999999999993,-2.297202901492395,0.0,2.1393230181777354,-0.8369251109336207,-0.2992047692556792,-0.2967681274023134,-0.8964132972169486,0.0,-0.26286462770752744,Other Precious Metals & Mining,Basic Materials,1.07,73591929,91932,ITRG
2019,2019-12-31,2019-12-31,-16855554.364717998,0.0,-15526393.471488,-1.25,-348114.861399,0.0,74804375.05263099,38705312.071777,24522220.521026,3402866.176212,36099062.980854,0.0,-43903496.979951,45220738.03300901,2.8594349934823433,7.206342903652951,0.010465977840322377,0.02022722178826903,-0.39204315902956405,2.8594349934823433,-0.4354842646265258,0.0,-4.059021940115504,1.7676401846941343,0.0,0.0,0.0,0.0,7.0718750379629265,-0.22532845642863453,-3.439591196607195,0.0,-1.7240593278329128,0.22521299455482685,0.0,2.5881988802200757,-0.502934862876641,-0.5503795463590173,-0.3735209348547539,-4.213778775031817,0.0,3.926096517458385,Other Precious Metals & Mining,Basic Materials,1.07,73591929,91932,ITRG
2018,2018-12-31,2018-12-31,-10871889.018597,0.0,-11304082.142097,-0.458874,-231623.385682,0.0,57874654.009089,21716528.270302,11690883.460717,6305179.034236,36158125.738787,0.0,-26208506.420563,117378870.805552,0.9179204117904001,1.854171530615956,0.06877423938988751,0.18328368420062605,-0.42716881513466826,0.9179204117904001,-0.5006273969428452,0.0,-11.471816745393431,5.743105755451656,0.0,0.0,0.0,0.0,1.805833199326061,-0.1878523371714604,-9.204707159660101,0.0,0.20409129619576052,0.8049297044383,0.0,4.048262974941257,0.0,-1.4749646744278782,-4.566210765014643,-0.3794867878796412,0.0,1.4992809509684226,Other Precious Metals & Mining,Basic Materials,1.07,73591929,91932,ITRG
2017,2017-12-31,2017-12-31,-4392745.129225,0.0,-2030839.761431,-0.576541,0.0,0.0,64295302.584493,21551667.594433,13570370.576541,2493836.182903,42743634.99006,0.0,-16611477.534791,26752857.501932003,2.8415784497696586,5.4415645540695206,0.04990639425742276,0.14888623841390586,-0.08201961952927796,2.8415784497696586,-0.2038239087521788,0.0,-8.375822327085766,1.7071928457203909,0.0,0.0,0.0,0.0,5.340517646847789,-0.06832140067234803,-16.960838099385995,0.0,-2.2398864503919396,0.895826336472827,0.0,5.731552964170473,0.0,-18.262689760996807,-36.01825006548462,0.6396335018345918,0.0,2.5782809269203057,Other Precious Metals & Mining,Basic Materials,1.07,73591929,91932,ITRG
2016,2016-12-31,2016-12-31,254464.697567,0.0,-54860.501451,0.464995,0.0,0.0,15119.410758,-641774.421546,15119.410758,656893.832304,656893.832304,0.0,-11431482.776579,3422798.4260082003,-0.9772182757546413,0.02301652110961361,0.0,0.0,0.08548253032404127,-0.9772182757546413,-0.3965017754275844,0.0,13.461793443773315,-5.337625000895535,0.0,0.0,0.0,0.0,0.01940015697559838,16.83033166040266,-674.5214421502873,0.0,3.0648640727550465,1.0079062528459808,0.0,-1.1257880163797467,0.0,2.520075574428092,0.6721077394998572,1.1644781523086545,0.0,-2.245181445097876,Other Precious Metals & Mining,Basic Materials,1.07,73591929,91932,ITRG
2015,2015-12-31,2015-12-31,-167402.661978,0.0,-167312.584223,-0.225194,0.0,0.0,15283.672866,-923890.061901,15283.672866,939173.734768,939173.734768,0.0,-11318869.488142,2690218.209389,-1.8384847449316257,0.016273530977498493,0.0,0.0,0.18109577223802684,-1.8384847449316257,0.18119327058627688,0.0,-16.115654584671685,-2.9200481618353904,0.0,0.0,0.0,0.0,0.016273530977498493,-10.953038804592795,-925.2879156101798,0.0,0.8326920433734404,0.7613186344365931,0.0,-1.0844046954541042,0.0,0.7926266112794584,0.7955749522728706,0.9400836628393974,0.0,-2.061287273335202,Other Precious Metals & Mining,Basic Materials,1.07,73591929,91932,ITRG
2014,2014-12-31,2014-12-31,-807252.381855,0.0,-818454.421722,-1.345985,0.0,0.0,56002.446462,-904303.705873,56002.446462,960306.152335,960306.152335,0.0,-13330443.8089,2251985.1009194003,-1.80042627475352,0.058317283843104764,0.0,0.0,0.882465286082716,-1.80042627475352,0.8926783962205395,0.0,-2.805241476429809,-2.5041784621907,0.0,0.0,0.0,0.0,0.05831728384310477,-14.414591376874125,-4.702703800094693,0.0,0.5413873561878983,-0.002720541124183833,0.0,-1.0810857535082927,0.0,0.09130896595917326,-1.8089596621671442,0.9672052481419089,0.0,-1.2317517542990408,Other Precious Metals & Mining,Basic Materials,1.07,73591929,91932,ITRG
2013,2013-12-31,2013-12-31,-888368.380026,0.0,1011737.0,-2.934906,0.0,0.0,584551.593302,-113557.857565,584551.593302,698109.450867,698109.450867,0.0,-13653344.853818,1018256.7291983002,-0.3011290099759485,0.8373351665358926,0.0,0.0,-8.617897849654568,-0.3011290099759485,7.823046322598169,0.0,-1.7468952768646278,-13.666042671639936,0.0,0.0,0.0,0.0,0.8373351665358926,-1.519743321556627,-4.920177397546974,0.0,0.5328427627306415,0.6731737509440265,0.0,-1.014613954279439,0.0,0.49623849048550295,1.5140657620613431,-0.6878930201018109,0.0,-1.0138248100504967,Other Precious Metals & Mining,Basic Materials,1.07,73591929,91932,ITRG
2012,2012-12-31,2012-12-31,-1763470.140627,0.0,-1968108.118975,-6.28248,0.0,0.0,156036.70979,-190487.82204,156036.70979,346524.53183,346524.53183,0.0,-13662398.600766,1104869.0997266,-0.6005593662984261,0.4502905146887245,0.0,0.0,9.056805141917275,-0.6005593662984261,9.257652913143675,0.0,-0.687419764711518,-6.363893587334125,0.0,0.0,0.0,0.0,0.4502905146887245,-11.30163628161824,-0.7249248020281691,0.0,0.8717117571581698,-7.92303167818576,0.0,-1.017619933756954,0.0,0.787295745652674,0.7698216983322717,-2.4686971525119676,0.0,-1.0270473772937119,Other Precious Metals & Mining,Basic Materials,1.07,73591929,91932,ITRG
2011,2011-12-31,2011-12-31,-8290714.005877,0.0,-8550363.369246,-48.971596,0.0,0.0,1801106.75808,1314250.734574,1669128.305583,486856.023506,486856.023506,0.0,-11593938.295788,-894612.50225,7.768770856553427,3.4283817494196613,0.0,0.0,-6.312732301482416,7.768770856553427,-6.30831985691402,0.0,-0.0805699017548417,0.5082607111096796,0.0,0.0,0.0,0.0,3.2095618411543443,-4.603121924163449,-0.39218134577405533,0.0,-2.1346836933909423,-77.65414483568551,0.0,-0.7720704470748251,0.0,-80.58967756044389,-82.69035384970213,-5.799147284800265,0.0,-0.6229773341526326,Other Precious Metals & Mining,Basic Materials,1.07,73591929,91932,ITRG
2010,2010-12-31,2010-12-31,-101614.741641,0.0,-102166.653335,-15.6225,0.0,0.0,1752265.637498,1585866.261398,46526.555751,142403.215486,166399.3761,0.0,-1690309.550472,280969.49370700005,21.781782814811763,0.3267240531908785,0.0,0.0,-0.056208086721720944,21.781782814811763,-0.0640752275992194,0.0,-2.771747289965636,0.17760033845206769,0.0,0.0,0.0,0.0,0.08098240489614333,-0.05799048926513917,-1.5596977383481967,0.0,-8.746755646026443,-1.23995439804406,0.0,-0.36093983069338853,0.0,0.1214677656014574,-0.6614437668898367,-1.23995439804406,0.0,-0.36093983069338853,Other Precious Metals & Mining,Basic Materials,1.07,73591929,91932,ITRG
2009,2009-12-31,2009-12-31,-115664.215452,0.0,-61492.694108,-1.6028410444832462,0.0,0.0,1692314.010123,1602283.449527,107075.732977,52924.267023,90030.560596,0.0,-1517475.88578,239351.311647,22.203977848826252,2.023187830460962,0.0,0.0,-0.027814016825401425,22.203977848826252,-0.07218711239022316,0.0,-2.5404977081260185,0.18339119358359723,0.0,0.0,0.0,0.0,2.023187830460962,-0.0683467812475259,-4.852230029930577,0.0,0.7503158289163183,-1.572444720843923,0.0,-0.3485529644661558,0.0,0.7808687357672135,0.23746603157051976,-1.572444720843923,0.0,-0.3485529644661558,Other Precious Metals & Mining,Basic Materials,1.07,73591929,91932,ITRG
2008,2008-12-31,2008-12-31,-527830.731306,0.0,-80642.563681,-6.419474,0.0,0.0,1634395.234182,1508926.047658,122376.335251,39437.962202,125469.186524,0.0,-1199194.741167,264901.936205,20.605580407461524,3.1030085840691326,0.0,0.0,-0.03970372273038762,20.605580407461524,-0.34980556676402047,0.0,-0.6528257178289137,0.2283620702232717,0.0,0.0,0.0,0.0,2.373781148440079,-0.3229517073146475,-1.9295268909003602,0.0,-9.302794565145934,-10.568236653958012,0.0,-0.3954486730581628,0.0,-10.568236653958012,0.4537036576045782,-10.568236653958012,0.0,-0.3954486730581628,Other Precious Metals & Mining,Basic Materials,1.07,73591929,91932,ITRG
TTM,,,,,,,,,,,,,,,,75743553.0,0.18745267288501077,0.8825358412284602,0.1323509337952724,0.7378288152568473,-0.7110252369842821,0.18745267288501077,-0.9196236188853769,-58.51356773131694,-4.4415271685856785,5.708107457376033,0.0,0.0,0.0,-0.015088513062182948,0.2138919298890639,-0.23053199830343155,-3.910000460644319,1.7513632135104835,,,,,,,,,,,Other Precious Metals & Mining,Basic Materials,1.07,73591929,91932,ITRG
