Quarters,Year,Quarter,FillingDate,Date,NetIncome,Revenue,OperatingIncome,EPSDiluted,GrossProfit,GrossProfitRatio,TotalAssets,CommonStockEquity,CurrentAssets,CurrentLiability,TotalLiability,Inventory,RetainedEarnings,MarketCap,EnterpriseValue,bookValuePerShare,currentRatio,debtToAssets,debtToEquity,roic,shareholdersEquityPerShare,roe,priceToSalesRatio,peRatio,pbRatio,payoutRatio,inventoryTurnover,dividendYield,assetTurnover,quickRatio,returnOnAssets,priceToFreeCashFlowsRatio,grossProfitMargin,epsdilutedGrowth,fiveYNetIncomeGrowthPerShare,fiveYRevenueGrowthPerShare,fiveYShareholdersEquityGrowthPerShare,grossProfitGrowth,netIncomeGrowth,operatingIncomeGrowth,threeYNetIncomeGrowthPerShare,threeYRevenueGrowthPerShare,threeYShareholdersEquityGrowthPerShare,Industry,Sector,Symbol
2023Q3,2023,Q3,2023-05-08,2023-03-31,70218000.0,294146000.0,80211000.0,0.43,202162000.0,0.6872845458,2599696000.0,1889686000.0,570996000.0,141163000.0,710010000.0,169464000.0,1246612000.0,11670903090.0,12017611090.0,12.012421254712004,4.044940954782769,0.18232516417304176,0.2508300320794037,0.028460550859573892,12.012421254712004,0.03715855438416753,39.67724561952228,41.552390733145344,6.176107083399041,0.17918482440399897,0.5427937497049521,0.0010780656734936526,0.11314630633735637,2.6466708698454977,0.027010081178722434,300.8972874932323,0.6872845457697878,0.3870967741935484,2.392440350709982,0.7106356315402524,0.702750599325949,0.10254144851657941,0.40421957804219577,0.18146735207906792,0.8771506672553144,0.47155093624881617,0.425302172188063,Biotechnology,Healthcare,TECH
2023Q2,2023,Q2,2023-02-07,2022-12-31,50005000.0,271581000.0,67891000.0,0.31,183360000.0,0.6751576878,2363401000.0,1827106000.0,565183000.0,128395000.0,536295000.0,160233000.0,1199976000.0,13013071680.0,13137547680.0,11.636802517021101,4.401908173994315,0.12234825998635018,0.1582601118927966,0.023172677632817846,11.636802517021101,0.027368417595913977,47.91598705358622,65.05885251474852,7.122231375738462,0.2511948805119488,0.5505794686487803,0.0009652601867478533,0.11491109633955474,2.97144748627283,0.021158068393810445,223.30453333333332,0.6751576877616623,-0.4363636363636364,-0.023334892267366025,0.6808058038695232,0.7469565821453518,0.020963835296082853,-0.44162804980179776,0.2055152085515919,-0.5935376638222163,0.4279090839595156,0.34247935287511466,Biotechnology,Healthcare,TECH
2023Q1,2023,Q1,2022-11-07,2022-09-30,89555000.0,269655000.0,56317000.0,0.55,179595000.0,0.6660176893,2350721000.0,1751154000.0,552031000.0,137629000.0,599567000.0,150009000.0,1162515000.0,11141888000.0,11318163000.0,11.158964620717782,4.01100785444928,0.14528819030416626,0.19503253283263494,0.02245844669240301,11.158964620717782,0.05114056216643425,41.31904841371382,31.10347830941879,6.362597464300683,0.1400815141533136,0.6003639781613104,0.001125931260482963,0.11471161401119061,2.7410574806181836,0.03809682220901587,239.48174099946266,0.6660176892696223,0.4473684210526317,4.3784469158277055,0.7764521518866425,0.7381667691061681,-0.10359818518500033,0.45561081854235747,-0.30104377396894744,5.029709440567126,0.42655920375086676,0.44571305800303423,Biotechnology,Healthcare,TECH
2022Q4,2022,Q4,2022-08-24,2022-06-30,61524000.0,288229000.0,80573000.0,0.38,200351000.0,0.6951104851,2294805000.0,1701011000.0,605556000.0,176018000.0,593794000.0,141123000.0,1122921000.0,13587941360.0,13741345360.0,10.848561187785403,3.4403072413048665,0.14204736350147398,0.19163368138124914,0.030093086552038528,10.848561187785403,0.03616907827168666,47.142866817703975,55.21398706195956,7.988156078943639,0.20380664456147193,0.6227050161915492,0.0009228035114216889,0.12560065016417518,2.50870365530798,0.02681012112140247,152.42174565605123,0.6951104850656943,0.027027027027027053,0.8258215113132347,0.7536898160107219,0.706474938040549,-0.005494941873740432,0.022944932162809257,-0.10916890554689487,2.6121117665578857,0.4532532696541543,0.4102890344864232,Biotechnology,Healthcare,TECH
2022Q3,2022,Q3,2022-05-09,2022-03-31,60144000.0,290376000.0,90447000.0,0.37,201458000.0,0.6937832328,2299892000.0,1713322000.0,593108000.0,166838000.0,586570000.0,128283000.0,1132807000.0,17006346880.0,17172751880.0,10.906765634548789,3.5549934667162155,0.14227885483318348,0.19098920109588274,0.03751005191962261,10.906765634548789,0.035103734149214215,58.56664076920958,70.69012237297153,9.925949051024851,0.2091147911678638,0.6931393871362534,0.0007395474224267969,0.1262563633422787,2.59693235354056,0.026150793167679178,293.07139449920726,0.6937832327740585,-0.15909090909090912,1.6721476031856848,0.9157783767712535,0.7932780504176482,0.09672221284657387,-0.1653506154678805,-0.06942743968311127,0.29544477073547915,0.5107840194088384,0.4376082045465079,Biotechnology,Healthcare,TECH
2022Q2,2022,Q2,2022-02-07,2021-12-31,72059000.0,269276000.0,97195000.0,0.44,183691000.0,0.6821662532,2304846000.0,1702989000.0,590230000.0,154809000.0,602315000.0,121858000.0,1145641000.0,20336635400.0,20476435400.0,10.830507504451793,3.8126336324115524,0.15256767697277823,0.20648694736137463,0.038259850951477756,10.830507504451793,0.04231325040854639,75.5233864139396,70.55550104775254,11.941730334136041,0.17452365422778557,0.7023338640056459,0.0006183913785463253,0.11683036523915263,2.789734446963678,0.031264127841946925,223.91010624827965,0.6821662532123175,0.04055275443510733,9.833065420480157,0.9389119900969426,0.8148521186970075,0.07423522050094446,0.03510737628384687,0.537360412514631,2.943307127117996,0.4824336817727132,0.4922131341883902,Biotechnology,Healthcare,TECH
2022Q1,2022,Q1,2021-11-08,2021-09-30,69615000.0,257719000.0,63222000.0,0.4228521794061908,170997000.0,0.6635017208665251,2270187000.0,1639365000.0,543748000.0,133992000.0,623232000.0,117366000.0,1119337000.0,18943779580.0,19124741580.0,10.483482120018417,4.058063167950325,0.16619027419327131,0.23013971873255804,0.03091229585711606,10.483482120018417,0.042464612822647796,73.50556062998848,68.0305235222294,11.55555936597402,0.17945845004668534,0.7389022374452567,0.0006594776901431832,0.11352324720386471,2.855461520090752,0.03066487474379864,447.1669242753281,0.6635017208665251,3.629892178257624,3.077549065097256,0.882105187940256,0.7459766780757391,-0.028116900832082934,3.653409090909091,-0.07815461782975125,2.857228688861496,0.5248792436845751,0.4248106994547275,Biotechnology,Healthcare,TECH
2021Q4,2021,Q4,2021-08-25,2021-06-30,14960000.0,259028000.0,68582000.0,0.09133089133089133,175944000.0,0.6792470312089812,2262957000.0,1562971000.0,510606000.0,152284000.0,691723000.0,116748000.0,1085461000.0,17518265820.0,17739728820.0,10.042993548718739,3.352985211841034,0.1858426828260546,0.26907345049908155,0.06844946224670731,10.042993548718739,0.009571514762589965,67.63078053337863,292.75176838235296,11.208311491384038,0.8320855614973262,0.7116524480076747,0.0007105726176268286,0.11446439326951419,2.4752370570775657,0.006610819383664824,158.2441991255962,0.6792470312089812,-0.675420441590552,-0.4414705643461267,0.8389696387936091,0.7006659624124573,0.04558042240631351,-0.6732340221047574,-0.0006411564130213038,-0.6534451879674897,0.3881890392729169,0.3992384583581235,Biotechnology,Healthcare,TECH
2021Q3,2021,Q3,2021-05-07,2021-03-31,45782000.0,243552000.0,68626000.0,0.2813821418035205,168274000.0,0.6909161082643542,2084642000.0,1539453000.0,566606000.0,137640000.0,536700000.0,109990000.0,1088788000.0,14840272080.0,14946797080.0,9.904860253242742,4.116579482708515,0.1403890931872235,0.19010713545655503,0.03598022656625783,9.904860253242742,0.029739134614697557,60.932663579030354,81.03770084312612,9.639964376957272,0.2718535669040234,0.6844076734248568,0.0008386638690252369,0.1168315710803102,3.153400174367916,0.02196156462356606,230.926678700361,0.6909161082643542,-0.02082371244462771,0.4468359744871833,0.7801150562709749,0.7277261213494483,0.11513585155732273,-0.010632320525565113,0.345739778409648,1.2387187458360482,0.4335976395155703,0.4040056017710142,Biotechnology,Healthcare,TECH
2021Q2,2021,Q2,2021-02-08,2020-12-31,46274000.0,224253000.0,50995000.0,0.2873661723426982,150900000.0,0.6729006969806424,2067866000.0,1521916000.0,541933000.0,117568000.0,537012000.0,106590000.0,1104762000.0,12286327050.0,12425920050.0,9.833785634902174,4.609528102885139,0.1475525977021722,0.20048346952131393,0.021964187502224324,9.833785634902174,0.030405094630715494,54.78779347433479,66.37813377922808,8.072933755870888,0.2677961706357782,0.6881790036588799,0.0010086008576501307,0.10844658212862922,3.4975078252585736,0.022377658900528372,157.87324026007403,0.6729006969806424,0.37767103434843485,0.7205378873425906,0.7827537644432028,0.7082344526731786,0.09561391407889291,0.38565653540949246,0.038763953393628287,-0.08308428366505675,0.40804505365200544,0.47628152296739795,Biotechnology,Healthcare,TECH
2021Q1,2021,Q1,2020-11-09,2020-09-30,33395000.0,204199000.0,49092000.0,0.2085883822610868,137731000.0,0.6744939985014619,2053096000.0,1439285000.0,541893000.0,105424000.0,613811000.0,106003000.0,1073362000.0,9546523280.0,9710453280.0,9.337275534565082,5.14012938230384,0.16235675292338986,0.23159693875778598,0.022550958745634588,9.337275534565082,0.02320249290446298,46.75107752731404,71.46671118430902,6.632823436636941,0.36939661625991915,0.6270388573908285,0.0012921981791888535,0.09945906085248815,3.8892946577629384,0.01626567876027229,173.3493722648944,0.6744939985014619,-0.43710026165246685,0.418521528905673,0.7525683414894724,0.6567043429731726,0.2154808761494608,-0.4324921403687654,0.24884253370643603,1.0418428392027224,0.36953287914657806,0.45441289580189614,Biotechnology,Healthcare,TECH
2020Q4,2020,Q4,2020-08-26,2020-06-30,58845000.0,175834000.0,39310000.0,0.37056045340050375,113314000.0,0.6444373670621154,2027589000.0,1381192000.0,520920000.0,106668000.0,646397000.0,103152000.0,1057470000.0,10114937280.0,10334590280.0,9.014672096908939,4.8835639554505565,0.1806470640746226,0.26518977810470956,0.020609901657769342,9.014672096908939,0.04260450393573088,57.52549154316002,42.972798368595456,7.323339028896779,0.20830996686209532,0.6060958585388553,0.0012118710833963768,0.08672073087790474,3.688332020849739,0.029022153898053304,368.91594135239626,0.6444373670621154,0.6044193543971086,1.1678286993976645,0.44948156927096455,0.5818078715200473,-0.12877605468119296,0.6152009222661396,-0.17746019124939844,0.7871219229308086,0.09483537171301348,0.41800481573067066,Biotechnology,Healthcare,TECH
2020Q3,2020,Q3,2020-05-11,2020-03-31,36432000.0,194680000.0,47791000.0,0.2309623430962343,130063000.0,0.668086089993836,1999022000.0,1291268000.0,491928000.0,104985000.0,707754000.0,99673000.0,1012713000.0,7263014860.0,7536190860.0,8.427982142390935,4.685697956850979,0.21480103770743894,0.33253515149449997,0.020662817318436742,8.427982142390935,0.02821412750877432,37.30745253749743,49.83952884826526,5.62471528760877,0.33703886693017127,0.6482899079991572,0.0016906202502248494,0.0973876225474257,3.6056579511358766,0.018224911981959177,180.73045661532336,0.668086089993836,-0.6945524846782007,0.4542571906677215,0.6534867056807298,0.5266985867191886,0.07133266887968172,-0.6954406380097307,0.29192798442906576,0.6595921709216197,0.3169100586440284,0.38571927660998295,Biotechnology,Healthcare,TECH
2020Q2,2020,Q2,2020-02-06,2019-12-31,119622000.0,184934000.0,36992000.0,0.7561441213653604,121403000.0,0.6564666313387478,1998415000.0,1323348000.0,465074000.0,104953000.0,675067000.0,95351000.0,1038783000.0,8378038170.0,8660095170.0,8.668142636308854,4.431259706725868,0.19633059199415537,0.29648286013958536,0.01638278342070977,8.668142636308854,0.09039345659645082,45.30285491040047,17.509400800020064,6.330941044985899,0.10195448997676013,0.6662856183993875,0.0014557107227884593,0.0925403382180378,3.3891646737110896,0.05985843781196598,149.99889300676764,0.6564666313387478,7.245846699806776,2.4999796522712847,0.6051317399478808,0.5667850381390787,0.02524194774266556,7.30823725517433,0.10997089446994929,17.5220568609102,0.37148869174570254,0.45250783697871255,Biotechnology,Healthcare,TECH
2020Q1,2020,Q1,2019-11-06,2019-09-30,14398000.0,183243000.0,33327000.0,0.09169999745242402,118414000.0,0.646212952200084,1925028000.0,1174224000.0,391945000.0,88268000.0,750804000.0,90855000.0,931358000.0,7441721440.0,7837146440.0,7.718657972233908,4.440397426020755,0.2573032703939891,0.4218241153306354,0.015384370470691936,7.718657972233908,0.012261714970908447,40.611218109286575,129.214499236005,6.337565438962242,0.8451868315043756,0.7135435584172583,0.0016352399237346351,0.0951897842524888,3.1850160873702813,0.007479371728619013,247.9416752182315,0.646212952200084,-0.1279029403886722,-0.413980856420931,0.6437071451868212,0.4400791294241976,-0.07676594417589272,-0.125273390036452,-0.2296828772189349,-0.13311900546504768,0.37557980673101715,0.2855076825885886,Biotechnology,Healthcare,TECH
2019Q4,2019,Q4,2019-08-28,2019-06-30,16460000.0,191665000.0,43264000.0,0.10514884374600741,128260000.0,0.6691884277254585,1884410000.0,1165589000.0,412607000.0,101985000.0,718821000.0,91050000.0,931934000.0,7926978060.0,8331252060.0,7.692438161611362,4.045761631612492,0.2680732961510499,0.43339461851475947,0.01870583925078948,7.692438161611362,0.014121615766792583,41.35850603918295,120.39760115431349,6.8008346509790325,0.7367557715674362,0.6963756177924217,0.0015298389762415968,0.10171088032859091,2.975918027160857,0.008734829469170723,179.1245550684684,0.6691884277254585,-0.6339688075591352,-0.4008360099661621,1.0227048751052978,0.4311098953012194,0.029291389134098386,-0.6313880055538138,-0.018734406894987527,-0.3688238014532824,0.3975809430039803,0.3026263221172839,Biotechnology,Healthcare,TECH
2019Q3,2019,Q3,2019-05-07,2019-03-31,44654000.0,184861000.0,44090000.0,0.28726744036437557,124610000.0,0.6740740340039273,1872618000.0,1146266000.0,423433000.0,98047000.0,726352000.0,93839000.0,927773000.0,7551755960.0,7978459960.0,7.586744149105157,4.318673697308434,0.2788956423573842,0.4556228658967465,0.023657337371570282,7.586744149105157,0.038956053830437265,40.850995937488165,42.27928046759529,6.588135703231187,0.27065884355264924,0.6420677969714085,0.0016004224797539668,0.09871794461016609,3.1894601568635452,0.02384576032057793,217.3980470391801,0.6740740340039273,1.5361218453494703,0.37910075949585365,0.8905044828233977,0.4415420204988948,0.10256773257357235,1.5435178856231488,0.31208523048537334,0.4516870915639773,0.3899199248313948,0.32337213320225483,Biotechnology,Healthcare,TECH
2019Q2,2019,Q2,2019-02-07,2018-12-31,17556000.0,174510000.0,33603000.0,0.11327036234128213,113018000.0,0.6476305082803278,1844832000.0,1096425000.0,379934000.0,87432000.0,748407000.0,90905000.0,895205000.0,5465495520.0,5924978520.0,7.258016469840597,4.345479915820294,0.2956198721618012,0.49740657135690997,0.016507692967275462,7.258016469840597,0.016012039127163282,31.319096441464673,77.82945317840054,4.984832998153089,0.6883686488949646,0.6764424399097959,0.002211144434347647,0.09459397928917104,3.0860096989660537,0.009516313680595306,130.25800233561333,0.6476305082803278,0.01048384153357081,-0.3157029940580968,1.028460817467793,0.4304884436689657,0.05032387572837189,0.008791587657300466,0.30431238597989363,-0.3312531703091245,0.4212889671455304,0.26079561342547075,Biotechnology,Healthcare,TECH
2019Q1,2019,Q1,2018-11-07,2018-09-30,17403000.0,162970000.0,25763000.0,0.11209517429727153,107603000.0,0.6602626250230104,1872198000.0,1109469000.0,383112000.0,83442000.0,762729000.0,90918000.0,905139000.0,7682648600.0,8149447600.0,7.357806987293419,4.591356870640684,0.2999004378810361,0.506073626212179,0.015257806733532546,7.357806987293419,0.015685882165252026,47.141489844756705,110.3638539332299,6.924617632398923,0.6933287364247543,0.6089773202226182,0.0015705521140196362,0.08704741699328811,3.337336113707725,0.009295491182022414,217.89802597991945,0.6602626250230104,-0.5876824393873077,-0.3798933510069617,0.8591971551348431,0.4919654689402963,-0.11931478707818728,-0.5826718783722213,-0.399673773738786,-0.24431909633395904,0.4298446694398814,0.30548903108653336,Biotechnology,Healthcare,TECH
2018Q4,2018,Q4,2018-08-27,2018-06-30,41701000.0,180254000.0,42915000.0,0.2718661172973114,122181000.0,0.6778268443418731,1593202000.0,1079061000.0,398366000.0,79510000.0,514141000.0,85648000.0,876931000.0,5560700750.0,5837474750.0,7.177471065584675,5.010262860017608,0.21277904496730485,0.3141620353251577,0.022427649392001682,7.177471065584675,0.0386456372716649,30.849250224682947,33.336735030335,5.153277479215725,0.28853025107311575,0.6780426863441061,0.002163756069772322,0.11313945124347069,3.7988932209784934,0.026174333198175748,94.21563087714543,0.6778268443418731,1.101432251687922,0.43876078816049524,1.2232229550525362,0.43412983955208245,0.10810712763352409,1.1127267200324247,-0.003922569863522421,0.5656383043005215,0.5143432520660379,0.2594335220514795,Biotechnology,Healthcare,TECH
2018Q3,2018,Q3,2018-05-09,2018-03-31,19738000.0,163973000.0,43084000.0,0.1293718210896125,110261000.0,0.6724338763089045,1617808000.0,1058292000.0,393504000.0,70889000.0,559516000.0,88586000.0,847310000.0,5664453120.0,6060171120.0,7.05471562275018,5.550988164595354,0.24261222592544973,0.370880626518957,0.023463176400065195,7.05471562275018,0.01865080714963356,34.54503558512682,71.74553044888033,5.352448209000918,0.6077110142871618,0.6063260560359425,0.0021175918920836615,0.1013550433673217,4.037199001255484,0.012200458892526184,312.22870245838385,0.6724338763089045,-0.5982102739865586,-0.4145143823806212,0.9888746270244384,0.4449288777394702,0.08275232240705462,-0.5959219604069851,0.7841643200265033,-0.1953108754730389,0.42238935338240907,0.2779363065787202,Biotechnology,Healthcare,TECH
2018Q2,2018,Q2,2018-02-08,2017-12-31,48847000.0,154153000.0,24148000.0,0.3219888730686073,101834000.0,0.6606034264659137,1555422000.0,997819000.0,346086000.0,111679000.0,557603000.0,68280000.0,839564000.0,4851517950.0,5133486950.0,6.661185879462736,3.098935341469748,0.2330557237842849,0.36329234059483734,0.03990236045604993,6.661185879462736,0.048953768168375225,31.47209558036496,24.830173552111695,4.862122238602392,0.24541937068806682,0.7662419449326303,0.0024709792117743267,0.09910686617522448,2.336007664825079,0.03140433914397508,147.70048862909854,0.6606034264659137,2.061360514165502,0.8942129882036195,1.0193845196533065,0.413017475306878,0.04052397106306454,2.079304040849776,-0.07233682916522607,0.45659949840896624,0.3636210602954599,0.20402337733677872,Biotechnology,Healthcare,TECH
2018Q1,2018,Q1,2017-11-09,2017-09-30,15863000.0,144613000.0,26031000.0,0.10517835830791672,97868000.0,0.6767579678175545,1527380000.0,959810000.0,307158000.0,107031000.0,567570000.0,66532000.0,802434000.0,4518384640.0,4833681640.0,6.41996200770548,2.8698040754547747,0.22096662258246147,0.3516320938519082,0.013858880188110836,6.41996200770548,0.016527229347475022,31.244664310954064,71.20949126899073,4.70758237567852,0.7538296665195738,0.7025942403655384,0.002646521036332135,0.09468043316005186,2.149377283217012,0.010385758619335071,114.61290718616036,0.6767579678175545,-0.5079401107682959,-0.3910542454586064,0.8992697225924691,0.3895540633393961,-0.11677060113530734,-0.5058563329387578,-0.44249550244153174,-0.3430212814793599,0.3199598726861455,0.19777989026727155,Biotechnology,Healthcare,TECH
2017Q4,2017,Q4,2017-09-07,2017-06-30,32102000.0,156578000.0,46692000.0,0.21375113194481435,110807000.0,0.707679239739938,1558219000.0,949627000.0,348025000.0,135522000.0,608592000.0,60151000.0,799027000.0,4387920000.0,4646211000.0,6.357293005569837,2.568033234456398,0.22455315972915232,0.36846361782047055,0.026057202554082434,6.357293005569837,0.033804851799706624,28.02386031243214,34.17170269765124,4.62067738175094,0.3585757896704255,0.7609349802995794,0.002623338620576492,0.10048523346204866,2.025826065140715,0.02060172543140598,97.59825618897217,0.707679239739938,0.49878628101152356,0.16216112602082008,0.9625384337242286,0.3885635046994462,0.17650743764798318,0.5008649305717893,0.4453490171800031,0.18535535105090753,0.6761815267758845,0.18271798049715332,Biotechnology,Healthcare,TECH
2017Q3,2017,Q3,2017-05-10,2017-03-31,21389000.0,144037000.0,32305000.0,0.14261615191764015,94183000.0,0.6538806001235794,1533431000.0,907925000.0,306042000.0,142200000.0,625506000.0,63767000.0,778836000.0,3793578000.0,4091953000.0,6.08202706323687,2.152194092827004,0.23360359872729847,0.39454250075722114,0.018172855124929936,6.08202706323687,0.023558113280281963,26.33752438609524,44.34029173874422,4.178294462648347,0.5583711253448034,0.7818150453996582,0.00314821522056486,0.09393119090457934,1.6311884669479606,0.013948459369870572,181.31137982124935,0.6538806001235794,2.3866422566572583,-0.3346877659193149,0.7014513385324406,0.3915214231201322,0.10696739615899956,2.3880880722319024,1.000805152979066,-0.3314183449011795,0.4908530109228743,0.1556337487012196,Biotechnology,Healthcare,TECH
2017Q2,2017,Q2,2017-02-09,2016-12-31,6313000.0,131807000.0,16146000.0,0.042111372004909546,85082000.0,0.6455044117535488,1520025000.0,890573000.0,294106000.0,120326000.0,629452000.0,66089000.0,769005000.0,3836381640.0,4124699640.0,5.96770799828455,2.4442431394711037,0.22845282149964638,0.3899219940420381,0.006082108981969082,5.96770799828455,0.007088694582027526,29.10605385146464,151.9238729605576,4.307767740544571,1.8911769364802788,0.707001165095553,0.003112047006877032,0.08671370536668804,1.827227698086864,0.00415322116412559,98.93446218118989,0.6455044117535488,-0.6122991356452366,-0.7576752356873296,0.7491995102896613,0.4768206100998932,0.007245175802059903,-0.6122474049505559,-0.3653800801823756,-0.7509113851103641,0.5509000167769963,0.1761804843251329,Biotechnology,Healthcare,TECH
2017Q1,2017,Q1,2016-11-09,2016-09-30,16281000.0,130581000.0,25442000.0,0.10861820510767753,84470000.0,0.6468781828903133,1517476000.0,895395000.0,310151000.0,107016000.0,622083000.0,70519000.0,774734000.0,4082269500.0,4359913500.0,6.004365494487809,2.898174104806758,0.228822729321584,0.387798681029043,0.013817300783125085,6.004365494487809,0.018183036536947382,31.262354400716795,62.684563294637925,4.559182818755968,0.7328788157975554,0.6538805144712773,0.0029228839497245345,0.08605144331771969,2.1658723929132093,0.010728999997364043,172.90425667090216,0.6468781828903133,-0.36617763525397384,-0.41136688827777296,0.6744357126551063,0.5117022232344246,-0.058221469027338,-0.3646686958557715,-0.3641407577726682,-0.4133992949039688,0.5063191844687305,0.21752391658859827,Biotechnology,Healthcare,TECH
2016Q4,2016,Q4,2016-08-29,2016-06-30,25626000.0,134762000.0,40012000.0,0.17137010485769313,89692000.0,0.6655585402413143,1129581000.0,879280000.0,253891000.0,54147000.0,250301000.0,57102000.0,770553000.0,4197750480.0,4228772480.0,5.905329894691596,4.688920900511571,0.08433126973630045,0.10833750341188245,0.02785639251531292,5.905329894691596,0.02914429988172141,31.14936317359493,40.952065090142824,4.774077063051588,0.4647233278701319,0.7892893418794438,0.0028369956853652725,0.11930264407775981,3.4947088481356308,0.02268628810151729,126.03207974299697,0.6655585402413143,-0.15592967665813653,-0.09861307613431629,0.7208921482299889,0.4949666618457233,-0.0033004033826356553,-0.1540061404377538,-0.08075447423438326,-0.1072816530842603,0.6782515996775798,0.17994342812251957,Biotechnology,Healthcare,TECH
2016Q3,2016,Q3,2016-05-10,2016-03-31,30291000.0,130973000.0,43527000.0,0.20302823131987452,89989000.0,0.6870805433180884,1121923000.0,852962000.0,236739000.0,46616000.0,268962000.0,57066000.0,756926000.0,3515765920.0,3611668920.0,5.732887944940316,5.07849236313712,0.14405266671598674,0.18947620175341925,0.030584414748698625,5.732887944940316,0.0355127192067173,26.843440403747337,29.01658842560496,4.121831828381569,0.3929219900300419,0.7181859601163565,0.0033853220808284074,0.11673974060608437,3.7070533722327097,0.02699917908804793,102.4974758753389,0.6870805433180884,0.1718163407934145,-0.02690271231870745,0.7136509396683269,0.5031446986421104,0.10298209273536225,0.17175351050249507,0.2082442748091603,-0.09406618946803708,0.6017200464376159,0.1741955009179377,Biotechnology,Healthcare,TECH
2016Q2,2016,Q2,2016-02-09,2015-12-31,25851000.0,120907000.0,36025000.0,0.17325943004209002,81587000.0,0.6747913685725392,1133453000.0,856343000.0,258383000.0,35829000.0,277110000.0,58675000.0,738538000.0,3347010000.0,3451136000.0,5.7566955282476,7.211560467777499,0.14696507045285512,0.19452252193338418,0.025736831021800907,5.7566955282476,0.03018767012750732,27.6825163141919,32.36828362539167,3.9084922747076813,0.460407721171328,0.670132083510865,0.0035560096922327687,0.10667138381565006,5.058835021909626,0.022807297700036967,99.45946749078807,0.6747913685725392,0.1388867982596713,-0.028255520865395033,0.7811025232585135,0.5760761951912273,0.08218487617885424,0.1384595058792443,0.16104808560010314,0.00947132390804468,0.5949394925032325,0.22115063723321562,Biotechnology,Healthcare,TECH
2016Q1,2016,Q1,2015-11-09,2015-09-30,22707000.0,112381000.0,31028000.0,0.15213051051855822,75391000.0,0.670851834384816,1128318000.0,837946000.0,240997000.0,45040000.0,290374000.0,58967000.0,724586000.0,3436645740.0,3556039740.0,5.636054238747343,5.350732682060391,0.14910335561428603,0.20077188744859453,0.021988094593726557,5.636054238747343,0.02709840490914689,30.580309304953683,37.83685361342317,4.101273518818635,0.5238032324833751,0.6273000152627741,0.003460932810607357,0.09960046724416344,3.533570159857904,0.020124645711581308,133.659215152458,0.670851834384816,-0.13802918610055387,-0.14199399723972883,0.6482591311468079,0.5949075969799478,-0.04674539753186324,-0.1375669413954195,-0.1791751540964525,-0.12347362867841018,0.4841716981189755,0.2198829306548566,Biotechnology,Healthcare,TECH
2015Q4,2015,Q4,2015-08-31,2015-06-30,26329000.0,117663000.0,37801000.0,0.17649148679447646,79088000.0,0.6721569227369691,1063360000.0,846935000.0,248283000.0,39768000.0,216425000.0,49577000.0,713851000.0,3658455910.0,3680947910.0,5.698967781874949,6.2432860591430295,0.07243454709599759,0.09094440541481932,0.028167244017467435,5.698967781874949,0.031087391594396264,31.092662179274708,34.737892722853125,4.319641896957854,0.4515173382961753,0.7780825786150836,0.0032494583213386326,0.11065208396027686,4.550266545966607,0.024760194101715316,121.12087104783976,0.6721569227369691,0.08318834439577498,0.013667540008117835,0.7583285468695312,0.6826873815497109,-0.0036785084404132025,0.08394400988060931,-0.04121645614569066,-0.04193369759020204,0.48236206733434744,0.24477174002147342,Biotechnology,Healthcare,TECH
2015Q3,2015,Q3,2015-05-11,2015-03-31,24290000.0,114158000.0,39426000.0,0.16293702540985805,79380000.0,0.6953520559224934,1104305000.0,820066000.0,294738000.0,38513000.0,284239000.0,51045000.0,699466000.0,3724570020.0,3773138020.0,5.5203968980559,7.652948355100875,0.14037335699829304,0.18902746852082639,0.02533943778463241,5.5203968980559,0.029619567205566383,32.626447730338654,38.33439707698641,4.541793002026666,0.4892136681762042,0.6813204035654814,0.003190435388834494,0.10337542617302285,5.888323423259679,0.021995734873970507,144.07279978338232,0.6953520559224934,-0.26971006022147875,-0.24692098158500694,0.6311132720640314,0.6399012324934727,0.048017638593665424,-0.26857177271221655,0.1401388085598612,-0.24074848521690415,0.35511121698692594,0.26302472315577996,Biotechnology,Healthcare,TECH
2015Q2,2015,Q2,2015-02-09,2014-12-31,33209000.0,111948000.0,34580000.0,0.22311278922899141,75743000.0,0.6765909172115625,1118998000.0,820682000.0,273530000.0,44280000.0,298316000.0,52815000.0,687060000.0,3426654000.0,3490706000.0,5.532438991506,6.177280939476061,0.14032196661656232,0.1913286754187371,0.027595740507165813,5.532438991506,0.04046512534696752,30.609336477650338,25.796124544551176,4.175373652644995,0.35722243970008133,0.6855060115497491,0.003461977777738867,0.10004307425035612,4.573328816621499,0.029677443570051063,105.16369997544807,0.6765909172115625,0.38673926369324024,0.3494011455561471,0.7162760137314612,0.687410539122879,0.036638108011934414,0.38909106119546577,-0.01805997273966379,0.2823940449177355,0.49458595096206104,0.36910517892714595,Biotechnology,Healthcare,TECH
2015Q1,2015,Q1,2014-11-10,2014-09-30,23907000.0,108477000.0,35216000.0,0.1608902228922149,73066000.0,0.673562137595988,1018260000.0,793413000.0,268111000.0,40618000.0,224847000.0,52195000.0,665714000.0,3462004850.0,3488711850.0,5.35988461642392,6.60079275198188,0.12270539940683126,0.15747914390109566,0.026497300190903218,5.35988461642392,0.03013184810432902,31.914644118107987,36.20283651231856,4.363433482940159,0.4798594553896348,0.6784366318612894,0.003313686865574438,0.10653173059925755,4.735560588901472,0.023478286488716044,112.35533216499529,0.673562137595988,-0.1096815864439005,-0.10127181106674454,0.640884945850522,0.6953406329321402,0.1489629361722202,-0.10874589919475097,-0.09344591463728569,-0.12925223877585026,0.40129582130388103,0.3494430840971322,Biotechnology,Healthcare,TECH
2014Q4,2014,Q4,2014-08-29,2014-06-30,26824000.0,92523000.0,38846000.0,0.18071087876256434,63593000.0,0.687320990456427,862491000.0,795265000.0,469413000.0,26391000.0,67226000.0,38847000.0,653279000.0,3423979159.9999995,3118357159.9999995,5.37515545582351,17.786859156530635,0.015010011698672797,0.01627885044607772,0.032680378142694096,5.37515545582351,0.03372963729071442,37.006789230785856,31.911526617954067,4.305456872866277,0.4275648672830301,0.7447164517208537,0.003349611508733599,0.10727416286082986,15.852184456822402,0.03110061438322255,95.59114324799685,0.687320990456427,-0.15351851195735958,0.06398717801684016,0.4357507821631846,0.7542655785082139,-0.06633289776981692,-0.152239183338074,-0.15125958618278748,-0.05045366295606134,0.18904448243158042,0.36075009389699136,Biotechnology,Healthcare,TECH
2014Q3,2014,Q3,2014-05-12,2014-03-31,31641000.0,95555000.0,45769000.0,0.21348473807788843,68111000.0,0.7127936790330176,830566000.0,777041000.0,319531000.0,24364000.0,53525000.0,38386000.0,637923000.0,3151092070.0,3027489070.0,5.262936522987728,13.114882613692332,0.0,0.0,0.04045469250669369,5.262936522987728,0.0407198590550563,32.976736643817695,24.897222511930725,4.055245566192775,0.36155620871653865,0.7149481581826708,0.0036304873821094027,0.1150480515696525,11.106099162699063,0.038095708227883156,102.73178593551332,0.7127936790330176,0.2615665663465241,0.160715156940891,0.42767833744172534,0.8456875229472925,0.1624426125987746,0.2628617042506486,0.28046665174574753,0.0243144031617058,0.2598952326703107,0.3799249540191917,Biotechnology,Healthcare,TECH
2014Q2,2014,Q2,2014-02-04,2013-12-31,25055000.0,84017000.0,35744000.0,0.16922193705254626,58593000.0,0.6973945749074592,802165000.0,748528000.0,279141000.0,22109000.0,53637000.0,39992000.0,617722000.0,3491618940.0,3393216940.0,5.073802939103086,12.625672802930934,0.0,0.0,0.03303429506275384,5.073802939103086,0.03347236175533848,41.558481497792116,34.83954240670525,4.664647067310775,0.45635601676312115,0.6357271454290858,0.003274698698936488,0.10473780331976588,10.28047401510697,0.031234222385668784,126.16509268292683,0.6973945749074592,-0.08866447550292722,0.08976719218734969,0.3950858268469783,0.8289601142881688,-0.041250777235985206,-0.08651742744640513,-0.0925846005432713,-0.05033774216739655,0.24797153776059283,0.3891129020412061,Biotechnology,Healthcare,TECH
2014Q1,2014,Q1,2013-11-12,2013-09-30,27428000.0,85668000.0,39391000.0,0.18568565857885616,61114000.0,0.7133818928888266,779290000.0,726763000.0,280636000.0,20276000.0,52527000.0,39957000.0,604102000.0,2949570520.0,2865714520.0,4.931620161771891,13.840797001380944,0.0,0.0,0.037489645669394514,4.931620161771891,0.03773995098814882,34.4302484008031,26.884666399299984,4.0585039689692515,0.40290943561324194,0.6145105988938109,0.0037466471559391636,0.10993083447753725,11.287581376997435,0.03519614007622323,102.5081851671648,0.7133818928888266,-0.03459927492872469,0.005653725303092925,0.29553474433305355,0.5599917866405478,0.03378046923896679,-0.03459927492872479,-0.010674100863974282,0.04559232282001939,0.2676194808156018,0.39556472103391804,Biotechnology,Healthcare,TECH
2013Q4,2013,Q4,2013-08-29,2013-06-30,28411000.0,79475000.0,39816000.0,0.19234050043327555,59117000.0,0.743843976093111,778098000.0,737541000.0,409516000.0,32084000.0,40557000.0,34877000.0,587725000.0,2567518980.0,2403732980.0,5.004756799305141,12.763869841665628,0.0,0.0,0.03762540532630381,5.004756799305141,0.03852124831026343,32.305995344447936,22.592648798000774,3.48118813733745,0.3889338636443631,0.5837084611635175,0.004303765653175425,0.10214009032281281,11.629223288866724,0.03651339548488751,104.19702852968629,0.743843976093111,-0.1425927664724519,0.09275427997037812,0.22945746871634107,0.587286569222686,-0.033198685135820236,-0.14212814783501418,-0.09397897419560369,0.10305809104783241,0.19768148480818254,0.4777134099089855,Biotechnology,Healthcare,TECH
2013Q3,2013,Q3,2013-05-10,2013-03-31,33118000.0,80992000.0,43946000.0,0.2243280589574076,61147000.0,0.7549758000790201,760290000.0,719509000.0,390157000.0,32481000.0,40781000.0,35675000.0,572186000.0,2485361320.0,2342086320.0,4.882396449704142,12.01185308334103,0.0,0.0,0.04549033748985776,4.882396449704142,0.04602861117790048,30.68650385223232,18.76140859955311,3.4542463263141943,0.33374599915453834,0.5562718990889979,0.004447240693357214,0.10652777229741282,10.860164403805301,0.04355969432716463,93.25233828605734,0.7549758000790201,0.30542585956920687,0.184787723446023,0.2332220319184513,0.6276463328272505,0.10647268516005284,0.30570887872575303,0.19081942336874053,0.03502883382856705,0.16652810630688145,0.4503754174289994,Biotechnology,Healthcare,TECH
2013Q2,2013,Q2,2013-02-11,2012-12-31,25364000.0,75083000.0,36904000.0,0.17184281842818427,55263000.0,0.7360254651518986,724570000.0,694565000.0,359731000.0,21268000.0,30005000.0,37600000.0,550120000.0,2517235560.0,2373949560.0,4.714156757343758,16.91419033289449,0.0,0.0,0.035989255139847055,4.714156757343758,0.0365178205063601,33.52603865056005,24.811105898123323,3.62419004700784,0.43557798454502444,0.527127659574468,0.0043889416531204565,0.10362421850200809,15.065826593943953,0.03500558952206136,109.12713226687475,0.7360254651518986,-0.011977437134508486,0.1475744355188165,0.292256160679915,0.5860977716096324,-0.005757155964953313,-0.011843540595293751,-0.023781181387720552,0.03765365563963806,0.15894228901287114,0.43783199555063135,Biotechnology,Healthcare,TECH
2013Q1,2013,Q1,2012-11-09,2012-09-30,25668000.0,75025000.0,37803000.0,0.17392600623390703,55583000.0,0.740859713428857,712629000.0,680605000.0,350143000.0,22901000.0,32024000.0,38397000.0,535805000.0,2668188600.0,2537383600.0,4.6201599326599325,15.289419675996681,0.0,0.0,0.03753181765908002,4.6201599326599325,0.03771350489637896,35.56399333555481,25.9875,3.920318833978593,0.40174536387720117,0.5063416412740579,0.0038647942652929408,0.10527918454062352,13.535522466267848,0.03601874186989303,99.7528263795424,0.740859713428857,-0.05774384200286335,0.19290206153070233,0.38730951471168,0.565195905947017,-0.055738651807556404,-0.05774384200286333,-0.08285215197243923,-0.030381130896594707,0.14038688578737,0.4613644555858668,Biotechnology,Healthcare,TECH
2012Q4,2012,Q4,2012-08-29,2012-06-30,27241000.0,78681000.0,41218000.0,0.1845846320639653,58864000.0,0.7481348737306338,719324000.0,674442000.0,346507000.0,35750000.0,44882000.0,38277000.0,520448000.0,2732637600.0,2615962600.0,4.578323558162268,9.692503496503496,0.0,0.0,0.040988073901896634,4.578323558162268,0.040390426456240865,34.73059061272734,25.07835248338901,4.051701406496037,0.3785103336881906,0.5177260495859132,0.0037732775103438525,0.10938186408350062,8.579776223776223,0.03787027820564864,75.32077177508269,0.7481348737306338,-0.14136409344725545,0.2741796010151896,0.4440065109248097,0.6523980887809674,-0.0712967199406781,-0.14217785615316791,-0.11095293559380527,0.0852220631661548,0.2262582463412403,0.49420709621631215,Biotechnology,Healthcare,TECH
2012Q3,2012,Q3,2012-05-10,2012-03-31,31756000.0,83621000.0,46362000.0,0.2149742756566477,63383000.0,0.7579794549216106,684034000.0,644497000.0,306272000.0,30721000.0,39537000.0,40497000.0,505834000.0,2584166400.0,2488886400.0,4.370775010850695,9.969467139741544,0.0,0.0,0.05287288962994415,4.370775010850695,0.049272533464081295,30.903318544384785,20.343922408363774,4.009586390627109,0.32497795692152665,0.4997407215349285,0.003993550879695673,0.12224684737893146,8.604765469874028,0.04642459292959122,78.60343107433994,0.7579794549216106,0.23349745926693533,0.4210297330372214,0.4852123900009206,0.6747044208365688,0.14886713793728476,0.23023282841978848,0.2303487076057534,0.16641904503399738,0.25096645422738173,0.5328106025792088,Biotechnology,Healthcare,TECH
2012Q2,2012,Q2,2012-02-07,2011-12-31,25813000.0,74662000.0,37682000.0,0.17428027438695043,55170000.0,0.73893011170341,624248000.0,597506000.0,227216000.0,14123000.0,26742000.0,40978000.0,487524000.0,2523299160.0,2442305160.0,4.040915976843586,16.088366494370884,0.0,0.0,0.042983368597793815,4.040915976843586,0.04320123982018591,33.79629744716188,24.43825940417619,4.223052421230917,0.4013868980746136,0.47566987163844016,0.004106132227301974,0.11960310645768989,12.199745096650853,0.04135055298535197,138.36152656686954,0.73893011170341,-0.05846476523920677,0.4736945221423357,0.5150128474895683,0.6515381530648727,-0.05509788137770394,-0.062061698339449876,-0.0797372212860527,0.12018514172107421,0.2369307329065268,0.456634054483639,Biotechnology,Healthcare,TECH
2012Q1,2012,Q1,2011-11-09,2011-09-30,27521000.0,77596000.0,40947000.0,0.1851022329835889,58387000.0,0.7524485798237023,628436000.0,589354000.0,219010000.0,26236000.0,39082000.0,42116000.0,479551000.0,2522830950.0,2443595950.0,3.971923439816687,8.347690196676323,0.0,0.0,0.04721228717595247,3.971923439816687,0.04669689185107762,32.51238401463993,22.917326314450786,4.280671633687054,0.36430362268812905,0.45609744515148637,0.003974106945215651,0.1234747850218638,6.441302027748132,0.043792844458306016,75.67887419006479,0.7524485798237023,-0.02859058981327875,0.4882335650234355,0.5734888160139028,0.7297392362838653,-0.015479301913835258,-0.02859058981327874,-0.0388705020773185,0.002181448167706272,0.16546059355139328,0.25641629728694915,Biotechnology,Healthcare,TECH
2011Q4,2011,Q4,2011-08-29,2011-06-30,28331000.0,78038000.0,42603000.0,0.19055017487220877,59305000.0,0.7599502806325124,617670000.0,586122000.0,230417000.0,18188000.0,31548000.0,44906000.0,472730000.0,3092610150.0,3014997150.0,3.9501415285078854,12.668627666593359,0.0,0.0,0.04792240475277815,3.9501415285078854,0.04833635318244325,39.62954137727774,27.289984028096434,5.276393225301217,0.3539938583177438,0.4171602903843584,0.003242891768947987,0.12634254537212428,9.823674950516825,0.045867534443958746,92.59589059552681,0.7599502806325124,-0.08739077978406731,0.5431980165059844,0.5911137339567668,0.8281596865691822,-0.018746484000132367,-0.08797965490600052,-0.04772229424650185,0.08224533612783864,0.1989937694416118,0.25280944632511704,Biotechnology,Healthcare,TECH
2011Q3,2011,Q3,2011-05-10,2011-03-31,31064000.0,76271000.0,44738000.0,0.20879711781470128,60438000.0,0.7924112703386609,582819000.0,566277000.0,276726000.0,16542000.0,16542000.0,13619000.0,454428000.0,2657349210.0,2498721210.0,3.813929523963469,16.72869060573087,0.0,0.0,0.05407571239438488,3.813929523963469,0.054856545471562504,34.84088591994336,21.38608364988411,4.692666680794028,0.3226242595930981,1.1625670019825245,0.0037714275422611842,0.1308656718466625,15.198404062386652,0.053299566417704294,83.58021041705982,0.7924112703386609,0.169528259519566,0.6122623515175318,0.469449239641059,0.8902199754697858,0.15141931796532673,0.1707243536594558,0.19777248266445344,0.10301330664533068,0.1526714131260728,0.2714511136671193,Biotechnology,Healthcare,TECH
2011Q2,2011,Q2,2011-02-09,2010-12-31,26534000.0,67708000.0,37351000.0,0.17853105824093013,52490000.0,0.7752407396467182,555608000.0,541936000.0,253560000.0,13672000.0,13672000.0,13736000.0,433387000.0,2435897310.0,2300022310.0,3.6525489984633217,18.545933294324165,0.0,0.0,0.0485430155135477,3.6525489984633217,0.048961500989046676,35.97650661664796,22.950717098816614,4.49480623173216,0.37728951533881055,1.1078916715200933,0.004109779159779112,0.12186289614260414,16.58477179637215,0.047756691768297076,84.81536594707521,0.7752407396467182,0.004777913494284963,0.6840354506525451,0.477533125101057,1.0035223496673176,-0.004060412871888281,0.006104728320630948,-0.026379584495477414,0.19212767304617787,0.15718795419383655,0.22891539788803406,Biotechnology,Healthcare,TECH
2011Q1,2011,Q1,2010-11-09,2010-09-30,26373000.0,67945000.0,38363000.0,0.17768210849704907,52704000.0,0.7756862167929943,539624000.0,523565000.0,233199000.0,16059000.0,16059000.0,13818000.0,416863000.0,2286479200.0,2171467200.0,3.533781047516199,14.52138987483654,0.0,0.0,0.0496090121543493,3.533781047516199,0.05037196909648277,33.651912576348515,21.674432184431044,4.367135312711889,0.36510825465438135,1.1029816181791865,0.004211278195751792,0.12591174595644375,12.808456317329846,0.048872918921323,77.11305520893056,0.7756862167929943,0.018459162000386237,0.623045236317569,0.49005653401717664,0.8716626276125937,-0.0033282904689863843,0.018459162000386175,-0.014438021836865768,0.21865128212593196,0.24920012840071656,0.19715761114381095,Biotechnology,Healthcare,TECH
2010Q4,2010,Q4,2010-08-27,2010-06-30,25895000.0,66714000.0,38925000.0,0.17446169186406876,52880000.0,0.7926372275684265,518816000.0,501792000.0,201040000.0,17024000.0,17024000.0,13737000.0,400119000.0,2127948000.0,2033809000.0,3.3868250539956803,11.80921052631579,0.0,0.0,0.05203819782689701,3.3868250539956803,0.051605047509725145,31.896573432862667,20.544004634099245,4.240697340730821,0.3743193666731029,1.0070612215185266,0.00455509251165912,0.12858894097329304,10.15906954887218,0.049911722074878186,69.41148840395341,0.7926372275684265,-0.19459330099062735,0.4592165103766978,0.4679216740030358,0.9599583101075317,-0.05366953596163138,-0.20047548474743732,-0.06538129081828659,0.20428887260298198,0.21737230541453972,0.22236516820238428,Biotechnology,Healthcare,TECH
2010Q3,2010,Q3,2010-05-07,2010-03-31,32388000.0,70278000.0,41648000.0,0.2166131621187801,55879000.0,0.7951136913401065,521892000.0,502144000.0,219322000.0,19748000.0,19748000.0,13451000.0,399429000.0,2371025360.0,2262789360.0,3.3662984018019952,11.106036054283978,0.0,0.0,0.06482473305771591,3.3662984018019952,0.06449942645934234,33.737803580067734,18.30172718290725,4.721803626051491,0.2994627639866617,1.0704780313731321,0.004090635285318079,0.13466004460693018,9.676676119100668,0.06205881676668736,108.50381475379828,0.7951136913401065,0.3091948456167295,0.9039679449091244,0.5892035555182215,1.210396557863317,0.07064301042305335,0.31014117551878967,0.13935547409312252,0.4326769847221765,0.23389834646578736,0.28982956142957045,Biotechnology,Healthcare,TECH
2010Q2,2010,Q2,2010-02-08,2009-12-31,24721000.0,65521000.0,36554000.0,0.16545525125157284,52192000.0,0.7965690389340822,502233000.0,488546000.0,300959000.0,13687000.0,13687000.0,12988000.0,378139000.0,2553997120.0,2358446120.0,3.278656179533985,21.988675385402207,0.0,0.0,0.05040124330706309,3.278656179533985,0.05060117163992746,38.979825094244596,25.82821406901015,5.227751573035088,0.39177217750091015,1.0262550046196488,0.003792095114030512,0.1304593684604556,20.25863958500767,0.04922217377193454,95.86716414549004,0.7965690389340822,-0.07695597990699557,0.8342961778883174,0.7185580874591045,0.6290525367194784,-0.026867786623906924,-0.07660989093082325,-0.0675237876584781,0.40051539562338717,0.3193197942922629,0.3399995947235416,Biotechnology,Healthcare,TECH
2010Q1,2010,Q1,2009-11-05,2009-09-30,26772000.0,66534000.0,39201000.0,0.17924957818902487,53633000.0,0.8060991372831936,487046000.0,471006000.0,281884000.0,16040000.0,16040000.0,12468000.0,363102000.0,2330047200.0,2155290200.0,3.1615384615384614,17.573815461346634,0.0,0.0,0.05611570801136862,3.1615384615384614,0.05684004025426428,35.02039859320047,21.758247422680412,4.946958637469587,0.34778873449873,1.0347289059993583,0.00399605638890062,0.13660721985192364,16.14713216957606,0.05496811389478612,84.833874608607,0.8060991372831936,0.054597021980619116,1.0851608071299719,0.7973016030008973,0.6636507096870613,0.06766333558944142,0.05459702198061924,0.07591601482091395,0.44189985457219316,0.34374034469905657,0.3768233972294276,Biotechnology,Healthcare,TECH
2009Q4,2009,Q4,2009-08-28,2009-06-30,25386000.0,64890000.0,36435000.0,0.16996973673638824,50234000.0,0.7741408537525042,472005000.0,456482000.0,255467000.0,15523000.0,15523000.0,11269000.0,345641000.0,2376603450.0,2215663450.0,3.0640488656195464,16.457321394060425,0.0,0.0,0.054142610056692485,3.0640488656195464,0.05561226948707726,36.62511095700416,23.40466645001182,5.206346471492852,0.36677696368076895,1.3005590558168427,0.003917776017702911,0.13747735723138527,15.0769825420344,0.053783328566434675,88.22494060435073,0.7741408537525042,-0.07764622728876347,1.099242774860975,0.68931388710667,0.6964791493477832,-0.0619234360410831,-0.08158170833182592,-0.09903560830860535,0.37721398733203215,0.31771128373125485,0.4180683333438963,Biotechnology,Healthcare,TECH
2009Q3,2009,Q3,2009-05-07,2009-03-31,27641000.0,67866000.0,40440000.0,0.1842782474199312,53550000.0,0.7890549023074883,441803000.0,426889000.0,222675000.0,14914000.0,14914000.0,10749000.0,331336000.0,2047631170.0,1913810170.0,2.8514775429502763,14.930602118814537,0.0,0.0,0.06411410238667431,2.8514775429502763,0.06474985300628501,30.171679043998466,18.519872381607033,4.796636057616852,0.33920625158279366,1.3318448227742115,0.004578949635739331,0.15361145125768724,13.526149926243798,0.06256408399218656,76.86591726416157,0.7890549023074883,0.18552183150927548,1.0748987974973296,0.7506744453493877,0.6529942963772967,0.10535441522519919,0.17013800694268055,0.2383256269712466,0.42279829677357195,0.2967571497878466,0.41321956198258863,Biotechnology,Healthcare,TECH
2009Q2,2009,Q2,2009-02-06,2008-12-31,23622000.0,61876000.0,32657000.0,0.15544061907770057,48446000.0,0.7829530027797531,433530000.0,420494000.0,193123000.0,13036000.0,13036000.0,9877000.0,323614000.0,2444920880.0,2325325880.0,2.7741463028447777,14.814590365142681,0.0,0.0,0.053720796123357686,2.7741463028447777,0.056176782546243226,39.513234210356195,25.875464397595458,5.814401346987115,0.0,1.359724612736661,0.0,0.14272599358752566,13.3103712795336,0.05448757871427583,97.19423096799841,0.7829530027797531,-0.157436062336423,1.067906758071989,0.7511197647285773,0.711900350197157,-0.13855400263167253,-0.1738537404259784,-0.20827676493405742,0.467528954626394,0.3217246213388942,0.5216946087060916,Biotechnology,Healthcare,TECH
2009Q1,2009,Q1,2008-11-07,2008-09-30,28593000.0,69324000.0,41248000.0,0.1844852504710042,56238000.0,0.8112342046044659,507668000.0,488410000.0,249388000.0,19258000.0,19258000.0,9699000.0,372194000.0,2785562880.0,2623491880.0,3.16131161971831,12.949839027936441,0.0,0.0,0.05622573328548719,3.16131161971831,0.05854302737454188,40.181796780335816,24.35528695834645,5.703328924469196,0.0,1.3492112588926692,0.0,0.13655381075821205,11.950721777962405,0.05632224209522759,107.00122459954673,0.8112342046044659,0.04901493194408772,1.4121875004942535,0.9352440315663608,1.0624309102627039,0.04374454817096936,0.04901493194408776,0.06306538491275998,0.6875029604964513,0.45794985298454727,0.6743846699339324,Biotechnology,Healthcare,TECH
2008Q4,2008,Q4,2008-08-28,2008-06-30,27257000.0,67769000.0,38801000.0,0.17586522827573747,53881000.0,0.7950685416635925,507369000.0,487130000.0,258433000.0,20239000.0,20239000.0,9515000.0,359208000.0,2989111360.0,2822119360.0,3.1530266155758078,12.769059736152972,0.0,0.0,0.05360032953696611,3.1530266155758078,0.05595426272247655,44.10735528043796,27.41599735847672,6.136167675979718,0.0,1.4595901208617972,0.0,0.13356945339585194,11.842334107416374,0.05372224160325128,125.61402588670364,0.7950685416635925,-0.07026193343595258,1.2805140893523446,0.82307619175793,1.1835054862000092,-0.026997255128575558,-0.07884420412301453,-0.0362394436164928,0.472975771282481,0.42998245554413406,0.824658970765932,Biotechnology,Healthcare,TECH
2008Q3,2008,Q3,2008-05-09,2008-03-31,29590000.0,69522000.0,40260000.0,0.18915567147386725,55376000.0,0.796524841057507,488110000.0,467948000.0,259361000.0,20162000.0,20162000.0,10003000.0,341362000.0,2627040000.0,2464191000.0,2.9996666666666667,12.863852792381708,0.0,0.0,0.05921523963921203,2.9996666666666667,0.06323352167334832,37.78717528264434,22.19533626225076,5.61395710634515,0.0,1.4141757472758172,0.0,0.14243100940361803,11.903630592203154,0.0606215812009588,93.01890800934778,0.796524841057507,0.26419587227942554,1.5281309352813228,0.9507891571929182,1.2258269572152403,0.12117592273896054,0.2517449976733364,0.2236338216521792,0.663303630404341,0.5032577801670531,0.9696569000502205,Biotechnology,Healthcare,TECH
2008Q2,2008,Q2,2008-02-05,2007-12-31,23639000.0,62142000.0,32902000.0,0.1496252879965567,49391000.0,0.7948086640275498,488213000.0,468355000.0,237917000.0,19858000.0,19858000.0,9409000.0,340426000.0,2602039750.0,2453382750.0,2.972172864576723,11.980914492899586,0.0,0.0,0.04667218013643186,2.972172864576723,0.05047239807411045,41.8724815744585,27.518504907144973,5.555699736311131,0.0,1.3551918376022958,0.0,0.12728460733327462,11.055191862221774,0.04841943987562806,94.59554840586033,0.7948086640275498,0.026909895270403873,1.5167747646359284,0.9632121329227821,1.1877076800143644,0.07645533204018917,0.0245752427184466,0.017881450315555006,0.6585975389484174,0.541265349923739,0.4767714208129342,Biotechnology,Healthcare,TECH
2008Q1,2008,Q1,2007-11-08,2007-09-30,23072000.0,57987000.0,32324000.0,0.14570439790840428,45883000.0,0.7912635590735855,481056000.0,466256000.0,231209000.0,14800000.0,14800000.0,9281000.0,337411000.0,2499653700.0,2354908700.0,2.951809364633189,15.62222972972973,0.0,0.0,0.04602497986908594,2.951809364633189,0.049483545520057653,43.10713953127425,27.085359960124823,5.361118570055935,0.0,1.3041698092877922,0.0,0.1205410596687288,14.393851351351351,0.04796115213197632,128.80165404235586,0.7912635590735855,0.006456115861106246,1.31377228852937,0.7581057890080378,1.2962558512036646,0.0033896081175647306,0.0064561158611062645,-0.004527116503957377,0.6948677757449502,0.4774058392389869,0.5532879969909474,Biotechnology,Healthcare,TECH
2007Q4,2007,Q4,2007-08-29,2007-06-30,22924000.0,58425000.0,32471000.0,0.14476974764442874,45728000.0,0.78267864783911,454844000.0,437651000.0,212838000.0,17193000.0,17193000.0,8757000.0,314339000.0,2259165690.0,2123680690.0,2.770714629390463,12.37934042924446,0.0,0.0,0.04981603757802097,2.770714629390463,0.05237963582854832,38.66779101412067,24.63755987175013,5.162025655145309,0.0,1.4499257736667808,0.0,0.12845063362383585,11.384865933810271,0.05039969747869599,95.94689926102097,0.78267864783911,-0.0416222105045585,80.07596182596836,0.7173372624070836,1.2197947232469586,-0.05085308647100336,-0.040555811325492824,-0.08214376572349266,0.7879305032086392,0.4345746151771993,0.5340680921560189,Biotechnology,Healthcare,TECH
2007Q3,2007,Q3,2007-05-09,2007-03-31,23893000.0,60197000.0,35377000.0,0.1510570771059353,48178000.0,0.8003388873199662,427173000.0,411463000.0,192392000.0,15710000.0,15710000.0,9574000.0,294516000.0,2250539400.0,2134263400.0,2.6098784695793373,12.246467218332272,0.0,0.0,0.055751783125014824,2.6098784695793373,0.058068404692523994,37.38623851686961,23.54810404721048,5.469603342220322,0.0,1.2553791518696469,0.0,0.140919486952593,11.13475493316359,0.055932842197423525,97.02273667873772,0.8003388873199662,0.27919759385578086,1.3817377414506433,0.8506579000297998,1.1087052829595165,0.15272161741835147,0.2802336173176874,0.28564160337246064,0.7031321848180019,0.4745601492079218,0.5129399265718788,Biotechnology,Healthcare,TECH
2007Q2,2007,Q2,2006-12-31,2006-12-31,18663000.0,52509000.0,27517000.0,0.11808736807471337,41795000.0,0.7959587880172923,397642000.0,385482000.0,167223000.0,12160000.0,12160000.0,9210000.0,270623000.0,,,,,,,,,,,,,,,,,,,,,,,,,,,,,,,Biotechnology,Healthcare,TECH
2007Q1,2007,Q1,2006-09-30,2006-09-30,19631000.0,52351000.0,28789000.0,0.1243444222047683,41114000.0,0.7853527153253997,389205000.0,361697000.0,162483000.0,27508000.0,27508000.0,8982000.0,251960000.0,,,,,,,,,,,,,,,,,,,,,,,,,,,,,,,Biotechnology,Healthcare,TECH
