Quarters,Year,Quarter,FillingDate,Date,NetIncome,Revenue,OperatingIncome,EPSDiluted,GrossProfit,GrossProfitRatio,TotalAssets,CommonStockEquity,CurrentAssets,CurrentLiability,TotalLiability,Inventory,RetainedEarnings,MarketCap,EnterpriseValue,bookValuePerShare,currentRatio,debtToAssets,debtToEquity,roic,shareholdersEquityPerShare,roe,priceToSalesRatio,peRatio,pbRatio,payoutRatio,inventoryTurnover,dividendYield,assetTurnover,quickRatio,returnOnAssets,priceToFreeCashFlowsRatio,grossProfitMargin,epsdilutedGrowth,fiveYNetIncomeGrowthPerShare,fiveYRevenueGrowthPerShare,fiveYShareholdersEquityGrowthPerShare,grossProfitGrowth,netIncomeGrowth,operatingIncomeGrowth,threeYNetIncomeGrowthPerShare,threeYRevenueGrowthPerShare,threeYShareholdersEquityGrowthPerShare,Industry,Sector,Symbol
2023Q1,2023,Q1,2023-05-10,2023-03-31,-9352000.0,0.0,-9672000.0,-0.039,0.0,0.0,48638000.0,29509000.0,38184000.0,17063000.0,19129000.0,0.0,-890675000.0,150997991.76,141102991.76,0.12311865729677039,2.237824532614429,0.27963732061351204,0.46091023077705107,-0.1968821946501162,0.12311865729677039,-0.31692026161510045,0.0,-4.036516032934132,5.11701486868413,0.0,0.0,0.0,0.0,1.3770145929789603,-0.19227764299518896,-15.992161804702393,0.0,0.11161731207289297,0.6525088955872543,-1.0,-0.3301797214962968,-1.0,0.045422067979993874,-0.13507804248327662,0.5650712994411627,0.0,-0.8635835910310935,Biotechnology,Healthcare,TCRT
2022Q4,2022,Q4,2023-03-07,2022-12-31,-9797000.0,11000.0,-8521000.0,-0.0439,11000.0,1.0,64937000.0,38555000.0,53799000.0,24166000.0,26382000.0,13938000.0,-880627000.0,145012930.6668,125465930.66679999,0.17257806172818485,2.22622693039808,0.3004604462787009,0.5060562832317469,-0.14988091216129482,0.17257806172818485,-0.2541045260018156,13182.993696981817,-3.700442244227825,3.7611964898664247,0.0,0.0,0.0,0.0001693949520304295,1.6164032111230655,-0.15086930409473798,-20.012825098923543,1.0,0.0,0.5296535496544583,-0.9956637472030248,-0.4856078076701242,-0.9962212298179319,-0.038037719855901674,-0.031098741529525655,0.4906467274878253,0.0,-0.6739122447360163,Biotechnology,Healthcare,TCRT
2022Q3,2022,Q3,2022-11-14,2022-09-30,-9438000.0,2911000.0,-8264000.0,-0.0439,2911000.0,1.0,67344000.0,32113000.0,55505000.0,32869000.0,35231000.0,0.0,-871468000.0,369970271.4,357707271.4,0.1492940494677811,1.6886732179257051,0.3793062485150867,0.7954410986204964,-0.14557464603740242,0.1492940494677811,-0.29389966680160684,127.0938754379938,-9.800017784488238,11.520887846043658,0.0,0.0,0.0,0.04322582561178427,1.23879643433022,-0.14014611546685674,-60.06986059425231,1.0,0.03728070175438596,0.4909594465685427,0.19100098188363898,-0.6457640441186825,0.0,0.03684049392795183,0.104949637171017,0.8988310413034276,0.0,-0.75998707235541,Biotechnology,Healthcare,TCRT
2022Q2,2022,Q2,2022-08-15,2022-06-30,-9799000.0,0.0,-9233000.0,-0.0456,0.0,0.0,73931000.0,40180000.0,61361000.0,26775000.0,33751000.0,-1111000.0,-862572000.0,266598627.32,234111627.32,0.1868846831690431,2.2917273576097106,0.3722930840919236,0.6850174216027874,-0.12883615515709781,0.1868846831690431,-0.24387755102040817,0.0,-6.801679439738749,6.635107698357392,0.0,0.0,0.0,0.0,2.282801120448179,-0.13254250585004937,-32.33850404172732,0.0,0.06557377049180331,0.5111028777918228,-1.0,-0.637689982504277,0.0,0.06596130016204366,-0.016290588882773804,0.4941472181974859,0.0,-0.5152987796644714,Biotechnology,Healthcare,TCRT
2022Q1,2022,Q1,2022-05-16,2022-03-31,-10491000.0,0.0,-9085000.0,-0.0488,0.0,0.0,84991000.0,49122000.0,69772000.0,21234000.0,35869000.0,0.0,-852640000.0,140231141.6156,101349141.61559999,0.228531212331191,3.285862296317227,0.34560129896106645,0.5979601807743984,-0.11654429198706176,0.228531212331191,-0.21357029436912178,0.0,-3.3417010202935846,2.8547522823907823,0.0,0.0,0.0,0.0,3.214420269379297,-0.12343659916932381,-17.980656701577125,0.0,0.16295025728987986,0.5881086262287825,-1.0,-0.13523244044928134,0.0,0.1618598705760166,0.17790245226676318,0.40813201191618653,0.0,-0.5053431839873623,Biotechnology,Healthcare,TCRT
2021Q4,2021,Q4,2022-03-30,2021-12-31,-12517000.0,0.0,-11051000.0,-0.0583,0.0,0.0,94865000.0,58057000.0,78831000.0,16041000.0,36808000.0,0.0,-842852000.0,233981948.42000002,187292948.42000002,0.27045731701664405,4.914344492238638,0.30954514309808673,0.5057960280414076,-0.12656284570516416,0.27045731701664405,-0.21559846357889662,0.0,-4.673283303107774,4.030210800075788,0.0,0.0,0.0,0.0,4.810485630571661,-0.13194539608917935,-15.110232381013885,0.0,0.47000000000000003,0.3371459595652907,-1.0,-0.26491002187341234,-1.0,0.459775571860164,0.5043505561535702,0.27211898575516824,0.0,-0.5230442352913437,Biotechnology,Healthcare,TCRT
2021Q3,2021,Q3,2021-11-08,2021-09-30,-23170000.0,398000.0,-22296000.0,-0.11,398000.0,1.0,113762000.0,68707000.0,96554000.0,28173000.0,45055000.0,0.0,-831058000.0,390467286.3,328371286.3,0.3202489539774795,3.4271820537393958,0.2604472495209297,0.4312369918640022,-0.2190238398609288,0.3202489539774795,-0.33722910329369643,981.0735836683417,-4.213069554380665,5.683078671751058,0.0,0.0,0.0,0.0034985320229953764,3.309374223547368,-0.2036708215397057,-39.254778958479946,1.0,0.0,-0.3081978288404699,-0.8485077739702909,-0.27187924756152776,0.0,-0.020659882824545173,0.015150845885418967,-0.1944878851749965,0.0,10.261389277182527,Biotechnology,Healthcare,TCRT
2021Q2,2021,Q2,2021-08-13,2021-06-30,-22701000.0,0.0,-22639000.0,-0.11,0.0,0.0,106765000.0,88281000.0,89407000.0,13593000.0,18484000.0,0.0,-808325000.0,566085711.84,494995711.84000003,0.4117076886509957,6.577429559332009,0.05297616260010303,0.06406814603368788,-0.22762601396860344,0.4117076886509957,-0.25714479899412107,0.0,-6.234149507070174,6.412316487579434,0.0,0.0,0.0,0.0,6.207018318252041,-0.21262586053481947,-24.265322638775775,0.0,-0.09999999999999995,0.8947553993628109,-1.0,2.0325166125457224,0.0,-0.053655140403805986,-0.049900292167138156,-0.2980916479472062,0.0,2.8213751625091734,Biotechnology,Healthcare,TCRT
2021Q1,2021,Q1,2021-05-06,2021-03-31,-21545000.0,0.0,-21563000.0,-0.1,0.0,0.0,128472000.0,105641000.0,112710000.0,18961000.0,22831000.0,0.0,-785655000.0,770236794.0,674809794.0,0.49375413244670313,5.944306734876853,0.03603119745936858,0.04381821451898411,-0.1875908079443411,0.49375413244670313,-0.20394543785083444,0.0,-8.937535321420285,7.291078217737431,0.0,0.0,0.0,0.0,5.540952481409208,-0.16770191170060403,-48.04970642545228,0.0,0.09090909090909087,-0.09241210458718656,-1.0,-0.17409668915288815,0.0,0.05379885814668423,0.053174672872573985,0.10320216044199557,-1.0,1.686242181074213,Biotechnology,Healthcare,TCRT
2020Q4,2020,Q4,2021-03-01,2020-12-31,-22770000.0,0.0,-22774000.0,-0.11,0.0,0.0,146345000.0,123982000.0,130589000.0,18368000.0,22363000.0,0.0,-764101000.0,536832656.64,426577656.64,0.5819963374722911,7.109592770034843,0.03289487170726708,0.03882821699924183,-0.17043634327030677,0.5819963374722911,-0.18365569195528383,0.0,-5.894078355731225,4.329924155441919,0.0,0.0,0.0,0.0,6.518619337979094,-0.15559123987836962,-25.8067809172195,0.0,-0.15303983228511533,-0.4659413693183936,-1.0,-0.13484309020981328,0.0,-0.12117780294450736,-0.12071256335810246,-0.14642204216025076,-1.0,0.7347185903145259,Biotechnology,Healthcare,TCRT
2020Q3,2020,Q3,2020-11-05,2020-09-30,-20309000.0,0.0,-20321000.0,-0.0954,0.0,0.0,165894000.0,144918000.0,155071000.0,19321000.0,20976000.0,0.0,-741329000.0,536350164.84000003,403400164.84000003,0.6808860776782678,8.02603384917965,0.015196450745656865,0.01739604465973861,-0.1354694467051908,0.6808860776782678,-0.14014132129894147,0.0,-6.602370437244572,3.701059667122097,0.0,0.0,0.0,0.0,7.292531442471922,-0.12242154628859392,-29.670308394091943,0.0,-0.09278350515463912,0.3188567716839693,-1.0,-0.058695505964336626,0.0,-0.09270418594641128,-0.09217456734386757,-0.10700976691470876,-1.0,0.615565599784296,Biotechnology,Healthcare,TCRT
2020Q2,2020,Q2,2020-08-06,2020-06-30,-18586000.0,0.0,-18606000.0,-0.0873,0.0,0.0,181679000.0,163414000.0,173176000.0,17112000.0,18265000.0,0.0,-721014000.0,697959081.8399999,546429081.8399999,0.767950348302613,10.120149602618046,0.010958889029552122,0.01218377862361854,-0.11108983860127758,0.767950348302613,-0.11373566524288005,0.0,-9.38823686968686,4.271109463326275,0.0,0.0,0.0,0.0,9.209502103786816,-0.10230131165407119,-39.899335839478645,0.0,0.026755852842809357,0.20996990761685588,-1.0,-0.10707863644951884,0.0,-0.03681802967756331,0.0028938906752411574,0.06308161552939591,-1.0,0.488811706830425,Biotechnology,Healthcare,TCRT
2020Q1,2020,Q1,2020-05-07,2020-03-31,-17926000.0,0.0,-18660000.0,-0.0897,0.0,0.0,198279000.0,180337000.0,191620000.0,16579000.0,17942000.0,0.0,-702418000.0,489546181.6,320735181.6,0.9025208787370511,11.557995053983955,0.011050085989943463,0.01214947570382118,-0.0989916420560767,0.9025208787370511,-0.09940278478626127,0.0,-6.827320394957046,2.71461863954707,0.0,0.0,0.0,0.0,10.361541709391398,-0.09040796050010338,-46.98590859007582,0.0,-0.04181184668989554,0.8699509961677775,-1.0,-0.1513053697852569,0.0,-0.15980848861283645,-0.16363182838613122,0.2429019356492824,-1.0,2.415160536662009,Biotechnology,Healthcare,TCRT
2019Q4,2019,Q4,2020-03-02,2019-12-31,-15456000.0,0.0,-16036000.0,-0.0861,0.0,0.0,109114000.0,95010000.0,105492000.0,12526000.0,14104000.0,0.0,-684125000.0,847344902.0,769955902.0,0.5292380929436453,8.421842567459684,0.02155543743241014,0.02475528891695611,-0.1578580636721621,0.5292380929436453,-0.16267761288285443,0.0,-13.70575993141822,8.918481233554362,0.0,0.0,0.0,0.0,6.631885677790196,-0.14165001741298092,-72.37315527844208,0.0,0.9244736842105262,0.11532485477031376,-1.0,0.6089171760923225,0.0,0.7911238445321369,-1.3390059827072278,0.021293669077716945,-1.0,0.43844367923593536,Biotechnology,Healthcare,TCRT
2019Q3,2019,Q3,2019-11-07,2019-09-30,-73996000.0,0.0,47303000.0,-1.14,0.0,0.0,117949000.0,106126000.0,115599000.0,11176000.0,11823000.0,0.0,-668379000.0,730226687.36,643131687.36,0.6220250339550669,10.343503937007874,0.011225190548457385,0.012475736388820836,1.1477477931523046,0.6220250339550669,-0.6972466690537663,0.0,-2.4671154094815937,6.880752005729039,0.0,0.0,0.0,0.0,8.219398711524695,-0.6273558911054777,-66.17968890338952,0.0,-11.652608213096558,-8.773753260000515,-1.0,0.7125600669752752,0.0,-4.10775177745565,4.20633091574595,-4.253575382043531,-1.0,0.4142414210376437,Biotechnology,Healthcare,TCRT
2019Q2,2019,Q2,2019-08-08,2019-06-30,-14487000.0,0.0,-14753000.0,-0.0901,0.0,0.0,73173000.0,61995000.0,65859000.0,10400000.0,11178000.0,0.0,-594383000.0,885948888.7199999,843823888.7199999,0.385566768409773,6.332596153846154,0.01965205745288563,0.023195418985402047,-0.22535169925050244,0.385566768409773,-0.23368013549479796,0.0,-15.288687939531993,14.29065067699008,0.0,0.0,0.0,0.0,4.329134615384615,-0.19798286253126154,-108.65205895511404,0.0,-0.09212121212121206,-2.6085337220955886,-1.0,0.026609488729017097,0.0,-0.0936060994942251,-0.08310696718302621,0.9104316665772849,-1.0,1.9669581224802735,Biotechnology,Healthcare,TCRT
2019Q1,2019,Q1,2019-05-08,2019-03-31,-13247000.0,0.0,-13621000.0,-0.0825,0.0,0.0,83503000.0,74216000.0,74093000.0,8339000.0,9287000.0,0.0,-579763000.0,639350618.82,589455618.82,0.46199952155385327,8.88511811967862,0.01906518328682802,0.02145090007545543,-0.17353226069531624,0.46199952155385327,-0.17849250835399375,0.0,-12.065951136483733,8.614727536110811,0.0,0.0,0.0,0.0,6.276651876723828,-0.15864100690993138,-62.42439160515525,0.0,-0.03125000000000003,0.13507262771218384,-1.0,0.10960036532458231,0.0,-0.09588021178027796,-0.06730919918508071,0.10541155561938248,-1.0,-0.2272126765393783,Biotechnology,Healthcare,TCRT
2018Q4,2018,Q4,2019-03-05,2018-12-31,-12088000.0,0.0,-12762000.0,-0.08,0.0,0.0,95051000.0,85564000.0,84285000.0,9483000.0,9487000.0,0.0,-566329000.0,282170788.90000004,220441788.90000004,0.5670490578551876,8.888010123378677,0.0,0.0,-0.14445505014848037,0.5670490578551876,-0.14127436772474405,0.0,-5.835762510340834,3.2977746353606654,0.0,0.0,0.0,0.0,6.7060002109037224,-0.12717383299491852,-24.0493300008523,0.0,0.11504424778761055,0.3766547000636868,-1.0,0.15089956927645473,0.0,0.053035644339992166,-0.015274463007159905,-0.09869199940128333,-1.0,-0.1570627184285541,Biotechnology,Healthcare,TCRT
2018Q3,2018,Q3,2018-11-09,2018-09-30,-12765000.0,0.0,-12570000.0,-0.0904,0.0,0.0,66801000.0,4015000.0,47161000.0,60183000.0,62786000.0,0.0,-761209000.0,432027336.24,400299336.24,0.028437783837768387,0.7836266055198312,0.0,0.0,-3.175538096856692,0.028437783837768387,-3.179327521793275,0.0,-8.461169922444183,107.60332160398505,0.0,0.0,0.0,0.0,0.5441569878537128,-0.19108995374320745,-49.795681908713696,0.0,-0.10784313725490181,0.5501153771257418,-1.0,-0.3486805553406019,0.0,-0.10990348665333449,-0.015511391177896268,0.3546002398390394,-1.0,-0.960685620393086,Biotechnology,Healthcare,TCRT
2018Q2,2018,Q2,2018-08-08,2018-06-30,-11501000.0,0.0,-12378000.0,-0.0816,0.0,0.0,76383000.0,15193000.0,52993000.0,9314000.0,61190000.0,0.0,-748624000.0,425874051.96,385470051.96,0.1077380971882023,5.689607043160833,0.0,0.0,-0.7788266738884791,0.1077380971882023,-0.7569933522016719,0.0,-9.257326579427877,28.030938719146977,0.0,0.0,0.0,0.0,4.409168992913893,-0.15057015304452562,-40.94942807307692,0.0,0.2581818181818181,0.6523537920277241,-1.0,-0.536976785184888,-1.0,0.27282498735457766,0.23573721906643616,0.2623078080746461,-1.0,-0.8747293378273001,Biotechnology,Healthcare,TCRT
2018Q1,2018,Q1,2018-05-10,2018-03-31,-15816000.0,146000.0,-16196000.0,-0.11,146000.0,1.0,87461000.0,25890000.0,72115000.0,10062000.0,61571000.0,0.0,-736593000.0,552144230.4,501036230.4,0.18380849497689508,7.167064201947923,0.0,0.0,-0.617603661703288,0.18380849497689508,-0.6108922363847045,3781.8097972602736,-8.72762124430956,21.326544241019697,0.0,0.0,0.0,0.0016693154663221322,5.081097197376267,-0.18083488640651263,-28.897484189040664,1.0,-0.18025751072961368,0.2726548839332848,-0.5703223442973787,-0.5978454651456981,-0.9085785848465874,-0.20613132006405857,-0.2054182792497767,0.8372273605642115,-0.5678149018971386,-0.8271538239724268,Biotechnology,Healthcare,TCRT
2017Q4,2017,Q4,2018-03-01,2017-12-31,-13113000.0,1597000.0,-13436000.0,-0.0932,1597000.0,1.0,105606000.0,47186000.0,90783000.0,20856000.0,58420000.0,0.0,-712442000.0,582267145.3199999,511321145.31999993,0.33549899143397544,4.352848101265823,0.0,0.0,-0.2813129976871874,0.33549899143397544,-0.27790022464290254,364.60059193487785,-11.100952210020589,12.33982845165939,0.0,0.0,0.0,0.01512224684203549,3.4026179516685846,-0.12416908130219874,-46.83616033783783,1.0,-0.08120649651972166,0.404302659679419,3.706947530975282,-0.42584567605027385,-0.0006257822277847309,-0.08175218610790298,-0.027374216241015447,0.041956880929195396,2.4358155018806262,0.019938090392243056,Biotechnology,Healthcare,TCRT
2017Q3,2017,Q3,2017-11-06,2017-09-30,-12122000.0,1598000.0,-13078000.0,-0.0862,1598000.0,1.0,116559000.0,59270000.0,114888000.0,18189000.0,57289000.0,0.0,-699169000.0,863482303.5799999,779076303.5799999,0.42145368641742376,6.316345043707735,0.0,0.0,-0.210592436569183,0.42145368641742376,-0.20452168044541927,540.3518795869837,-17.80816498061376,14.568623309937573,0.0,0.0,0.0,0.013709795039422096,4.641211721370059,-0.10399883320893281,-67.517577885683,1.0,0.07510729613733912,0.6195527829796362,3.4696352629439025,-0.43830292279634897,0.0006261740763932373,0.04128440366972477,-0.0049177808513908095,-2.5449899171623365,0.8027896548811663,0.16034679319697254,Biotechnology,Healthcare,TCRT
2017Q2,2017,Q2,2017-07-31,2017-06-30,-12644000.0,1597000.0,-13014000.0,-0.0932,1597000.0,1.0,126813000.0,69960000.0,125130000.0,15988000.0,56853000.0,0.0,-686468000.0,843619906.1999999,746425906.1999999,0.5158142865074087,7.826494871153365,0.0,0.0,-0.18286769194987937,0.5158142865074087,-0.18073184676958262,528.2529155917344,-16.68024173916482,12.058603576329329,0.0,0.0,0.0,0.01259334610804886,6.081936452339255,-0.09970586611782703,-54.252083999999996,1.0,0.3342857142857143,0.6900240775756967,3.622421680464846,-0.4645537410029563,0.0,0.18357331955833925,0.06809881847475832,-2.664319999001206,4.912209186581662,0.3734063315013413,Biotechnology,Healthcare,TCRT
2017Q1,2017,Q1,2017-05-01,2017-03-31,-15487000.0,1597000.0,-13965000.0,-0.14,1597000.0,1.0,94494000.0,34539000.0,92750000.0,17464000.0,59955000.0,0.0,-673606000.0,828615176.0,762168176.0,0.2642689469641092,5.310925332111773,0.0,0.0,-0.4847885998433745,0.2642689469641092,-0.44839167318104173,518.8573425172198,-13.375979466649447,23.990711253944816,0.0,0.0,0.0,0.016900543949880414,3.808634906092533,-0.16389400385209643,-56.618734267167746,1.0,-0.5909090909090912,0.6338094577445054,3.6200716932524535,-0.7954549424320467,0.0,-0.3488068280787319,-0.25686256862568624,-0.24285881247649926,5.123582302190419,-0.3652960524524324,Biotechnology,Healthcare,TCRT
2016Q4,2016,Q4,2017-02-16,2016-12-31,-11482000.0,1597000.0,-11111000.0,-0.088,1597000.0,1.0,106348000.0,48023000.0,104884000.0,15809000.0,58325000.0,0.0,-657997000.0,698304491.4,617251491.4,0.3679240978171374,6.6344487317350875,0.0,0.0,-0.23668664036591283,0.3679240978171374,-0.23909376756970618,437.2601699436443,-15.204330504267547,14.541042654561355,0.0,0.0,0.0,0.015016737503291083,5.128344613827567,-0.10796629931921616,-53.119161068005475,1.0,-0.0653753026634381,0.035636601506802125,3.6261667916396556,-0.611456029339804,-0.0006257822277847309,-0.06581267984776756,-0.018050210738501007,0.3155035928500405,5.13166092933997,-0.2532503496155878,Biotechnology,Healthcare,TCRT
2016Q3,2016,Q3,2016-11-09,2016-09-30,-10773000.0,1598000.0,-10914000.0,-0.0826,1598000.0,1.0,117122000.0,57396000.0,115677000.0,15744000.0,59726000.0,0.0,-646773000.0,734692677.05,640009677.05,0.43982945535471635,7.3473704268292686,0.0,0.0,-0.18873357444431615,0.43982945535471635,-0.1876960066903617,459.7576201814768,-17.049398427782418,12.800416005470764,0.0,0.0,0.0,0.013643892693089257,6.015497967479675,-0.09198101125322314,-51.30177201661895,1.0,0.9182178217821783,-6.010412155453565,3.169923037585012,-0.6438729785501605,-0.05833824395992929,0.9178624254715686,0.9168406455250606,0.589219826005876,4.091831309127515,9.073551379415775,Biotechnology,Healthcare,TCRT
2016Q2,2016,Q2,2016-08-09,2016-06-30,-131158000.0,1697000.0,-131242000.0,-1.01,1697000.0,1.0,128012000.0,-51990000.0,126709000.0,16035000.0,180002000.0,0.0,-635919000.0,715814072.73,606810072.73,-0.3987419511206792,7.902026816339258,0.0,0.0,2.52356196489475,-0.3987419511206792,2.522754375841508,421.81147479670005,-1.3644117643033595,-13.76830299538373,0.0,0.0,0.0,0.013256569696590944,6.79881509198628,-1.0245758210167797,-47.1768320523298,1.0,-9.954446854663773,-5.306194724807202,3.3750320945854866,-1.3186461309980428,-0.13814118842051804,-9.931655275879313,-9.900498338870431,-3.2878839985817443,4.406724122308874,-2.7136629001998416,Biotechnology,Healthcare,TCRT
2016Q1,2016,Q1,2016-05-10,2016-03-31,-11998000.0,1969000.0,-12040000.0,-0.0922,1969000.0,1.0,141682000.0,77813000.0,140389000.0,17274000.0,63869000.0,0.0,-504719000.0,965771818.34,840925818.34,0.5978352743740303,8.127185365288874,0.0,0.0,-0.154459580122801,0.5978352743740303,-0.15419017387840078,490.4884806196039,-20.123600148774795,12.41144562399599,0.0,0.0,0.0,0.013897319348964583,7.2887576704874375,-0.08468259905986646,-59.48335909953191,1.0,-0.2647462277091906,0.8572379691220345,12.64044243774489,-0.5592927993949146,0.026055237102657634,-0.26694825765575503,-0.26977430921746465,0.4028979302200355,5.270923150151277,0.3080035648820443,Biotechnology,Healthcare,TCRT
2015Q4,2015,Q4,2016-02-24,2015-12-31,-9470000.0,1919000.0,-9482000.0,-0.0729,1919000.0,1.0,153724000.0,87371000.0,152521000.0,18123000.0,66353000.0,0.0,-492700000.0,1079301944.0700002,938584944.0700002,0.6727061078590169,8.415880373006676,0.0,0.0,-0.10845699603905944,0.6727061078590169,-0.10838836684941228,562.4293611620636,-28.492659558342133,12.353091346900001,0.0,0.0,0.0,0.01248341182899222,7.789162942117751,-0.06160391350732482,-44.61953549423292,1.0,0.4792857142857143,0.8070648858920944,0.0,0.33014711754941367,0.02675227394328518,0.47892593815340595,0.47803589122536605,0.5341419679579121,5.124764924936766,0.1512318380565236,Biotechnology,Healthcare,TCRT
2015Q3,2015,Q3,2015-11-02,2015-09-30,-18174000.0,1869000.0,-18166000.0,-0.14,1869000.0,1.0,173361000.0,93841000.0,172480000.0,29627000.0,79520000.0,0.0,-483224000.0,1168888527.56,1005045527.56,0.7233430648557713,5.821716677355115,0.0,0.0,-0.193625378240083,0.7233430648557713,-0.1936680129154634,625.4085219689673,-16.079131280400574,12.456053617928196,0.0,0.0,0.0,0.010780971498780002,5.5426469099132545,-0.10483326699776767,25.8603656539823,1.0,-0.2727272727272728,0.4556352354565145,0.0,-0.1871390146235646,5.8713235294117645,-0.2801296048460942,-0.27704745166959577,0.38168836225784664,4.666845552315414,-0.03595650378864391,Biotechnology,Healthcare,TCRT
2015Q2,2015,Q2,2015-08-10,2015-06-30,-14197000.0,272000.0,-14225000.0,-0.11,272000.0,1.0,124038000.0,110441000.0,123080000.0,13110000.0,13597000.0,0.0,-465054000.0,1540961004.0,1422411004.0,0.8600425296680642,9.388253241800152,0.0,0.0,-0.12867491427881989,0.8600425296680642,-0.12854827464438026,5665.2978088235295,-27.135327956610553,13.952798362926812,0.0,0.0,0.0,0.0021928763765942695,9.049504195270785,-0.11445685999451781,-131.7173266091119,1.0,0.8405797101449275,-1.5181683252021738,0.0,-0.3341218242534662,0.0,0.8185339042627979,0.8181574136806985,0.632391040211521,-0.16846682399238708,-0.10722411702238764,Biotechnology,Healthcare,TCRT
2015Q1,2015,Q1,2015-05-07,2015-03-31,-78235000.0,272000.0,-78227000.0,-0.69,272000.0,1.0,131648000.0,120603000.0,130603000.0,10492000.0,11045000.0,0.0,-450843000.0,1221428392.5,1091744392.5,1.063422397887316,12.4478650400305,0.0,0.0,-0.6486654543873493,1.063422397887316,-0.6486986227539945,4490.545560661764,-3.903075325941075,10.127678353772295,0.0,0.0,0.0,0.002066115702479339,12.366183759054518,-0.5942741249392319,-125.48062384425724,1.0,-6.091469681397739,-0.5689781270838877,0.0,2.7499135444770357,-0.2,-6.814123052337195,-6.382691581728954,-1.1318283305179904,-0.09317388154950722,-0.17690747212742505,Biotechnology,Healthcare,TCRT
2014Q4,2014,Q4,2015-02-26,2014-12-31,-10012000.0,340000.0,-10596000.0,-0.0973,340000.0,1.0,45237000.0,33841000.0,44087000.0,10826000.0,11396000.0,0.0,-372612000.0,521595384.18,478792384.18,0.32894054511186144,4.072325882135599,0.0,0.0,-0.3014008732382225,0.32894054511186144,-0.2958541414260808,1534.104071117647,-13.02425549790252,15.413119712183448,0.0,0.0,0.0,0.00751597143930853,3.96711620173656,-0.22132325308928533,-52.84654348328267,1.0,-2.7437275985663083,-1.3568351047851388,0.0,-0.5300670445382953,-0.4628751974723539,-2.7868998750669283,0.11271143861999665,-0.0668645643593583,0.24956991614227433,-0.6526243693545348,Biotechnology,Healthcare,TCRT
2014Q3,2014,Q3,2014-10-30,2014-09-30,5603000.0,633000.0,-11942000.0,0.0558,633000.0,1.0,49109000.0,36477000.0,47814000.0,11700000.0,12632000.0,0.0,-362211000.0,265131292.8,219009292.8,0.36321355726441057,4.086666666666667,0.0,0.0,0.3010560769154042,0.36321355726441057,0.15360364065027277,418.8488037914692,11.82988099232554,7.268451155522658,0.0,0.0,0.0,0.012889694353377182,3.95982905982906,0.11409313975035126,-25.047831157298063,1.0,-0.0035714285714285496,1.4222511202023178,0.0,1.0146000574829224,2.165,-0.003911111111111111,-0.06844412633085802,5.737702302358273,1.1463237346323536,-0.7059083680640348,Biotechnology,Healthcare,TCRT
2014Q2,2014,Q2,2014-08-07,2014-06-30,5625000.0,200000.0,-11177000.0,0.056,200000.0,1.0,55348000.0,37716000.0,54024000.0,10788000.0,17632000.0,0.0,-356118000.0,404702932.92,351701932.92,0.3755729638609904,5.007786429365962,0.0,0.0,0.2989505698254097,0.3755729638609904,0.14914094813872097,2023.5146646,17.986797018666667,10.730271845370666,0.0,0.0,0.0,0.0036135000361350003,4.915925101965146,0.10162968851629689,-52.341300170719094,1.0,1.5876180482686253,1.4974957015093928,0.0,3.7690373576617344,0.0,1.5886354123064044,-0.14237530662305806,1.3511492137101324,-0.33053792571956236,-0.6998688713203574,Biotechnology,Healthcare,TCRT
2014Q1,2014,Q1,2014-05-08,2014-03-31,-9556000.0,200000.0,-9784000.0,-0.0953,200000.0,1.0,63325000.0,41732000.0,62001000.0,7354000.0,21593000.0,0.0,-350542000.0,459049736.0,398664736.0,0.4163656898388893,8.430921947239597,0.0,0.0,-0.23070628837547755,0.4163656898388893,-0.22898495159589763,2295.24868,-12.00946358308916,10.999945749065466,0.0,0.0,0.0,0.0031583103039873666,8.21484906173511,-0.1509040663245164,-53.032548059149725,1.0,0.266923076923077,0.3942181099982366,0.0,1.3736670383912504,0.0,0.25813213259840073,-0.45573575360809404,0.8523422113675013,0.7992399926830392,-0.6930670278881873,Biotechnology,Healthcare,TCRT
2013Q4,2013,Q4,2014-03-03,2013-12-31,-12881000.0,200000.0,-6721000.0,-0.13,200000.0,1.0,71754000.0,49383000.0,70297000.0,7791000.0,22371000.0,0.0,-340831000.0,434994728.0,366790728.0,0.4927007299270073,9.022846874598896,0.0,0.0,-0.19688872865463505,0.4927007299270073,-0.2608387501771865,2174.97364,-8.442565173511372,8.808592592592593,0.0,0.0,0.0,0.0027873010563871006,8.772814786291875,-0.1795161245366112,-48.02326429675425,1.0,0.6578947368421053,0.39992431737022477,0.0,0.5575991856965069,0.0,0.22928259438760246,0.26264399341744377,0.6599376520596414,0.0,-0.025778942586545284,Biotechnology,Healthcare,TCRT
2013Q3,2013,Q3,2013-10-22,2013-09-30,-16713000.0,200000.0,-9115000.0,-0.38,200000.0,1.0,29478000.0,3631000.0,27275000.0,13362000.0,25847000.0,0.0,-331927000.0,327657992.38,304026992.38,0.04366180692277609,2.04123634186499,0.0,0.0,-4.764110276323587,0.04366180692277609,-4.602864224731479,1638.2899619,-4.901244426195177,90.2390505039934,0.0,0.0,0.0,0.00678472080873872,1.8021254303248018,-0.5669651943822511,-21.133771438338492,1.0,-0.6521739130434782,0.23051923144262518,0.0,-0.9161409871117913,0.0,0.1425273203016777,0.5018036729339747,0.21906001980725595,0.0,-0.9509347899732196,Biotechnology,Healthcare,TCRT
2013Q2,2013,Q2,2013-08-08,2013-06-30,-19491000.0,200000.0,-18296000.0,-0.23,200000.0,1.0,45603000.0,19332000.0,43030000.0,20997000.0,26271000.0,0.0,-315215000.0,175304355.63,136372355.63,0.2326840074988957,2.0493403819593277,0.0,0.0,-0.9868649264638586,0.2326840074988957,-1.0082247051520794,876.5217781499999,-2.248529521702324,9.068092056176289,0.0,0.0,0.0,0.004385676380939851,1.8556460446730485,-0.4274060917044931,-10.483456263006817,1.0,-3.0909090909090913,0.23389622457728598,0.0,-0.695394847668467,0.0,-0.5228533479178061,0.22418691430267565,-2.0995337180124367,0.0,-0.8198470458216099,Biotechnology,Healthcare,TCRT
2013Q1,2013,Q1,2013-05-07,2013-03-31,-12799000.0,200000.0,-23583000.0,0.11,200000.0,1.0,63346000.0,37893000.0,60561000.0,20362000.0,25453000.0,0.0,-296523000.0,145914700.8,90259700.80000001,0.45705936162944866,2.974216678125921,0.0,0.0,0.4265914545356058,0.45705936162944866,-0.3377668698704246,729.5735040000001,-2.8501191655598093,3.8507033172353733,0.0,0.0,0.0,0.003157263284185268,2.7368136725272567,-0.20204906387143623,-7.94872260173231,1.0,1.6875,0.6199372222448778,0.0,-0.5632136378058287,0.0,0.013640567200986437,0.3928635790232474,0.6488782211895141,0.0,0.6117143048795474,Biotechnology,Healthcare,TCRT
2012Q4,2012,Q4,2013-03-18,2012-12-31,-12976000.0,200000.0,-38843000.0,-0.16,200000.0,1.0,83404000.0,48445000.0,80276000.0,18864000.0,34959000.0,0.0,-283724000.0,344889292.8,271583292.8,0.5843359136024764,4.255513146734521,0.0,0.0,-0.34422176880469796,0.5843359136024764,-0.2678501393332645,1724.446464,-6.644753637484587,7.119192750541853,0.0,0.0,0.0,0.0023979665243873197,3.889100932994063,-0.15558006810224928,-15.984117013486584,1.0,-0.23076923076923075,0.5684319041116043,0.0,-0.5915403894920928,0.0,0.2719928186714542,-0.7877755787729553,-1.5738877675672251,0.0,-0.16520262721567078,Biotechnology,Healthcare,TCRT
2012Q3,2012,Q3,2012-11-08,2012-09-30,-17824000.0,200000.0,-21727000.0,-0.13,200000.0,1.0,105640000.0,59028000.0,102581000.0,21736000.0,46612000.0,0.0,-253499000.0,421672389.92,326339389.92,0.7503220214632164,4.719405594405594,0.0,0.0,-0.20687954368550288,0.7503220214632164,-0.30195839262722773,2108.3619496,-5.914390567773789,7.143599476858441,0.0,0.0,0.0,0.001893222264293828,4.386547662863452,-0.16872396819386595,-27.958652030234717,1.0,0.59375,0.34423171934920993,0.0,-0.578080731212612,0.0,0.24516156354550458,0.05394931638073674,-0.7147548832987358,0.0,3.1617355887134226,Biotechnology,Healthcare,TCRT
2012Q2,2012,Q2,2012-08-02,2012-06-30,-23613000.0,200000.0,-22966000.0,-0.32,200000.0,1.0,122380000.0,75636000.0,119442000.0,17776000.0,46744000.0,0.0,-235675000.0,467162572.1,356771572.1,0.9633353074005819,6.719284428442844,0.0,0.0,-0.320277965410106,0.9633353074005819,-0.3121926066952245,2335.8128605,-4.9460315514758815,6.176457931408324,0.0,0.0,0.0,0.0016342539630658604,6.210114761476148,-0.1929481941493708,-26.366552212439327,1.0,0.3333333333333333,0.02666239216603732,0.0,-0.5430108561700713,0.0,0.035022476501838984,-0.23254441045456986,-1.671149549176401,0.0,11.232462160530691,Biotechnology,Healthcare,TCRT
2012Q1,2012,Q1,2012-05-03,2012-03-31,-24470000.0,200000.0,-18633000.0,-0.48,200000.0,1.0,140873000.0,97700000.0,138811000.0,14330000.0,43173000.0,0.0,-212062000.0,408348702.0,280340702.0,1.2919840259465303,9.686741102581996,0.0,0.0,-0.2817023464489135,1.2919840259465303,-0.250460593654043,2041.74351,-4.171931977932163,4.1796182395087005,0.0,0.0,0.0,0.0014197184698274332,8.932868108862527,-0.17370255478338645,-15.697266933189821,1.0,-4.263157894736842,-0.1322168798450738,0.0,-0.551328834504314,0.0,-2.5474050449405623,-0.1349820308217092,-1.056037154291261,0.0,6.365496176459605,Biotechnology,Healthcare,TCRT
2011Q4,2011,Q4,2012-02-29,2011-12-31,-6898000.0,200000.0,-16417000.0,-0.0912,200000.0,1.0,108108000.0,71607000.0,106105000.0,13363000.0,36501000.0,0.0,-187592000.0,333484773.3,228771773.3,0.9469304006750583,7.940208037117414,0.0,0.0,-0.1194104505381076,0.9469304006750583,-0.09633136425209826,1667.4238665,-12.086284912293419,4.657153257363108,0.0,0.0,0.0,0.00185000185000185,7.841951657561925,-0.06380656380656381,-23.65140236170213,1.0,-1.24,0.7235064609825319,0.0,-0.370559331682097,0.0,-7.600997506234414,-0.15539446829474277,0.5740717146462317,0.0,1.9935779092944457,Biotechnology,Healthcare,TCRT
2011Q3,2011,Q3,2011-11-03,2011-09-30,-802000.0,200000.0,-14209000.0,0.38,200000.0,1.0,122276000.0,84112000.0,120417000.0,11770000.0,38164000.0,0.0,-174348000.0,300342758.94,181409758.94,1.2350353353253378,10.230841121495327,0.0,0.0,5.479045810905492,1.2350353353253378,-0.009534905839832604,1501.7137946999999,-93.62305453241895,3.5707480376165113,0.0,0.0,0.0,0.0016356439530243057,10.111469838572642,-0.006558932251627465,-26.09407115030408,1.0,4.9460020768431985,0.9479657653512648,0.0,-0.41039912919218524,0.0,0.9252144722118613,-0.10593088418430884,0.954911717459117,0.0,1.372069582132072,Biotechnology,Healthcare,TCRT
2011Q2,2011,Q2,2011-08-01,2011-06-30,-10724000.0,200000.0,-12848000.0,-0.0963,200000.0,1.0,132821000.0,84128000.0,131298000.0,8691000.0,48693000.0,0.0,-173546000.0,411442079.76,281160079.76,1.251362914314275,15.10735243355195,0.0,0.0,-0.09222422158721143,1.251362914314275,-0.12747242297451503,2057.2103988,-9.591618793360686,4.890667551350323,0.0,0.0,0.0,0.0015057859826382875,14.99044989069152,-0.08074024438906498,-68.72257888090863,1.0,0.9046534653465346,0.6306135933548533,0.0,-0.5570800719687227,1.9850746268656716,0.7250820344544708,0.5399269497958892,0.47908932989877695,0.0,0.6381512216242008,Biotechnology,Healthcare,TCRT
2011Q1,2011,Q1,2011-05-05,2011-03-31,-39008000.0,67000.0,-27926000.0,-1.01,67000.0,1.0,130862000.0,81952000.0,129971000.0,6544000.0,48910000.0,0.0,-162822000.0,377579306.25,253542306.25,1.3565362071534344,19.86109413202934,0.0,0.0,-0.5343775110238802,1.3565362071534344,-0.47598594299101915,5635.512033582089,-2.4198837818524406,4.60732265533483,0.0,0.0,0.0,0.0005119897296388562,19.718367970660147,-0.29808500557839557,-44.98204744460329,1.0,-1.6578947368421053,-0.45815517816153695,0.0,1.3021234116839278,0.0,-0.7085541588191494,-3.3901902216632607,-0.5896122368691554,0.0,0.2963666535455361,Biotechnology,Healthcare,TCRT
2010Q4,2010,Q4,2011-03-01,2010-12-31,-22831000.0,0.0,-6361000.0,-0.38,0.0,0.0,61520000.0,30553000.0,60816000.0,3612000.0,30967000.0,0.0,-123814000.0,281523130.74,221131130.74,0.5057381239891507,16.837209302325583,0.0,0.0,-0.4010896649191817,0.5057381239891507,-0.7472588616502471,0.0,-3.08268506351014,9.214254925539226,0.0,0.0,0.0,0.0,16.71982281284607,-0.37111508452535763,-48.197762496147924,0.0,0.07317073170731701,-0.11627007936625222,0.0,-0.4895165823590446,0.0,-0.8706267922982385,0.2516470588235294,-0.04205740241911141,0.0,-0.6464814290292961,Biotechnology,Healthcare,TCRT
2010Q3,2010,Q3,2010-11-04,2010-09-30,-12205000.0,0.0,-8500000.0,-0.41,0.0,0.0,67450000.0,42204000.0,66823000.0,4106000.0,25246000.0,0.0,-111963000.0,177851216.25,111380216.25,0.8898730261002643,16.27447637603507,0.0,0.0,-0.32367998109570295,0.8898730261002643,-0.2891905980475784,0.0,-3.6429991038508813,4.214084358117714,0.0,0.0,0.0,0.0,16.188748173404772,-0.1809488510007413,-30.36558242274202,0.0,-1.539473684210526,0.6657187185629236,0.0,-0.6656878606502017,0.0,-2.350259984511561,-0.6614542611415168,0.2551517181157379,0.0,-0.49960874698351104,Biotechnology,Healthcare,TCRT
2010Q2,2010,Q2,2010-07-30,2010-06-30,9039000.0,0.0,-5116000.0,0.76,0.0,0.0,74456000.0,54718000.0,73941000.0,2305000.0,19738000.0,0.0,-99758000.0,134720035.38,61058035.379999995,1.2915914066470906,32.07852494577006,0.0,0.0,-0.38633042569559634,1.2915914066470906,0.16519244124419752,0.0,3.7260768718884836,2.4620789389232063,0.0,0.0,0.0,0.0,31.957483731019522,0.12140055871924359,-30.72292711060433,0.0,1.987012987012987,4.352367746867331,0.0,23.96539386177789,0.0,1.5120376140032856,-1.600822078684674,1.69052392463249,0.0,-0.38729199836510564,Biotechnology,Healthcare,TCRT
2010Q1,2010,Q1,2010-04-30,2010-03-31,-17653000.0,0.0,8515000.0,-0.77,0.0,0.0,45840000.0,11386000.0,45356000.0,2833000.0,34454000.0,0.0,-108797000.0,203962508.0,158918508.0,0.2835858441199399,16.00988351570773,0.0,0.0,5.030993913149418,0.2835858441199399,-1.5504127876339364,0.0,-2.888496402877698,17.91344704022484,0.0,0.0,0.0,0.0,15.899752912107306,-0.3851003490401396,-53.716752172767976,0.0,-3.8518518518518516,-3.429888206657861,0.0,3.500689449533942,0.0,-2.612146118721461,3.113427649540829,-0.5383847480592444,0.0,-0.901518293845657,Biotechnology,Healthcare,TCRT
2009Q4,2009,Q4,2010-03-17,2009-12-31,10950000.0,0.0,-4029000.0,0.27,0.0,0.0,49736000.0,28104000.0,49193000.0,3095000.0,21632000.0,0.0,-91144000.0,118844296.0,70005296.0,0.6999733500041095,15.894345718901453,0.0,0.0,-1.6284192058424372,0.6999733500041095,0.38962425277540563,0.0,2.7133400913242007,4.228732422430971,0.0,0.0,0.0,0.0,15.779967689822294,0.2201624577770629,-34.943927080270505,0.0,2.6875000000000004,4.989611526564661,0.0,6.140517722111037,0.0,4.808695652173913,-0.567704280155642,1.826659583366007,0.0,-0.534715864104464,Biotechnology,Healthcare,TCRT
2009Q3,2009,Q3,2009-11-10,2009-09-30,-2875000.0,0.0,-2570000.0,-0.16,0.0,0.0,8103000.0,3923000.0,7450000.0,3514000.0,4180000.0,0.0,-92108000.0,59620506.660000004,52540506.660000004,0.1802906516930294,2.1200910643141717,0.0,0.0,-0.7941083243746467,0.1802906516930294,-0.7328575070099413,0.0,-5.184391883478261,15.197682044353812,0.0,0.0,0.0,0.0,2.0147979510529312,-0.3548068616561767,-28.830032234042555,0.0,-0.23076923076923075,-2.305600060426807,0.0,2.735320172124766,0.0,-0.19841600666944562,-0.1719106247150023,0.41617037468451407,0.0,-0.9139299725309343,Biotechnology,Healthcare,TCRT
2009Q2,2009,Q2,2009-08-14,2009-06-30,-2399000.0,0.0,-2193000.0,-0.13,0.0,0.0,5431000.0,1678000.0,4696000.0,3375000.0,3753000.0,0.0,-89233000.0,34730894.11,30187894.11,0.07875236356821796,1.3914074074074074,0.0,0.0,-1.5313599081063276,0.07875236356821796,-1.4296781883194278,0.0,-3.6193095154230925,20.697791483909416,0.0,0.0,0.0,0.0,1.346074074074074,-0.4417234395139017,-15.609390611235956,0.0,0.1875,0.04957157935434581,0.0,1.7914988100134295,0.0,0.284521324187295,0.34183673469387754,0.7392746392479019,0.0,-0.9721255993725512,Biotechnology,Healthcare,TCRT
2009Q1,2009,Q1,2009-05-15,2009-03-31,-3353000.0,0.0,-3332000.0,-0.16,0.0,0.0,7873000.0,3737000.0,7006000.0,3956000.0,4136000.0,0.0,-86833000.0,13419599.9866,6651599.9866,0.1754103179193492,1.7709807886754296,0.0,0.0,-0.8953627642213483,0.1754103179193492,-0.8972437784318973,0.0,-1.0005666557262154,3.591008827027027,0.0,0.0,0.0,0.0,1.7108190091001012,-0.4258859392861679,-2.910344824680113,0.0,0.23809523809523805,-1.835717492010349,0.0,1.961594428489473,0.0,0.2651202119118907,0.27004756739846664,0.6445783991830246,0.0,-0.7023181560480236,Biotechnology,Healthcare,TCRT
2008Q4,2008,Q4,2009-03-23,2008-12-31,-4562651.0,0.0,-4564681.0,-0.21,0.0,0.0,12573000.0,6739000.0,11706000.0,5776000.0,5834000.0,0.0,-85061000.0,12356513.719999999,977513.7199999988,0.3163206134488879,2.026662049861496,0.0,0.0,,0.3163206134488879,-0.6770516397091556,0.0,-0.677046837463571,1.8335826858584359,0.0,0.0,0.0,0.0,1.9700484764542936,-0.3628927861290066,-3.2403804797483327,0.0,0.19230769230769237,-1.3811521781798768,0.0,2.4735397882981656,0.0,0.17708239959700467,0.1877001195667977,0.36741075315485106,0.0,-0.6807113797354618,Biotechnology,Healthcare,TCRT
2008Q3,2008,Q3,2008-10-30,2008-09-30,-5544481.0,0.0,-5619453.0,-0.26,0.0,0.0,16814511.0,11053015.0,15768954.0,5700564.0,5761496.0,0.0,-80497870.0,35876949.16,20685160.159999996,0.5206572963240222,2.7662094487492817,0.0,0.0,,0.5206572963240222,-0.5016261173987369,0.0,-1.6176874427020311,3.245897084189246,0.0,0.0,0.0,0.0,2.664962449329575,-0.3297438147324058,-6.085506114435223,0.0,0.16129032258064513,-2.5965097954252214,0.0,4.165948328027435,0.0,0.14710448325076367,0.15057391723910254,0.6607405565265788,0.0,-0.8043967515624485,Biotechnology,Healthcare,TCRT
2008Q2,2008,Q2,2008-07-30,2008-06-30,-6500774.0,0.0,-6615588.0,-0.31,0.0,0.0,22458434.0,16216536.0,21325172.0,6181468.0,6241898.0,0.0,-74953389.0,45642272.6,24555008.6,0.7638873003882808,3.4498556006437306,0.0,0.0,,0.7638873003882808,-0.4008731581146553,0.0,-1.7552630117582921,2.814551307381552,0.0,0.0,0.0,0.0,3.4113683028044473,-0.2894580272159671,-7.130643571030969,0.0,0.2439024390243902,-4.444022266004669,0.0,6.942159360474921,0.0,0.2461204760147576,0.24987192829163565,-3.8114126194250373,0.0,14.582447691385484,Biotechnology,Healthcare,TCRT
2008Q1,2008,Q1,2008-05-12,2008-03-31,-8623094.0,0.0,-8819278.0,-0.41,0.0,0.0,29004146.0,22214285.0,27823147.0,6730901.0,6789861.0,0.0,-68452615.0,62413154.16,34925727.16,1.0464139936362415,4.133643772208208,0.0,0.0,,1.0464139936362415,-0.3881778774333723,0.0,-1.8094768003224828,2.809595454456445,0.0,0.0,0.0,0.0,4.083766348665654,-0.29730556452170664,-8.276101806952608,0.0,-0.13888888888888887,-3.6479362028149662,0.0,10.312690661056287,0.0,-0.12002881415790351,-0.08929800606326721,-3.092561329579818,0.0,10.227387360788343,Biotechnology,Healthcare,TCRT
2007Q4,2007,Q4,2008-02-21,2007-12-31,-7698993.0,0.0,-8096295.0,-0.36,0.0,0.0,36726461.0,30369823.0,35527662.0,6305650.0,6356638.0,0.0,-59829521.0,75150532.56,40121734.56,1.4305843186695308,5.6342584824720685,0.0,0.0,,1.4305843186695308,-0.25350799706669347,0.0,-2.4402714926484546,2.4745133536010404,0.0,0.0,0.0,0.0,5.555144671841919,-0.2096306801790676,-12.685730276783287,0.0,-0.0285714285714286,-2.8219032577149945,0.0,10.366225519624304,0.0,-0.0512915782169019,-0.029789938647310304,-4.3052792230331,0.0,11.506034326952149,Biotechnology,Healthcare,TCRT
2007Q3,2007,Q3,2007-11-02,2007-09-30,-7323366.0,0.0,-7862084.0,-0.35,0.0,0.0,42801110.0,37695081.0,41625639.0,5069716.0,5106029.0,0.0,-52130528.0,69312904.89,28374280.89,1.778354479091866,8.210645132784558,0.0,0.0,,1.778354479091866,-0.1942790890938794,0.0,-2.366155975612853,1.8387785103844185,0.0,0.0,0.0,0.0,8.075131624730064,-0.17110224477823122,-12.007212148204815,0.0,-0.12903225806451607,-4.941379099470719,0.0,19.229347028398013,0.0,-0.11889092481651824,-0.09262640706110957,-7.64374507444032,0.0,18.116885272625932,Biotechnology,Healthcare,TCRT
2007Q2,2007,Q2,2007-08-13,2007-06-30,-6545201.0,0.0,-7195583.0,-0.31,0.0,0.0,48521003.0,44653756.0,47507650.0,3823622.0,3867247.0,0.0,-44807162.0,109092182.2,62402346.2,2.1080047970660174,12.424776821558199,0.0,0.0,,2.1080047970660174,-0.14657671798090177,0.0,-4.166876700959985,2.443068444231209,0.0,0.0,0.0,0.0,12.210892185472309,-0.1348941818041148,-18.1490958074747,0.0,-0.06896551724137938,-1.5976597282117195,-1.0,28.729715134688483,0.0,-0.2984742552898554,-0.3284485956048253,-1.6082794160000748,0.0,22.186453495266292,Biotechnology,Healthcare,TCRT
2007Q1,2007,Q1,2007-05-02,2007-03-31,-5040686.0,0.0,-5416531.0,-0.29,0.0,0.0,54185314.0,50786900.0,53275147.0,3357486.0,3398414.0,0.0,-38261961.0,90124656.09,37423933.09,2.8795789105795633,15.86757085509813,0.0,0.0,,2.8795789105795633,-0.09925169679582727,0.0,-4.469860654383154,1.7745650175537393,0.0,0.0,0.0,0.0,15.6964833211516,-0.0930267932008293,-19.25409327882704,0.0,0.12121212121212131,-2.4319617255327066,-1.0,93.71507241399922,0.0,0.13370433468696524,0.5439891564921083,-4.149490902701168,0.0,16.785770584386203,Biotechnology,Healthcare,TCRT
