Quarters,Year,Quarter,FillingDate,Date,NetIncome,Revenue,OperatingIncome,EPSDiluted,GrossProfit,GrossProfitRatio,TotalAssets,CommonStockEquity,CurrentAssets,CurrentLiability,TotalLiability,Inventory,RetainedEarnings,MarketCap,EnterpriseValue,bookValuePerShare,currentRatio,debtToAssets,debtToEquity,roic,shareholdersEquityPerShare,roe,priceToSalesRatio,peRatio,pbRatio,payoutRatio,inventoryTurnover,dividendYield,assetTurnover,quickRatio,returnOnAssets,priceToFreeCashFlowsRatio,grossProfitMargin,epsdilutedGrowth,fiveYNetIncomeGrowthPerShare,fiveYRevenueGrowthPerShare,fiveYShareholdersEquityGrowthPerShare,grossProfitGrowth,netIncomeGrowth,operatingIncomeGrowth,threeYNetIncomeGrowthPerShare,threeYRevenueGrowthPerShare,threeYShareholdersEquityGrowthPerShare,Industry,Sector,Symbol
2023Q1,2023,Q1,2023-05-04,2023-03-31,3905751.0,0.0,-1303635.0,0.11,0.0,0.0,291172327.0,282772004.0,157129.0,8400323.0,8400323.0,0.0,1247017.0,378059250.0,381417562.0,7.890944718850286,0.01870511407716108,0.011539558153134517,0.01188236442246949,-0.013677208594438972,7.890944718850286,0.013812368073043044,0.0,24.198883262143443,1.336975530293303,0.0,0.0,0.0,0.0,0.00020094465415198916,0.013413881189334315,-1192.1571193420828,0.0,0.0,0.0,0.0,0.0,0.0,0.3375112964584511,0.7017890802283874,0.0,0.0,0.0,Shell Companies,Financial Services,GOGN
2022Q4,2022,Q4,2023-02-24,2022-12-31,2920163.0,0.0,-4371520.0,0.11,0.0,0.0,285957989.0,276640946.0,307484.0,4487043.0,9317043.0,0.0,-4884041.0,286488.0,567678.0,10023.222681159421,0.06852709011257525,0.001049105153694447,0.0010844381655635315,0.023748491611872168,10023.222681159421,0.010555787356221664,0.0,0.02452671306362008,0.00103559507058655,0.0,0.0,0.0,0.0,0.004192070367946106,0.010211860176426125,-2.89454912856782,0.0,2.832752613240418,9665.154518044948,0.0,42546258.40546497,0.0,1.8366216556203259,-16.9518220718316,9665.154518044948,0.0,42546258.40546497,Shell Companies,Financial Services,GOGN
2022Q3,2022,Q3,2022-11-10,2022-09-30,1029451.0,0.0,-243514.0,0.0287,0.0,0.0,283680886.0,273751905.0,460942.0,268981.0,9928981.0,0.0,-7773082.0,83502900.0,83685115.0,33.24248998178506,1.7136600726445361,0.0007050175386155555,0.0007305885232104594,-0.0008899924116739477,33.24248998178506,0.0037605254290376537,0.0,20.278502813635615,0.3050313019739534,0.0,0.0,0.0,0.0,0.06611991181533268,0.0036289050507266113,-509.5586216155193,0.0,1.4741379310344829,111.76043312321643,0.0,22090.128826740114,0.0,1.4789860115442688,0.36652697243315097,111.76043312321643,0.0,22090.128826740114,Shell Companies,Financial Services,GOGN
2022Q2,2022,Q2,2022-08-12,2022-06-30,415271.0,0.0,-384411.0,0.0116,0.0,0.0,282683778.0,272722454.0,736798.0,301324.0,9961324.0,0.0,-8802533.0,82514700.0,82533042.0,33.117480752884035,2.4452018425349458,0.0007075043407690695,0.000733346290584493,-0.03790724451379733,33.117480752884035,0.0015226872371865649,0.0,49.675212090418064,0.3025592458184612,0.0,0.0,0.0,0.0,0.6028660179740081,0.0014690301754775614,-280.30376117618283,0.0,2.183673469387755,47.95522415115486,0.0,88007.29757357058,0.0,2.179723698676447,0.03403885344396505,47.95522415115486,0.0,88007.29757357058,Shell Companies,Financial Services,GOGN
2022Q1,2022,Q1,2022-05-12,2022-03-31,-352007.0,0.0,-397957.0,-0.0098,0.0,0.0,282511545.0,272707024.0,808966.0,144521.0,9804521.0,0.0,-8817963.0,82267650.0,81991616.0,33.11560704310868,5.597567135571993,0.0,0.0,-0.0013698742529096354,33.11560704310868,-0.0012907881683311539,0.0,-58.42756678134242,0.3016704476229406,0.0,0.0,0.0,0.0,1.9099923194553041,-0.0012459915576193531,-413.89404573239756,0.0,0.10091743119266057,0.0,0.0,0.0,0.0,0.10275769076852884,0.006714139878746128,0.0,0.0,0.0,Shell Companies,Financial Services,GOGN
2021Q4,2021,Q4,2022-03-31,2021-12-31,-392321.0,0.0,-400647.0,-0.0109,0.0,0.0,282820.568,-8442.157,1007.731,78.562,9738.562,0.0,-8442.981,355124850.0,355124375.201,-0.00023558412166875957,12.827206537511774,0.0,0.0,46.95959686143993,-0.00023558412166875957,46.47165410451382,0.0,-226.29737510864825,-42065.65336323407,0.0,0.0,0.0,0.0,6.0436215982281505,-1.3871728027927586,-310.5076895769924,0.0,-8.654561558901683,0.0,0.0,0.0,0.0,-8.700111262207937,-8.905971071825936,0.0,0.0,0.0,Shell Companies,Financial Services,GOGN
2021Q3,2021,Q3,2021-12-06,2021-09-30,-40445.0,0.0,-40445.0,-0.001129,0.0,0.0,321071.0,-53929.0,42987.0,375000.0,375000.0,0.0,-78929.0,353333100.0,353665113.0,-0.001504925352309195,0.114632,1.1679659639145237,-6.953587123810936,-0.12596902242806107,-0.001504925352309195,0.7499675499267555,0.0,-2184.0344912844603,-6551.819985536538,0.0,0.0,0.0,0.0,0.114632,-0.12596902242806107,-8736.353970922757,0.0,-0.0512104283054003,0.0,0.0,0.0,0.0,-0.0509289333506561,-0.0509289333506561,0.0,0.0,0.0,Shell Companies,Financial Services,GOGN
2021Q2,2021,Q2,2021-06-30,2021-06-30,-38485.0,0.0,-38485.0,-0.001074,0.0,0.0,261515.0,-13485.0,31343.0,275000.0,275000.0,0.0,-38485.0,353333100.0,353576757.0,-0.00037630807869401425,0.11397454545454545,1.0515649197942756,-20.39302929180571,-0.14716173068466437,-0.00037630807869401425,2.853911753800519,0.0,-2295.2650383266205,-26201.935483870966,0.0,0.0,0.0,0.0,0.11397454545454545,-0.14716173068466437,-9181.060153306484,0.0,0.0,0.0,0.0,0.0,0.0,0.0,0.0,0.0,0.0,0.0,Shell Companies,Financial Services,GOGN
2021Q1,2021,Q1,2021-03-31,2021-03-31,,,,,,,83969.0,17740.0,25000.0,66229.0,66229.0,0.0,-7260.0,0.0,-25000.0,0.0,0.3774781440154615,0.0,0.0,,0.0,,0.0,0.0,0.0,0.0,0.0,,,0.3774781440154615,,0.0,0.0,0.0,0.0,0.0,0.0,0.0,0.0,0.0,0.0,0.0,0.0,Shell Companies,Financial Services,GOGN
