Quarters,Year,Quarter,FillingDate,Date,NetIncome,Revenue,OperatingIncome,EPSDiluted,GrossProfit,GrossProfitRatio,TotalAssets,CommonStockEquity,CurrentAssets,CurrentLiability,TotalLiability,Inventory,RetainedEarnings,MarketCap,EnterpriseValue,bookValuePerShare,currentRatio,debtToAssets,debtToEquity,roic,shareholdersEquityPerShare,roe,priceToSalesRatio,peRatio,pbRatio,payoutRatio,inventoryTurnover,dividendYield,assetTurnover,quickRatio,returnOnAssets,priceToFreeCashFlowsRatio,grossProfitMargin,epsdilutedGrowth,fiveYNetIncomeGrowthPerShare,fiveYRevenueGrowthPerShare,fiveYShareholdersEquityGrowthPerShare,grossProfitGrowth,netIncomeGrowth,operatingIncomeGrowth,threeYNetIncomeGrowthPerShare,threeYRevenueGrowthPerShare,threeYShareholdersEquityGrowthPerShare,Industry,Sector,Symbol
2023Q1,2023,Q1,2023-03-31,2023-03-31,85035000.0,485398000.0,129052000.0,0.37,307476000.0,0.6334513121,6278953000.0,3561176000.0,2251318000.0,890244000.0,2717777000.0,380824000.0,1819166000.0,10467171420.0,11987940420.0,15.626457914644527,2.5288774762874,0.29940485300654424,0.5279011764653024,0.018539445982528352,15.626457914644527,0.023878348051317878,21.564100840959377,30.77312700652672,2.93924574915702,0.0,0.4672026973089931,0.0,0.07730556352309055,1.8024103504207836,0.013542862958203382,312.2944004535012,0.633451312119127,-0.05128205128205133,1.62649595149375,0.40928744963933633,0.37656635643956976,-0.031644852042680235,-0.04287290081491153,0.23408528013923288,1.1360701317156359,0.3051457331992136,0.4299791164374389,Diagnostics & Research,Healthcare,QGEN
2022Q4,2022,Q4,2022-12-31,2022-12-31,88844000.0,497984000.0,104573000.0,0.39,317524000.0,0.6376188793,6287735000.0,3466611000.0,2393952000.0,974523000.0,2821124000.0,357960000.0,2160173000.0,11356218513.71,12486999513.71,15.223367739999686,2.4565371981985034,0.2960446011163002,0.5369653531936522,0.01640716545283083,15.223367739999686,0.025628488457458885,22.804384304937507,31.955502098369053,3.2758848667214173,0.0,0.5041345401720863,0.0,0.07919926650852811,1.7875576051052668,0.014129730340098621,146.1020290462896,0.637618879321424,0.08333333333333341,3.2268810227241604,0.24841107647843516,0.35732536284306876,-0.010985793534360584,0.07828239920382551,-0.24343623617250634,0.9775662825833421,0.20458553995657752,0.36685682164108274,Diagnostics & Research,Healthcare,QGEN
2022Q3,2022,Q3,2022-09-30,2022-09-30,82394000.0,499631000.0,138221000.0,0.36,321051000.0,0.6425762213,6516617000.0,3327760000.0,2755513000.0,1497538000.0,3188857000.0,323472000.0,2072575000.0,9401643840.0,10419292840.0,14.611267469583277,1.8400287672165916,0.351293623670073,0.6879240089429526,0.02118220244806725,14.611267469583277,0.02475959804793615,18.817174754969166,28.5264820253902,2.8252169146813473,0.0,0.5520725132314389,0.0,0.07667030301151656,1.4677150095690392,0.012643676926233352,50.85790859077902,0.6425762212512834,-0.14285714285714285,0.6991918643162127,0.37255472248494437,0.2964289391788696,-0.030110145067639826,-0.14759830748699063,0.13150290200315987,1.5101499591494045,0.2985218112388413,0.34136660849981637,Diagnostics & Research,Healthcare,QGEN
2022Q2,2022,Q2,2022-06-30,2022-06-30,96661000.0,515512000.0,122157000.0,0.42,331018000.0,0.6421150235,6153685000.0,3282411000.0,2145097000.0,962904000.0,2871274000.0,322831000.0,1990596000.0,10742200800.0,11971188800.0,14.422537996124593,2.2277371368277628,0.31453056176908634,0.5896647311991094,0.019588398299961486,14.422537996124593,0.029448170871959667,20.83792579028228,27.783182462420214,3.272655618080734,0.0,0.5714878682654392,0.0,0.08377289380265646,1.708930485282022,0.015707823848637035,79.96040612159828,0.6421150235106069,-0.37313432835820903,5.939993139838049,0.47958149991839644,0.3123010892627411,-0.2023086006217317,-0.37763340888018954,-0.41007190770315494,1.1521684492006157,0.3453064118946823,0.2417867394401663,Diagnostics & Research,Healthcare,QGEN
2022Q1,2022,Q1,2022-03-31,2022-03-31,155312000.0,628391000.0,207071000.0,0.67,414970000.0,0.6603691014,6184282000.0,3240138000.0,2097251000.0,957283000.0,2944144000.0,321621000.0,1913660000.0,11132751000.0,12305930000.0,14.261233544161726,2.1908369834207857,0.31429582286189406,0.5998800051108935,0.03173056050965446,14.261233544161726,0.04793376084598866,17.716280150415905,17.91997881683321,3.435887915885064,0.0,0.6635791817076622,0.0,0.10161098733854633,1.6736774809539081,0.02511399059745335,65.8762152726412,0.6603691014034255,0.1964285714285714,7.906441998161067,1.067105003774471,0.3497732329924391,0.11006783941105976,0.20223553635842892,0.16439958388393736,4.255851032112758,0.8004857666681614,0.24203590889229173,Diagnostics & Research,Healthcare,QGEN
2021Q4,2021,Q4,2021-12-31,2021-12-31,129186000.0,582398000.0,177835000.0,0.56,373824000.0,0.6418703361,6146954000.0,3096550000.0,2109602000.0,1517470000.0,3050404000.0,327525000.0,1791740000.0,12620770752.38,13682024752.38,13.63674631104004,1.3902100206264374,0.31589141548806127,0.6270752934717669,0.02757189281803686,13.63674631104004,0.04171933280586459,21.67035386862592,24.423642562622884,4.075752289606174,0.0,0.6368185634684376,0.0,0.09474578791381878,0.9406657133254693,0.021016262688804896,87.36818214931985,0.6418703360931871,-0.01754385964912263,10.944864100540093,0.5806125404642063,0.18145823919667267,0.10855621157889431,-0.02969077430354742,0.34852207410103586,1.104935708348221,0.434582500525861,0.16707701566460847,Diagnostics & Research,Healthcare,QGEN
2021Q3,2021,Q3,2021-09-30,2021-09-30,133139000.0,534745000.0,131874000.0,0.57,337217000.0,0.6306127219515844,6043429000.0,3013740000.0,2028396000.0,1070031000.0,3029689000.0,335691000.0,1665666000.0,11786140800.0,13108892800.0,13.214680347277032,1.8956422757845333,0.3210582932305484,0.6438156576214272,0.023400328788687703,13.214680347277032,0.04417733447477221,22.040675088126115,22.131270326500875,3.9108021262617214,0.0,0.588422090553515,0.0,0.08848370684920763,1.2306540651625981,0.0220303738159247,113.06735226400615,0.6306127219515844,0.09615384615384602,2.9156907031574693,0.567722390657173,0.12256862955066661,-0.08659815595306457,0.09985873722645827,1.8177167624681436,1.1933039572076172,0.4060865811374104,0.1849590272084364,Diagnostics & Research,Healthcare,QGEN
2021Q2,2021,Q2,2021-06-30,2021-06-30,121051000.0,567308000.0,-161271000.0,0.52,369188000.0,0.6507717148356801,5907477000.0,2977872000.0,1802195000.0,503117000.0,2929605000.0,341041000.0,1537485000.0,11055700840.0,12236366840.0,13.03123605142702,3.58205944144205,0.32834880271222383,0.6513755460274988,-0.026483418862168966,13.03123605142702,0.040650168979727806,19.488004470234863,22.832733393363128,3.7126178828371406,0.0,0.5809272198943822,0.0,0.09603219784012701,2.512679953171926,0.02049115045221505,100.411436823367,0.6507717148356801,-0.07142857142857148,4.7021901004288145,0.6782255933469639,0.12392855049724016,-0.0037858447722691592,-0.06323951618519923,-1.9845724612022124,2.2701750964377565,0.4958197376644724,0.17345974464351155,Diagnostics & Research,Healthcare,QGEN
2021Q1,2021,Q1,2021-03-31,2021-03-31,129223000.0,567206000.0,163798000.0,0.56,370591000.0,0.6533622704978438,5762610000.0,2849776000.0,1665550000.0,499384000.0,2912834000.0,316280000.0,1430528000.0,11114271540.0,12255436540.0,12.484452349451955,3.335208977460231,0.3347356492978008,0.6768781125253354,0.027839793749805077,12.484452349451955,0.04534496746410946,19.594770753482862,21.502115606354902,3.900050930318734,0.0,0.6216485392690021,0.0,0.0984286634007854,2.3297222177722956,0.02242438756049776,150.8697336699788,0.6533622704978438,-0.3846153846153846,7.5741908969135885,0.8772251892764107,0.07223935184688404,-0.00761046827677254,-0.39242071608246937,0.05056633785291892,2.984836452468087,0.6441221514362442,0.09978071657062697,Diagnostics & Research,Healthcare,QGEN
2020Q4,2020,Q4,2020-12-31,2020-12-31,212685000.0,571234000.0,155914000.0,0.91,373433000.0,0.6537303451825347,5912530000.0,2797839000.0,1667316000.0,615086000.0,3114691000.0,291181000.0,1323091000.0,12049024901.9,13373789901.9,12.272013076069182,2.7107038690524576,0.3251990264742843,0.6872264629951902,0.027252632397792353,12.272013076069182,0.07601759786749702,21.0929757365633,14.162993278675037,4.306546910633529,0.0,0.679305998674364,0.0,0.09661413980140482,2.0236991250004066,0.035971910501934025,59.333757986822405,0.6537303451825347,12.0,3.309345462209388,0.6129867467905097,0.07563692689901529,0.16416230741893045,11.577468953282082,2.5030556304484586,6.324676585755462,0.4303546587684891,0.09418066263508859,Diagnostics & Research,Healthcare,QGEN
2020Q3,2020,Q3,2020-09-30,2020-09-30,16910000.0,483763000.0,44508000.0,0.07,320774000.0,0.663080888782317,5771477000.0,2711133000.0,1587699000.0,1090625000.0,3060344000.0,254642000.0,1271964000.0,11953586580.0,13276290580.0,11.852828406919858,1.4557698567335244,0.30980908353269015,0.6595235276174205,0.005994886795612325,11.852828406919858,0.006237244723884811,24.709592465732186,176.72363364872854,4.409074206245138,0.0,0.6400711587247979,0.0,0.08381961844429078,0.8615674498567335,0.0029299259097801135,-238.01494524312054,0.663080888782317,-0.8157894736842105,-0.5098529721297437,0.5124965671216184,0.0589245087382831,0.08748008272027664,-0.8116171293614367,-0.6250221155061292,-0.6527632197052686,0.32326925058630884,0.05167808267427064,Diagnostics & Research,Healthcare,QGEN
2020Q2,2020,Q2,2020-07-16,2020-06-30,89764000.0,443252000.0,118695000.0,0.38,294970000.0,0.6654679505112217,5294513000.0,2620851000.0,1635598000.0,956683000.0,2673662000.0,202804000.0,1262077000.0,9777418710.0,10795109710.0,11.475281425275076,1.709655131323542,0.3222118823770949,0.650916438973448,0.022642790379249222,11.475281425275076,0.03424994400673674,22.058374716865348,27.230901892740967,3.730627460317279,0.0,0.731159148734739,0.0,0.08371912581950408,1.200895176354132,0.01695415612351882,767.9405207351555,0.6654679505112217,1.2352941176470587,2.520038184699295,0.3662543091498933,0.018538990626296308,0.2111867552496941,1.2537347159105174,0.7633033247169979,5.422176483735456,0.2677192897778028,0.0441313670334179,Diagnostics & Research,Healthcare,QGEN
2020Q1,2020,Q1,2020-04-16,2020-03-31,39829000.0,372097000.0,67314000.0,0.17,243538000.0,0.654501380016501,5180952000.0,2491615000.0,1579925000.0,997195000.0,2689337000.0,169340000.0,1187644000.0,9485132800.0,10540920800.0,10.927752534998772,1.5843691554811246,0.33055836070282063,0.6873481657479186,0.013764683642518375,10.927752534998772,0.015985214409128215,25.491021964702753,59.53659896055638,3.806821198299095,0.0,0.7591768040628322,0.0,0.07182019829560282,1.142953985930535,0.0076875832858517125,-789.5723632731208,0.654501380016501,-0.1052631578947368,1.004692087204586,0.22313743319255813,-0.010909646968563587,-0.12886806288340816,-0.11359134711681837,-0.15846980872609076,1.2759093742984278,0.21967769283938804,0.03427153218067701,Diagnostics & Research,Healthcare,QGEN
2019Q4,2019,Q4,2020-02-05,2019-12-31,44933000.0,413472000.0,79990000.0,0.19,279565000.0,0.6761401013853416,5235616000.0,2536591000.0,1570248000.0,951345000.0,2699025000.0,170704000.0,1178457000.0,7698027063.999999,8780732064.0,11.137499918771395,1.6505557920628162,0.3259123663767549,0.6726949673794475,0.012233445546906958,11.137499918771395,0.017713931808478387,18.61801298274127,42.83058700732201,3.0347923902592098,0.0,0.7844397319336395,0.0,0.07897294224786539,1.301148374143975,0.008582180205729373,130.1617642961009,0.6761401013853416,1.2676056338028168,0.7056906255517914,0.12545218013673773,-0.06087304860823027,0.0965827521553922,1.2797211068571606,1.3855813123936507,3.142244975108963,0.11880978379288815,-0.03507106879066285,Diagnostics & Research,Healthcare,QGEN
2019Q3,2019,Q3,2019-10-08,2019-09-30,-160635000.0,382686000.0,-207453000.0,-0.71,254942000.0,0.6661910809384195,5142744000.0,2467442000.0,1542302000.0,630704000.0,2675302000.0,168266000.0,1210359000.0,7468364400.0,8529249400.0,10.892821825887339,2.445365813440219,0.3425690642971923,0.7139965194723928,-0.03388547189455577,10.892821825887339,-0.06510183420724783,19.515645725215972,-11.623189840321224,3.026763911775839,0.0,0.7591789190923894,0.0,0.07441280374834913,1.9925384966640454,-0.031235270509284537,127.89609206425318,0.6661910809384195,-4.7368421052631575,-5.584254463232456,0.12598686790013608,-0.09707666628634416,0.03670780554256552,-4.591374530495439,-4.447437516617921,-5.756481741187546,0.12955548846224602,-0.0746700073191264,Diagnostics & Research,Healthcare,QGEN
2019Q2,2019,Q2,2019-07-25,2019-06-30,44728000.0,381612000.0,60176000.0,0.19,245915000.0,0.644411077219794,5382549000.0,2632391000.0,1614234000.0,909754000.0,2750158000.0,169520000.0,1371445000.0,9222388500.0,10361945500.0,11.614343701742776,1.774363179496875,0.32775790800975524,0.6701789361838724,0.011812952704292038,11.614343701742776,0.016991396794777066,24.16692478223955,51.54706503756036,3.5034265426374724,0.0,0.800477819726286,0.0,0.0708980076168373,1.3218419484827766,0.008309817523258961,198.42908320244422,0.644411077219794,0.4608192889654323,0.34595799920022313,0.1396822157005154,-0.05275452650512843,0.0937333214730475,0.5151761517615177,0.46228615863141526,1.1243079802296976,0.13819885905617088,0.0017232770675678672,Diagnostics & Research,Healthcare,QGEN
2019Q1,2019,Q1,2019-05-08,2019-03-31,29520000.0,348654000.0,41152000.0,0.130064,224840000.0,0.6448800243221073,5420364000.0,2606056000.0,1598660000.0,943841000.0,2814308000.0,167093000.0,1342409000.0,9280639740.0,10476536740.0,11.482142699787634,1.6937810499861736,0.3226266723046644,0.6710346976427214,0.0098024291840611,11.482142699787634,0.011327461881095418,26.618480614018484,78.5962037601626,3.561182008368201,0.0,0.7409885512858109,0.0,0.06432298642674182,1.234503480988853,0.005446128710175184,-85.88890499194846,0.6448800243221073,-0.4997538461538461,0.2534649435012277,0.08635462915845801,-0.05471394075021797,-0.15075881761937496,-0.5156685808039376,-0.533809885242373,0.9699268838679227,0.16051466730705047,-0.013844988821301299,Diagnostics & Research,Healthcare,QGEN
2018Q4,2018,Q4,2019-02-05,2018-12-31,60950000.0,403173000.0,88273000.0,0.26,264754000.0,0.6566759182782578,5748332000.0,2634970000.0,2155060000.0,972189000.0,3113362000.0,162912000.0,1379624000.0,7768794902.700001,8783921902.7,11.684529922195754,2.2167088909666743,0.3782325029243266,0.8251350110247935,0.016347819636962992,11.684529922195754,0.02313119314451398,19.26913484459525,31.865442586956526,2.94834282845725,0.0,0.8496550284816342,0.0,0.07013738942009612,1.867719136916793,0.010603075813992651,123.71677526395415,0.6566759182782578,0.0,0.012034040398032011,0.11516475474361465,-0.030451027397270528,0.0310698819204287,0.010444297082228117,0.14591149247725002,0.248506017318456,0.15093466495594104,0.024144268740948514,Diagnostics & Research,Healthcare,QGEN
2018Q3,2018,Q3,2018-10-31,2018-09-30,60320000.0,377911000.0,77033000.0,0.26,256776000.0,0.6794615663476321,5299027000.0,2527303000.0,1869571000.0,1368590000.0,2771724000.0,159968000.0,1321094000.0,8600342850.0,9768719850.0,11.152014579279243,1.3660563061252822,0.33368748640080526,0.6996466193408547,0.014981902072602823,11.152014579279243,0.023867340006322946,22.757588029985897,35.64465703746684,3.402972595687973,0.0,0.7572451990398079,0.0,0.0713170549989649,0.9375890515055642,0.011383221863183562,186.52604428732542,0.6794615663476321,0.625,0.47650929458694713,0.16886380154847278,-0.055684417142006656,0.01190119642491212,0.6384625831862013,0.4443777773611085,0.7646920960753714,0.19254870130107055,-0.0036857740291684673,Diagnostics & Research,Healthcare,QGEN
2018Q2,2018,Q2,2018-07-31,2018-06-30,36815000.0,377196000.0,53333000.0,0.16,253756000.0,0.6727430831716137,5309065000.0,2523860000.0,1687635000.0,941194000.0,2785205000.0,158235000.0,1268140000.0,8218191679.999999,9306267680.0,11.104970674035192,1.7930787914075101,0.33197728790286046,0.6983307314985776,0.009967176953771969,11.104970674035192,0.014586783736023392,21.787589688119702,55.807358956946885,3.256199503934449,0.0,0.7801055392296268,0.0,0.07104753850254235,1.33669041664099,0.006934366032436973,95.8803411384504,0.6727430831716137,0.14285714285714277,1.7054026367877542,0.1868047287304792,-0.031966693132953215,0.12443613353775801,0.13995974609072612,0.11244837511993659,0.45077854312365356,0.16836640494484284,-0.014329566126933473,Diagnostics & Research,Healthcare,QGEN
2018Q1,2018,Q1,2018-05-07,2018-03-31,32295000.0,343568000.0,47942000.0,0.14,225674000.0,0.6568539561309552,5105356000.0,2580540000.0,1744771000.0,815354000.0,2524816000.0,160195000.0,1243503000.0,7344870750.000001,8301926750.000001,11.351765094028373,2.1398938375233336,0.3470823582136094,0.6866698442961551,0.009087755895397483,11.351765094028373,0.01251482247901602,21.378215520653846,56.857646307477935,2.8462534004510687,0.0,0.7359405724273541,0.0,0.06729560093360776,1.7071713636040298,0.006325709705650302,520.285524544875,0.6568539561309552,1.777777777777778,0.5973433346189859,0.11858488310142623,-0.048661604812552654,-0.13626864871898897,1.8136195298919204,0.10536751821451627,0.6303710227799993,0.1327515919169278,0.027468485255529425,Diagnostics & Research,Healthcare,QGEN
2017Q4,2017,Q4,2018-02-02,2017-12-31,-39693000.0,396863000.0,43372000.0,-0.18,261278000.0,0.6583581739794337,5038516000.0,2540996000.0,1647973000.0,324792000.0,2497520000.0,155927000.0,1247945000.0,7007403525.15,8467145525.15,11.21571006977476,5.0739334712677655,0.34896346463919137,0.6919562250393153,-0.011826602429930685,11.21571006977476,-0.015621039938669718,17.656983707601867,-44.13500822027813,2.757738904409924,0.0,0.8695415162223348,0.0,0.0787658508973674,4.3699690879085695,-0.007877914846355553,162.3399403486621,0.6583581739794337,-1.8571428571428572,-2.02996911982322,0.14170750413622646,-0.06687927599662519,0.08467666607162873,-1.8186655666701042,-0.32158107960144533,-2.5147267569254117,0.08594312214013566,-0.05427827767980253,Diagnostics & Research,Healthcare,QGEN
2017Q3,2017,Q3,2017-11-08,2017-09-30,48485000.0,363977000.0,63931000.0,0.21,240881000.0,0.6618028062212722,5096544000.0,2566596000.0,1570701000.0,294704000.0,2529948000.0,161948000.0,1289603000.0,7173463500.0,8551901500.0,11.270395953084588,5.32975799446224,0.3427801270821953,0.6806657533947688,0.01391183709552376,11.270395953084588,0.018890779850042623,19.708562628957324,36.988055584201305,2.794932860489146,0.0,0.7600958332304196,0.0,0.07141643435237682,4.427198137792497,0.009513309411240244,156.91362980138246,0.6618028062212722,2.5,0.661140210542434,0.19513998677222522,-0.050962249424722855,0.07269423798857305,2.475378109096122,1.858528951486698,0.3763349956301919,0.06525334340749589,-0.06577894609021008,Diagnostics & Research,Healthcare,QGEN
2017Q2,2017,Q2,2017-07-31,2017-06-30,13951000.0,348990000.0,22365000.0,0.06,224557000.0,0.6434482363391502,4556122000.0,2505374000.0,1159254000.0,300781000.0,2050748000.0,155667000.0,1241764000.0,7643599390.0,8550594390.0,10.99026596421349,3.8541463722775045,0.30372979476844564,0.5523446798761382,0.006474513794375161,10.99026596421349,0.005568430102651341,21.90205848305109,136.97224912192675,3.0508815809535825,0.0,0.7993537487071762,0.0,0.0765980366636363,3.054474850472603,0.0030620338963706414,202.5223726882518,0.6434482363391502,-0.25000000000000006,-0.5833253701053832,0.13093987138496838,-0.05239309208569043,0.14660573412647757,-0.2096198515664835,-0.058355437665782495,-0.5826035730208943,0.03625369226960712,-0.1036532106808715,Diagnostics & Research,Healthcare,QGEN
2017Q1,2017,Q1,2017-05-04,2017-03-31,17651000.0,307706000.0,23751000.0,0.08,195845000.0,0.6364679271772407,4067741000.0,2429804000.0,763201000.0,273532000.0,1637937000.0,144033000.0,1240484000.0,6662288840.0,7516348840.0,10.565651470613814,2.790170802684878,0.263429505467531,0.4410079989990962,0.007264024858442536,10.565651470613814,0.0072643719411112995,21.65147523935185,94.3613511982324,2.741903807879154,0.0,0.7766345212555456,0.0,0.07564542580267525,2.0094979746428208,0.0043392634880146,186.3525171323879,0.6364679271772407,1.0955574182732606,-0.39272045619174956,0.02114967600995617,-0.0895685668783867,-0.1417910447761194,0.640732478155791,2.406137960705579,-0.2603078739660201,-0.053765510807463605,-0.13016557073028542,Diagnostics & Research,Healthcare,QGEN
2016Q4,2016,Q4,2017-01-18,2016-12-31,10758000.0,366515000.0,6973000.0,0.038176,228202000.0,0.6226266319250235,4308194000.0,2607096000.0,1037569000.0,308429000.0,1701098000.0,136552000.0,1263464000.0,6572389593.2205,7293304593.2205,11.542300742100107,3.364044885532813,0.24768986726224493,0.40930445215672917,-0.0018206519820145124,11.542300742100107,0.004126430327076563,17.932116265965924,152.73260813395845,2.520961864549867,0.0,1.012896186068311,0.0,0.08507393121108288,2.7886547633328904,0.002497102033938119,89.25147806489089,0.6226266319250235,-0.7374144512845203,29.656153325195728,0.09767483534353602,0.024660475967355308,0.033495466608697226,-0.6813483012943929,-0.8515498594907605,-0.8216583653219276,0.012136625139367172,-0.04225279917192396,Diagnostics & Research,Healthcare,QGEN
2016Q3,2016,Q3,2016-10-27,2016-09-30,33761000.0,338685000.0,46972000.0,0.145385,220806000.0,0.651950927853315,4328144000.0,2665700000.0,963060000.0,250121000.0,1662444000.0,144710000.0,1273605000.0,6452711806.5460005,7277198806.5460005,11.771824010943995,3.850376417813778,0.24708974562768707,0.40118542971827287,0.011572527838263527,11.771824010943995,0.012664966050193195,19.052251521460946,47.7822917459939,2.420644411053757,0.0,0.8145877962822196,0.0,0.07825178644703133,3.0018311137409492,0.007800341208610434,88.05796837449167,0.651950927853315,0.5555519890436753,-0.043934507397585365,0.16682804661821565,0.04338032782244202,0.04698005670987871,0.6075901147564402,0.5932973779722533,-0.17295978559797262,0.048351236372672156,-0.0032010115149302926,Diagnostics & Research,Healthcare,QGEN
2016Q2,2016,Q2,2016-08-01,2016-06-30,21001000.0,334412000.0,29481000.0,0.093462,210898000.0,0.630653206224657,4118516000.0,2621082000.0,900565000.0,248441000.0,1492002000.0,140090000.0,1243888000.0,5120105343.2184,5942642343.2184,11.594363401180473,3.6248646559947835,0.2603879649854462,0.4091485882547742,0.007419764282851815,11.594363401180473,0.008012339942054464,15.310770376716146,60.95073262247512,1.953431957954158,0.0,0.8816760653865372,0.0,0.08119720792635017,2.771571519998712,0.005099166787260265,70.0223648913226,0.630653206224657,0.5,-0.3716891829000004,0.18027309117061055,0.006224523024359338,0.14154415744690063,0.4110730363501982,0.9142263489383806,1.404544586405733,0.05781126508035471,0.010694244380624569,Diagnostics & Research,Healthcare,QGEN
2016Q1,2016,Q1,2016-04-29,2016-03-31,14883000.0,298379000.0,15401000.0,0.062308,184748000.0,0.6191722607824277,4119562000.0,2624598000.0,963007000.0,246232000.0,1494964000.0,148593000.0,1235667000.0,5229474486.2752,6024950486.2752,11.64334467667881,3.910974203190487,0.2572572035570772,0.4037902185401345,0.00697039114691202,11.64334467667881,0.005670582694949855,17.526281964465326,87.8430841610428,1.9924858916585322,0.0,0.7647130080151824,0.0,0.0724297874385675,2.9737402124825367,0.0036127627160363164,189.1995110808683,0.6191722607824277,-0.6999980740712208,-0.46965755782434127,0.12579091658890534,0.031792013442912215,-0.17270964592932916,-0.6935952072138842,-0.716914197485479,-0.25763818144194833,-0.020314560514891427,-0.024225682299144197,Diagnostics & Research,Healthcare,QGEN
2015Q4,2015,Q4,2016-01-11,2015-12-31,48573000.0,348540000.0,54404000.0,0.207692,223317000.0,0.6407212945429506,4189678000.0,2559920000.0,961614000.0,268353000.0,1627724000.0,136586000.0,1227509000.0,6442618581.9035,7343011581.9035,11.409066357965715,3.583392024683905,0.2529041611312373,0.4139141066908341,0.015628194402335784,11.409066357965715,0.018974421075658613,18.484588804451423,33.159464012432316,2.5167265312601566,0.0,0.916806993396102,0.0,0.08319016401737794,2.782588605307189,0.011593492387720488,125.35252902761887,0.6407212945429506,0.42856553289541566,0.34078089479633256,0.22060709541725956,0.035503871160458854,0.09123559707983542,0.4315649867374005,0.17831539277901715,0.27264163536383146,0.012436494435928045,-0.050792487152682406,Diagnostics & Research,Healthcare,QGEN
2015Q3,2015,Q3,2015-10-30,2015-09-30,33930000.0,314561000.0,46171000.0,0.145385,204646000.0,0.6505765177501344,4159431000.0,2517981000.0,976686000.0,277332000.0,1639152000.0,134074000.0,1181136000.0,6027059086.8931,6755014086.8931,11.193270444786094,3.52172125827528,0.2545795326331895,0.42053772447051824,0.011688261948434893,11.193270444786094,0.013475081821506993,19.160223571558774,44.40803924913867,2.3936078496593503,0.0,0.8198084639825768,0.0,0.07562596903278357,2.6301400487502344,0.008157365755075634,85.18691024710746,0.6505765177501344,0.27272806856282433,-0.07344097837650614,0.1425926941382952,0.03228983578974431,0.02047471826069612,0.35125448028673834,0.15465026133493384,0.17680807090306475,0.045616915119019386,-0.05745669906183117,Diagnostics & Research,Healthcare,QGEN
2015Q2,2015,Q2,2015-07-31,2015-06-30,25110000.0,319456000.0,39987000.0,0.114231,200540000.0,0.6277546829610338,4131168000.0,2533708000.0,928062000.0,264663000.0,1593731000.0,138438000.0,1148549000.0,5789465471.7865,6604721471.7865,11.266413491170292,3.506580065970687,0.2540651941533242,0.41424899791136155,0.009537857163579012,11.266413491170292,0.009910376412751588,18.12288850979947,57.64103416752788,2.2849773816819066,0.0,0.858983805024632,0.0,0.07732825196167283,2.49742124890899,0.006078184184230707,144.67153460409065,0.6277546829610338,0.3750015046282365,-0.35081323659462244,0.21096179614457353,0.08084621736415362,0.013483464057572572,0.2883530015392509,0.138225498847172,-0.23979290306847026,0.04937585991998309,-0.028582994586703728,Diagnostics & Research,Healthcare,QGEN
2015Q1,2015,Q1,2015-05-07,2015-03-31,19490000.0,298429000.0,35131000.0,0.083077,197872000.0,0.6630454815048136,4170198000.0,2471184000.0,957580000.0,332723000.0,1691455000.0,136090000.0,1136971000.0,5853298120.3764,6614457120.3764,11.048285428633084,2.878009635642862,0.251539615145372,0.4244807347409177,0.010145525347404495,11.048285428633084,0.007886907652364212,19.613704165400815,75.08078656203695,2.3686209203266126,0.0,0.7389007274597693,0.0,0.07156230951144286,1.961818088920814,0.004673638997476858,154.64051465949117,0.6630454815048136,-0.27272806856282444,-0.4098121396911026,0.12853566668712588,0.068979810701812,-0.08297918684567863,-0.24583059242348024,0.7079585784432885,-0.3105608510182041,0.018261273901701812,-0.04798048995811762,Diagnostics & Research,Healthcare,QGEN
2014Q4,2014,Q4,2014-12-31,2014-12-31,25843000.0,360410000.0,20569000.0,0.114231,215777000.0,0.598698704253489,4454372000.0,2649744000.0,1148750000.0,431626000.0,1796373000.0,132276000.0,1125686000.0,5443256434.763101,6222668434.763101,11.859418902061979,2.661447642171695,0.26313002147104014,0.44233669365795336,0.009999579886986305,11.859418902061979,0.009753017650006943,15.1029561742546,52.656971276197616,2.054257481010656,0.0,1.093418307175905,0.0,0.08091151794237213,2.07437920792538,0.00580171570762388,110.01811857795903,0.598698704253489,-0.21428620559204864,-0.41832463881580206,0.24775570290601642,0.15742554405180556,-0.03314454192692697,-0.25500879241258034,-0.590699247821069,70.59105323032674,0.09119638033522481,0.05281244081256359,Diagnostics & Research,Healthcare,QGEN
2014Q3,2014,Q3,2014-10-31,2014-09-30,34689000.0,336457000.0,50254000.0,0.145385,223174000.0,0.6633061579934434,4461240000.0,2705306000.0,1267263000.0,435619000.0,1747575000.0,131525000.0,1101396000.0,5302502526.4502,5982668526.4502,12.063949860599992,2.9091086476944303,0.26099828747164466,0.4304045457334586,0.01206477509982463,12.063949860599992,0.012822579035421501,15.759822284720485,38.21458190240567,1.9600379869967393,0.0,0.8613039346131914,0.0,0.07541782105423604,2.2954301809608855,0.007775640853215698,75.83670661399027,0.6633061579934434,0.0,-0.2051201811252336,0.11908227224489827,0.04852021843228604,0.03383996775822374,0.056496314795638665,0.053719701417428496,-0.008015786336538221,0.1705261062300242,0.06927252299084753,Diagnostics & Research,Healthcare,QGEN
2014Q2,2014,Q2,2014-07-31,2014-06-30,32834000.0,330837000.0,47692000.0,0.145385,215869000.0,0.6524935240012453,4563596000.0,2745767000.0,1200860000.0,295750000.0,1808819000.0,135779000.0,1079250000.0,5685924500.2336,6442353500.2336,12.261176249163313,4.0603888419273035,0.257551939304005,0.4280636339500038,0.010260100260326916,12.261176249163313,0.011958043053179676,17.186483072430228,43.2929623274167,2.070796429643739,0.0,0.8467288755993195,0.0,0.0724948045357214,3.220791208791209,0.007194764830190928,125.83098015432756,0.6524935240012453,0.4000057777863374,-0.09565613049036766,0.17353572822281374,0.5241938637730537,0.027370334764275313,0.41118322087076115,0.1273904924000662,-0.00834522056165671,0.1787369033563146,0.0640943186044887,Diagnostics & Research,Healthcare,QGEN
2014Q1,2014,Q1,2014-05-07,2014-03-31,23267000.0,317073000.0,42303000.0,0.103846,210118000.0,0.6626802029816478,4486512000.0,2723684000.0,1216105000.0,313599000.0,1753924000.0,133412000.0,1063190000.0,4910943570.8544,5517967570.8544,12.146738637931819,3.87789820758357,0.26107051535803316,0.43004107671815084,0.009083458628062164,12.146738637931819,0.008542474090239543,15.488368832585556,52.76726233350239,1.8030518851872686,0.0,0.801689503193116,0.0,0.07067249569375943,3.105848551812984,0.005185988580884215,186.16867852664618,0.6626802029816478,-0.6,-0.19807260692426856,0.22098089551890623,0.584488735763665,-0.10915234691325049,-0.6131837073981712,0.24391319689484828,-0.16652169658626273,0.20264307432881978,0.07640100538288114,Diagnostics & Research,Healthcare,QGEN
2013Q4,2013,Q4,2013-12-31,2013-12-31,60150000.0,361085000.0,34008000.0,0.259615,235863000.0,0.6532063087638644,4088392000.0,2714332000.0,920889000.0,337038000.0,1364521000.0,128097000.0,1054431000.0,5568930836.5482,6084110836.5482,12.051510807988308,2.732300215405978,0.20680086449635945,0.31148842514475017,0.01853593258253808,12.051510807988308,0.022160148426942614,15.422769809181217,23.146013451987532,2.0516763743522164,0.0,0.9775560707901044,0.0,0.08831956426878831,2.1202178982785322,0.014712385700784073,134.5477370511766,0.6532063087638644,0.4705899013243607,1.0640653618038571,0.2894820740246083,0.5813606056415942,0.11942572377788324,0.4778506670597774,-0.011740090666046728,0.6540678951870759,0.25975916332640175,0.09381308719367722,Diagnostics & Research,Healthcare,QGEN
2013Q3,2013,Q3,2013-10-30,2013-09-30,40701000.0,322111000.0,34412000.0,0.176538,210700000.0,0.6541223367100161,4055086000.0,2666368000.0,873731000.0,303490000.0,1378842000.0,143157000.0,994357000.0,5017513583.9583,5584186583.9583,11.809626762196816,2.878944940525223,0.20878989989361507,0.31753343874513945,0.013166625536473553,11.809626762196816,0.01526458463347895,15.576970621799006,30.819350777366033,1.8817783531599164,0.0,0.778243466962845,0.0,0.07943382705077032,2.0813601766120793,0.010037025108715326,92.23370558746875,0.6541223367100161,1.7727236914672901,0.6456003861266972,0.17317940638191293,0.5375481977607885,0.24737293905218602,1.7863256119472188,2.0073475600831356,0.10740337903780342,0.16574525766440065,0.08913277234045178,Diagnostics & Research,Healthcare,QGEN
2013Q2,2013,Q2,2013-07-31,2013-06-30,-51761000.0,315212000.0,-34161000.0,-0.228462,168915000.0,0.535877441214167,3976279000.0,2585770000.0,901822000.0,296926000.0,1380981000.0,132646000.0,953656000.0,4693194278.3412,5239731278.3412,11.471682425861395,3.037194452489846,0.21285126119168196,0.32731294740058087,-0.011037728552122542,11.471682425861395,-0.02001763497913581,14.889008915717675,-22.667617889633124,1.8150084030448186,0.0,1.102913016600576,0.0,0.07927310935676295,2.2333241278971867,-0.013017446713371975,220.37914530152142,0.535877441214167,-3.7500030092564733,-2.8427577059582507,0.1961640080811649,0.4455546115834858,-0.15547989380690255,-3.5902517139568633,-2.175088576244367,-2.3351611940625565,0.19214816560466683,0.10053874434065131,Diagnostics & Research,Healthcare,QGEN
2013Q1,2013,Q1,2013-04-30,2013-03-31,19983000.0,303576000.0,29071000.0,0.083077,200013000.0,0.6588564313384457,4033574000.0,2681015000.0,983618000.0,268884000.0,1342785000.0,130645000.0,1005417000.0,4878819003.1422,5352771003.1422,11.932415585719815,3.658149982892251,0.2099153257136227,0.3158165843906133,0.0072611410301097615,11.932415585719815,0.007453520401788129,16.07116176226777,61.03711909050443,1.819765649629786,0.0,0.792705423093115,0.0,0.07526228600243853,2.771399562636676,0.00495416719762672,210.49352848141342,0.6588564313384457,-0.5,-0.17445925098089016,0.23127210586188615,0.552020133532743,-0.13981042654028436,-0.4798667326062625,-0.4058048032703117,-0.3976090395909306,0.14282840067574964,0.1545240604465679,Diagnostics & Research,Healthcare,QGEN
2012Q4,2012,Q4,2013-01-30,2012-12-31,38419000.0,346531000.0,48925000.0,0.166154,232522000.0,0.6709991313908423,4087631000.0,2714704000.0,992621000.0,266869000.0,1363268000.0,135293000.0,985434000.0,4256930037.2125998,4709885037.2126,12.019570224156972,3.719506574386684,0.20720852738419882,0.3120016031213716,0.013626278263290768,12.019570224156972,0.014152187494474536,12.284413334485514,27.70068219639111,1.5681009926727187,0.0,0.8426821786788673,0.0,0.08477550933535831,2.9672048832948,0.00939884250804439,155.84016829743007,0.6709991313908423,0.3333386831440837,1.1402840462648385,0.3774518077784343,0.6301684428241623,0.16753114377099473,0.31738847169358436,0.2551952383395762,-0.14455762170696673,0.18681161223255294,0.1730555873648202,Diagnostics & Research,Healthcare,QGEN
2012Q3,2012,Q3,2012-11-05,2012-09-30,29163000.0,304289000.0,38978000.0,0.124615,199157000.0,0.6544995054044017,3956454000.0,2702123000.0,803387000.0,539277000.0,1244668000.0,143173000.0,947015000.0,4459015897.886001,4867310897.886001,11.875603416463491,1.4897483111647631,0.16846499415891097,0.24666678755926358,0.009884872555505667,11.875603416463491,0.01079262491011697,14.653884622467459,38.22494168883517,1.6501898314347645,0.0,0.7343004616792272,0.0,0.07690952554989898,1.066603990157192,0.007370994329771053,122.51053377712451,0.6544995054044017,-0.14286205592048687,3.996603179509904,0.297177375191346,0.5321443214137412,-0.01880536423384276,-0.12510125101251013,-0.14196403020230258,-0.3414036304134229,-0.002538493188135639,0.03215036800776457,Diagnostics & Research,Healthcare,QGEN
2012Q2,2012,Q2,2012-07-25,2012-06-30,33333000.0,307213000.0,45427000.0,0.145385,202974000.0,0.660694697164508,3876789000.0,2632149000.0,743932000.0,512117000.0,1235134000.0,139589000.0,917852000.0,3935837690.3988004,4382952690.3988,11.597916680876835,1.4526602319391857,0.17053365555876268,0.25117233104964803,0.011783992912787868,11.597916680876835,0.012663796768344041,12.81142949809676,29.51907786876969,1.495294411676087,0.0,0.7467565495848527,0.0,0.07924418894089928,1.0043310415393358,0.008598094969831993,60.38320508121692,0.660694697164508,0.16667335393010457,-0.056520713315970736,0.45418606402660794,1.725795029729221,0.07183820034852405,0.16581561275881365,0.24515527780061946,-0.09408955378625537,0.07528327734343614,0.44174368578625584,Diagnostics & Research,Healthcare,QGEN
2012Q1,2012,Q1,2012-03-31,2012-03-31,28592000.0,296422000.0,36483000.0,0.124615,189370000.0,0.6388527167349252,3798106000.0,2625354000.0,759193000.0,451998000.0,1163061000.0,134358000.0,884520000.0,3657771937.0416,4032505937.0416,11.605104004798216,1.6796379629998364,0.1565488166996919,0.22647955285268195,0.009741405477526657,11.605104004798216,0.010890721784566957,12.339745150635244,31.982477065626753,1.3932490388121375,0.0,0.7967668467824767,0.0,0.0780446885895233,1.162288328709419,0.007527962621369704,-302.32018654778085,0.6388527167349252,75.97583504901596,-0.07870422598717215,0.48387745800520393,1.8606931207556863,-0.06121882420594986,77.04255319148936,2.860428352881183,-0.023218574778187718,0.1314053768293155,0.5138348754410554,Diagnostics & Research,Healthcare,QGEN
2011Q4,2011,Q4,2012-02-10,2011-12-31,-376000.0,334420000.0,-19610000.0,-0.0016620688508308325,201719000.0,0.6031905986484062,3756453000.0,2548304000.0,748432000.0,481657000.0,1198655000.0,132236000.0,855928000.0,3244324804.7784,3613142804.7784,11.264512502254291,1.553869247202885,0.1570500150008532,0.23150730839020775,-0.0002230158897325445,11.264512502254291,-0.00014754911501924418,9.701348019790682,-2157.1308542409574,1.273130994095838,0.0,1.0035164403036994,0.0,0.08902547163507703,1.0910025183896424,-0.00010009442418153508,105.83346288626325,0.6031905986484062,-1.0106700874425003,-1.012377190246072,0.7005303795142137,1.8813436174498412,0.07565108888083101,-1.0106985346421966,-1.571770125666968,-1.0128457154220636,0.18899695297516356,0.47809321143492584,Diagnostics & Research,Healthcare,QGEN
2011Q3,2011,Q3,2011-11-03,2011-09-30,35145000.0,288885000.0,34297000.0,0.155769,187532000.0,0.6491579694342039,3948442000.0,2542755000.0,973708000.0,648180000.0,1363919000.0,145531000.0,856304000.0,3236795777.1534,3641111777.1534,11.282390224389273,1.5022185195470394,0.20214707471959825,0.313898114446732,0.008227624433736924,11.282390224389273,0.013821622610121698,11.20444390381432,23.024582281643195,1.2729483482102681,0.0,0.6964358109268816,0.0,0.07316430126110501,1.0976056033817767,0.008900979171024925,97.49384870943976,0.6491579694342039,0.07142414967156176,0.1611556600425833,0.5665884939650212,2.075746602828137,-0.004654767022806766,0.055785868781542895,-0.2617156387902271,0.4235193160854444,0.054057694903745096,0.46890491166689097,Diagnostics & Research,Healthcare,QGEN
2011Q2,2011,Q2,2011-07-26,2011-06-30,33288000.0,282177000.0,46455000.0,0.145385,188409000.0,0.6676979342752953,3998344000.0,2594227000.0,1407938000.0,365300000.0,1404117000.0,139365000.0,821159000.0,4446886524.568,4532274524.568,11.522640460333712,3.8541965507801805,0.21840366911901526,0.3366139508994394,0.011157632531618944,11.522640460333712,0.012831567939120207,15.759209732075966,33.397068948029315,1.7141470366964804,0.0,0.6728231621999785,0.0,0.07057346741551002,3.2110183410895154,0.00832544673494827,123.82041890538508,0.6676979342752953,0.16667335393010457,0.5029506407892074,0.5925196677787338,2.2594982177038156,0.09445941863977508,0.18966441513884422,0.20834959032383926,0.18647910192545816,0.07205338501529987,0.4519758686401338,Diagnostics & Research,Healthcare,QGEN
2011Q1,2011,Q1,2011-04-28,2011-03-31,27981000.0,264265000.0,38445000.0,0.124615,172148000.0,0.6514218682004805,3958055000.0,2536295000.0,1388259000.0,374889000.0,1421760000.0,132752000.0,787871000.0,4679720650.788,4776336650.788,11.284584998702378,3.7031201235565727,0.22061264939471534,0.34428053519011,0.008941259171134235,11.284584998702378,0.011032234026404656,17.708439069827637,41.81159224820414,1.84510108279518,0.0,0.6939029167168856,0.0,0.06676637894117186,3.0776816604381563,0.007069381299653492,198.10857043383288,0.6514218682004805,-0.22819161133263519,0.015339187845099463,0.5506613606391147,2.366077055053437,-0.08927966819028271,-0.22893989914299098,-0.24279130229260223,0.15557398955563104,0.07147724891222909,0.4677583923164322,Diagnostics & Research,Healthcare,QGEN
2010Q4,2010,Q4,2010-12-31,2010-12-31,36289000.0,286032000.0,50772000.0,0.16145846796918759,189024000.0,0.6608491357610338,3913995000.0,2476353000.0,1364588000.0,388407000.0,1437642000.0,126633000.0,759890000.0,4563004086.231,4607603086.231,11.017888658571511,3.5132940446490406,0.22304729566593723,0.35253697675573714,0.012123569476591283,11.017888658571511,0.014654211253403694,15.952774816212871,31.435173787036018,1.8426307098507362,0.0,0.7660562412641254,0.0,0.07307929621780304,2.9423311114372295,0.009271601011242988,77.49140829819645,0.6608491357610338,0.036525033666439374,0.3730432521253642,0.7486776814128978,2.5069211420710427,0.04710835364502548,-0.00545384784038588,0.010689758136757242,1.0315135749270619,0.14253184727301416,0.4943141945005165,Diagnostics & Research,Healthcare,QGEN
2010Q3,2010,Q3,2010-11-09,2010-09-30,36488000.0,274317000.0,50235000.0,0.155769,180520000.0,0.6580707721358866,3890524000.0,2430469000.0,1351562000.0,395155000.0,1460055000.0,131245000.0,723601000.0,4129320484.5282,4194640484.5282,10.843147008439525,3.4203337930685427,0.2244098738370461,0.35921955803591815,0.011742126215305558,10.843147008439525,0.015012740339415973,15.053097272601407,28.292318601514197,1.6989809310582442,0.0,0.714671035087051,0.0,0.07050901112549364,2.81040351254571,0.009378685236230389,78.41027826990867,0.6580707721358866,-0.06250225694235471,0.3149398356378204,0.767329785482954,2.5306790842624993,0.044639653715727465,-0.052751817237798544,0.17234539089848308,4.805938666229943,0.18708146163377648,0.3989407975853728,Diagnostics & Research,Healthcare,QGEN
2010Q2,2010,Q2,2010-08-10,2010-06-30,38520000.0,262718000.0,42850000.0,0.166154,172806000.0,0.6577623154865674,3767785000.0,2334543000.0,1352750000.0,322011000.0,1433242000.0,117808000.0,687112000.0,4470161649.1832,4548712649.1832,10.423697016441022,4.200943446031347,0.24490781719232918,0.39526365545633557,0.01270763702733693,10.423697016441022,0.01650001734814908,17.015056635568175,29.011952551812044,1.9147908816343069,0.0,0.7632079315496401,0.0,0.06972743933106587,3.487088950377472,0.010223513284330183,482.4783215524231,0.6577623154865674,0.14285517763180527,0.7757779524400363,0.6626934318058316,2.5905364785711846,-0.002343948456227051,0.16677773065972012,-0.04097938721156644,0.10482790157756797,0.2601452467616853,1.4498245935553793,Diagnostics & Research,Healthcare,QGEN
2010Q1,2010,Q1,2010-05-04,2010-03-31,33014000.0,264364000.0,44681000.0,0.145385,173212000.0,0.655202675099484,3780199000.0,2311065000.0,1331611000.0,338140000.0,1469134000.0,125118000.0,648593000.0,5338455237.8303995,5463685237.8303995,10.335354623189383,3.9380463713254863,0.2433734308696447,0.3980848656355403,0.010938283907058923,10.335354623189383,0.014285188863143183,20.1935786938857,40.42569241708365,2.309954604405501,0.0,0.7285282693137678,0.0,0.06993388443306821,3.2285325604779085,0.008733402659489619,885.1691656160503,0.655202675099484,-0.2688645373983448,0.5017487165727003,0.7651251272690518,2.571727539666061,-0.07920813132601855,-0.2575116948542641,0.04054494643688868,0.07622914179136893,0.33888099003369754,1.5476960705310312,Diagnostics & Research,Healthcare,QGEN
2009Q4,2009,Q4,2010-02-09,2009-12-31,44464000.0,289077000.0,42940000.0,0.19884824008216676,188112000.0,0.6507331956537532,3796464000.0,2291169000.0,1333470000.0,375530000.0,1505295000.0,130851000.0,615579000.0,5185194512.0256,5279637512.0256,10.246377370025591,3.5509013926983197,0.24233075830562334,0.40154174572019785,0.01191832329269323,10.246377370025591,0.019406687154024868,17.937070441528036,29.153891417920114,2.2631218002799445,0.0,0.7716028154160075,0.0,0.0761437484986029,2.8551673634596435,0.01171195091011004,152.64489717170363,0.6507331956537532,0.06379760694064801,0.7807771799663675,0.9199073726846768,2.630781796690572,0.08727718308556631,0.17972937118599097,-0.1951868650897777,0.4807945509376968,0.4871601792356342,1.6209153774916953,Diagnostics & Research,Healthcare,QGEN
2009Q3,2009,Q3,2009-11-10,2009-09-30,37690000.0,259659000.0,53354000.0,0.186923,173012000.0,0.6663046534108196,3754651000.0,2228309000.0,1372161000.0,376070000.0,1526342000.0,133618000.0,571115000.0,4279819920.2675004,4338546920.2675,11.50569120988208,3.6486850852234958,0.2450294314970952,0.41286913080726234,0.012820074838001893,11.50569120988208,0.016914171239267084,16.4824632316519,28.38829875475922,1.9206581853178801,0.0,0.648468020775644,0.0,0.06915662734033069,2.8473635227484246,0.01003821660122339,80.93150637773724,0.6663046534108196,0.20000128395251954,1.1752805721906503,1.0953508623540043,3.423055433714275,0.08471473354231975,0.21859743283003008,0.13804871805810331,0.44908457482135933,0.6386040377774322,2.136621757283704,Diagnostics & Research,Healthcare,QGEN
2009Q2,2009,Q2,2009-07-29,2009-06-30,30929000.0,240156000.0,46882000.0,0.155769,159500000.0,0.6641516347707324,2970527000.0,1534614000.0,785252000.0,264453000.0,1435913000.0,120110000.0,533425000.0,3682790680.14,4237479680.14,8.04436793808596,2.9693442691139826,0.318125369673462,0.615790029284237,0.014071488489932768,8.04436793808596,0.02015425377326155,15.334993421526008,29.768103399236963,2.399815641027646,0.0,0.6715177753725752,0.0,0.08084626061301581,2.1660900046511102,0.010411957204900006,62.74026269851275,0.6641516347707324,0.2500020061790313,1.599574934904046,0.8012392960226871,2.2409651828802937,0.08911634767052011,0.25299789337222495,0.2660887412568527,0.6480547239256357,0.5995778028627038,1.2755724303824647,Diagnostics & Research,Healthcare,QGEN
2009Q1,2009,Q1,2009-05-05,2009-03-31,24684000.0,220933000.0,37029000.0,0.124615,146449000.0,0.6628661177823141,2832373000.0,1462439000.0,705257000.0,222519000.0,1369934000.0,110089000.0,502496000.0,3161763075.6024,3769727075.6024,7.666030287099226,3.1694237346024385,0.33364249694514103,0.6461807979683255,0.011508342614669077,7.666030287099226,0.01687865271645518,14.310958868083988,32.02239381383082,2.1619794573328526,0.0,0.676579858114798,0.0,0.07800279129902735,2.275297839735034,0.008714953856713082,1514.2543465528736,0.6628661177823141,-0.03688175942875655,0.5971727309730823,0.6996814328899333,2.1312149335906216,-0.06987570736292562,4.0513713892152495e-05,-0.08425660302700563,0.05528653963152128,0.527372093082073,1.2866989486734943,Diagnostics & Research,Healthcare,QGEN
2008Q4,2008,Q4,2009-02-10,2008-12-31,24683000.0,237181000.0,40436000.0,0.12938702098102567,157451000.0,0.6638432252161851,2885323000.0,1453844000.0,703555000.0,262375000.0,1431479000.0,108563000.0,477812000.0,3478744427.2791996,4093415427.2791996,7.620975737598278,2.6814864221057646,0.32855385688188116,0.652053452777602,0.011347471815955471,7.620975737598278,0.01697775001994712,14.667045114402923,35.234214107677346,2.3927907170777605,0.0,0.7344122767425366,0.0,0.0822025818253277,1.953821819914245,0.008554674814570154,51.1828450171289,0.6638432252161851,0.24595093678163507,1.0296618189805584,0.8426547413819214,2.209157266981772,0.029501958297098844,0.18719638305035832,0.05914400963905914,0.10030757943586674,0.7083701877209843,1.425706209746628,Diagnostics & Research,Healthcare,QGEN
2008Q3,2008,Q3,2008-11-26,2008-09-30,20791000.0,230800000.0,38178000.0,0.103846,152939000.0,0.6626473136915078,2872876000.0,1457760000.0,708056000.0,214905000.0,1414740000.0,113733000.0,453129000.0,3888616537.7064004,4515593537.7064,7.680817277400338,3.294739536074079,0.33172716121405865,0.6537502743935901,0.011887133178225323,7.680817277400338,0.014262292832839425,16.848425206700174,46.7584115447357,2.667528631397761,0.0,0.6845946207345274,0.0,0.08033761290080045,2.3788185477303925,0.00723699874272332,271.4945568460798,0.6626473136915078,-0.09091227425129786,0.3086440176226336,0.8896636846180215,2.452566560426744,0.032841243685674926,-0.10480086114101184,0.12251918496956866,-0.11511395506890486,0.7561306522670986,1.500980655362536,Diagnostics & Research,Healthcare,QGEN
2008Q2,2008,Q2,2008-09-02,2008-06-30,23225000.0,217888000.0,34011000.0,0.114231,148076000.0,0.6795968571008959,2873532000.0,1479029000.0,735371000.0,182917000.0,1393834000.0,107768000.0,432338000.0,3895988166.1488,4468277166.1488,7.935834685135219,4.020244154452566,0.33163229085320783,0.644311910043684,0.011652979444338296,7.935834685135219,0.015702869923443014,17.880691759751798,41.937439893959095,2.634152654308198,0.0,0.6477989755771658,0.0,0.0758258477720102,3.010266951677537,0.008082387807061137,104.17637751079737,0.6795968571008959,0.10000385185755836,0.5739097443632782,0.9007877079786912,2.811104374088305,0.04851866538265451,0.1422318398662273,0.029450935286639626,0.28663133720929684,0.6571113252855465,1.733569853377913,Diagnostics & Research,Healthcare,QGEN
2008Q1,2008,Q1,2008-06-02,2008-03-31,20333000.0,207106000.0,33038000.0,0.103846,141224000.0,0.6818923642965438,2842246000.0,1451046000.0,695662000.0,169735000.0,1390587000.0,99095000.0,409112000.0,4076654551.2000003,4678055551.200001,7.6883123665148485,4.098518278492945,0.3352848416358049,0.6567414127463912,0.00998205119030809,7.6883123665148485,0.014012650184763267,19.683903658995877,50.123623557763246,2.8094592116307826,0.0,0.6648367727937837,0.0,0.07286702136268289,3.069325713612396,0.007153849455676954,-884.8826896461907,0.6818923642965438,0.3066181127281334,0.37347148634696464,0.9327221509293564,2.9059967906582465,0.017485968716903104,0.3555333333333333,0.32093878693374916,0.0958148979855814,0.6383341396152331,1.6569535361102283,Diagnostics & Research,Healthcare,QGEN
2007Q4,2007,Q4,2007-12-31,2007-12-31,15000000.0,210224000.0,25011000.0,0.07947693284549402,138797000.0,0.6602338458025725,2775174000.0,1391575000.0,647946000.0,165731000.0,1383046000.0,88346000.0,388779000.0,4125649899.4172,4731102899.4172,7.373207521631223,3.90962463268791,0.34332009452380285,0.6846724035714927,0.00785890420719821,7.373207521631223,0.01077915311787004,19.625018548867875,68.76083165695334,2.964734131769542,0.0,0.8084916125234872,0.0,0.07575164656342269,3.0300607611128876,0.0054050664931279985,587.3647351106492,0.6602338458025725,2.913354828000723,5.283417890925263,0.9902784479828843,2.929281130873939,0.19458980273350088,3.046943231441048,15.617767387492695,-0.2882476189555772,0.6541909861717485,1.6126802367316861,Diagnostics & Research,Healthcare,QGEN
2007Q3,2007,Q3,2007-11-14,2007-09-30,-7328000.0,176632000.0,-1711000.0,-0.041538,116188000.0,0.6577970016758006,2695787000.0,1327969000.0,621398000.0,187467000.0,1367321000.0,86947000.0,373779000.0,3426725323.5304003,4070723323.5304003,7.750969181222841,3.314706054932335,0.35339698574108414,0.7173985236101144,-0.0009107350637934873,7.750969181222841,-0.005518201102585979,19.400365299211924,-116.90520345013647,2.5804256903063254,0.0,0.6951821224424074,0.0,0.06552149706189696,2.397750004000704,-0.002718315653276761,196.2165210450298,0.6577970016758006,-1.2857103552636104,-1.8217509760312103,0.8778782510788643,3.0683958453423155,0.24315764695812203,-1.3244918744188106,-1.055127750749106,-1.4780852858573292,0.6112151417649148,1.979652915082094,Diagnostics & Research,Healthcare,QGEN
2007Q2,2007,Q2,2007-07-20,2007-06-30,22583000.0,135039000.0,31037000.0,0.145385,93462000.0,0.6921111678848333,1261675000.0,617244000.0,703213000.0,126836000.0,644431000.0,67237000.0,381107000.0,2678497066.4705997,2789520066.4705997,4.254874836289127,5.544269765681667,0.3894774803336834,0.7961098042265295,0.019240589827786144,4.254874836289127,0.036586827899501656,19.834988902988023,29.651696701839878,4.339446096633746,0.0,0.6183648883799099,0.0,0.10703152555135038,4.554826705351793,0.01789922127330731,1359.643180949543,0.6921111678848333,0.07692592592592576,3.7405465152926034,0.782325674006704,1.2744622627843805,0.05072512647554806,0.13670911561886545,0.0778233087928879,1.4960612516697176,0.33190830349727474,0.7142305409277009,Diagnostics & Research,Healthcare,QGEN
2007Q1,2007,Q1,2007-04-02,2007-03-31,19867000.0,127879000.0,28796000.0,0.135,88950000.0,0.6955794149156624,1249665000.0,587494000.0,702859000.0,131843000.0,662171000.0,66336000.0,357622000.0,2583687564.5136003,2695247564.5136003,4.056745521075881,5.33103008881776,0.3982107204730868,0.8470384378393652,0.01797017361460847,4.056745521075881,0.033816515572925,20.204158341194415,32.51230136046711,4.397810981071467,0.0,0.5868457549445248,0.0,0.10233062460739478,4.4172538549638585,0.01589786062664794,-9899.186070933334,0.6955794149156624,0.005325791638813199,0.9954302777173668,0.7311209950045499,1.534845960809636,0.00906399246747059,0.02159716151591505,0.07056286712766749,0.6933635217820714,0.2959484637321594,0.6569908651086512,Diagnostics & Research,Healthcare,QGEN
