Quarters,Year,Quarter,FillingDate,Date,NetIncome,Revenue,OperatingIncome,EPSDiluted,GrossProfit,GrossProfitRatio,TotalAssets,CommonStockEquity,CurrentAssets,CurrentLiability,TotalLiability,Inventory,RetainedEarnings,MarketCap,EnterpriseValue,bookValuePerShare,currentRatio,debtToAssets,debtToEquity,roic,shareholdersEquityPerShare,roe,priceToSalesRatio,peRatio,pbRatio,payoutRatio,inventoryTurnover,dividendYield,assetTurnover,quickRatio,returnOnAssets,priceToFreeCashFlowsRatio,grossProfitMargin,epsdilutedGrowth,fiveYNetIncomeGrowthPerShare,fiveYRevenueGrowthPerShare,fiveYShareholdersEquityGrowthPerShare,grossProfitGrowth,netIncomeGrowth,operatingIncomeGrowth,threeYNetIncomeGrowthPerShare,threeYRevenueGrowthPerShare,threeYShareholdersEquityGrowthPerShare,Industry,Sector,Symbol
2023Q1,2023,Q1,2023-05-11,2023-04-02,10900000.0,1268300000.0,10700000.0,0.29,254100000.0,0.2003469211,2588600000.0,1247800000.0,1632500000.0,1050900000.0,1340800000.0,0.0,1224400000.0,625506000.0,581506000.0,33.63342318059299,1.5534303929964792,0.02615313296762729,0.054255489661804775,0.006639289015998506,33.63342318059299,0.008735374258695304,0.49318457778128205,14.346467889908256,0.5012870652348133,0.25688073394495414,0.0,0.00447637592605027,0.4899559607509851,1.4751165667523076,0.004210770300548559,-34.94446927374302,0.20034692107545535,13.236286919831223,-0.6102851955798854,-0.0367333559082854,0.08977598822369633,0.015587529976019185,13.11111111111111,0.028846153846153848,1.0759194537381376,0.06263624299241609,0.19846394753135652,Staffing & Employment Services,Industrials,KELYB
2022Q4,2022,Q4,2023-02-16,2023-01-01,-900000.0,1233800000.0,10400000.0,-0.0237,250200000.0,0.2027881342,2663800000.0,1254200000.0,1715200000.0,1128800000.0,1409600000.0,0.0,1216300000.0,654154000.0,570854000.0,33.09234828496042,1.5194897236002836,0.026428410541331934,0.05613139850103652,-0.0015611734820673534,33.09234828496042,-0.00071758890129166,0.5301945209920571,-181.70944444444447,0.5215707223728273,-3.2222222222222223,0.0,0.004433206859546834,0.46317291087919515,1.4575655563430192,-0.0003378632029431639,22.55703448275862,0.20278813421948452,0.9448837209302325,-1.051518268413756,-0.1210876433559155,0.10355725066650472,0.0399002493765586,0.9444444444444444,0.0297029702970297,-1.0546174142480211,-0.048538714567412884,0.023258851674142017,Staffing & Employment Services,Industrials,KELYB
2022Q3,2022,Q3,2022-11-10,2022-10-02,-16200000.0,1167900000.0,10100000.0,-0.43,240600000.0,0.2060107886,2681900000.0,1252700000.0,1730100000.0,1143000000.0,1429200000.0,0.0,1220100000.0,532115999.99999994,479815999.99999994,33.05277044854881,1.5136482939632545,0.026138185614676162,0.055959128282908915,0.005541301355759539,33.05277044854881,-0.012932066735850564,0.45561777549447724,-8.211666666666666,0.42477528538357145,-0.17901234567901234,0.0,0.005449939486878801,0.43547484991983293,1.436832895888014,-0.006040493679853835,-81.86399999999999,0.20601078859491395,-8.166666666666666,-1.7117815762303543,-0.11181056489160766,0.12326628942273253,-0.08307926829268293,-8.363636363636363,-0.5144230769230769,-0.7409300791556727,-0.049555601391421414,0.03571351541774205,Staffing & Employment Services,Industrials,KELYB
2022Q2,2022,Q2,2022-08-11,2022-07-03,2200000.0,1267300000.0,20800000.0,0.06,262400000.0,0.2070543676,2735200000.0,1276900000.0,1737000000.0,1161000000.0,1458300000.0,0.0,1239200000.0,721237037.9,660337037.9,33.69129287598945,1.496124031007752,0.026689090377303305,0.0571697078862871,0.004529531535972459,33.69129287598945,0.001722922703422351,0.5691131049475262,81.95875430681818,0.5648343941577256,1.3181818181818181,0.0,0.004020869488960004,0.4633299210295408,1.4055124892334194,0.0008043287510968119,-240.41234596666666,0.20705436755306558,1.048,-0.8811112835635574,-0.03968566445022345,0.20213947936500448,0.014694508894044857,1.0454545454545454,-0.1111111111111111,-0.9729157876839566,-0.04393009603835742,0.038739592691363754,Staffing & Employment Services,Industrials,KELYB
2022Q1,2022,Q1,2022-05-12,2022-04-03,-48400000.0,1296400000.0,23400000.0,-1.25,258600000.0,0.1994754705,2785600000.0,1273500000.0,1826300000.0,1196300000.0,1512100000.0,0.0,1239900000.0,853832038.5999999,698532038.5999999,32.99222797927461,1.526623756582797,0.026924181504882252,0.05889281507656066,0.01295974327679561,32.99222797927461,-0.03800549666274048,0.6586177403579142,-4.410289455578512,0.6704609647428347,-0.03925619834710744,0.0,0.002225262011853487,0.465393452039058,1.466271002256959,-0.017375071797817346,-7.92051983858998,0.19947547053378586,-1.722543352601156,-4.936379852204197,-0.0026173898335999117,0.20377472764239074,0.05121951219512195,-1.7055393586005831,9.173913043478262,-3.2127400182871075,-0.052629685454078035,0.09245788010843081,Staffing & Employment Services,Industrials,KELYB
2021Q4,2021,Q4,2022-02-17,2022-01-02,68600000.0,1250300000.0,2300000.0,1.73,246000000.0,0.1967527793,2894200000.0,1336200000.0,1588700000.0,1095200000.0,1558000000.0,0.0,1315000000.0,702462600.0,668662600.0,33.91370558375635,1.4506026296566836,0.027261419390505148,0.05904804669959587,0.0012468607211214002,33.91370558375635,0.05133961981739261,0.5618352395425098,2.5599948979591836,0.5257166591827571,0.029154518950437316,0.0,0.00284712666553351,0.43200193490429134,1.402392257121987,0.023702577568930964,13.965459244532804,0.1967527793329601,0.9885057471264368,2.0791972175220903,-0.07066866225520191,0.2778689616290121,0.07470511140235911,0.9712643678160919,-0.9484304932735426,3.698384128460776,-0.12742401305508988,0.13776899284874675,Staffing & Employment Services,Industrials,KELYB
2021Q3,2021,Q3,2021-11-10,2021-10-03,34800000.0,1195400000.0,44600000.0,0.87,228900000.0,0.1914840221,2803500000.0,1274100000.0,1538400000.0,1078000000.0,1529400000.0,0.0,1245300000.0,776180039.4,815180039.4,32.33756345177665,1.42708719851577,0.029427501337613696,0.06475158935719331,0.023208635613447444,32.33756345177665,0.027313397692488816,0.6493057047013552,5.576006030172414,0.6091986809512596,0.05747126436781609,0.0,0.0025767217636078776,0.42639557695737473,1.3612244897959183,0.012413055109684323,-40.42604371875,0.19148402208465787,0.45000000000000007,-0.5840324270735946,-0.07360324729900254,0.21206214216693595,-0.00909090909090909,0.45,1.23,0.035348965601852585,-0.12306619555550169,0.05810209304177276,Staffing & Employment Services,Industrials,KELYB
2021Q2,2021,Q2,2021-08-12,2021-07-04,24000000.0,1258100000.0,20000000.0,0.6,231000000.0,0.1836102059,2746900000.0,1243800000.0,1509300000.0,1053900000.0,1503100000.0,0.0,1212500000.0,931416000.0,953816000.0,31.568527918781726,1.4321093082835183,0.03159925734464305,0.06978613925068339,0.015973748612593975,31.568527918781726,0.01929570670525808,0.7403354264366903,9.70225,0.7488470815243609,0.0,0.0,0.0,0.4580072081255233,1.3539235221558024,0.008737121846445083,26.68813753581662,0.1836102058659884,-0.06250000000000006,1.6008099013289228,-0.11785100757085099,0.2842351578136234,0.0829817158931083,-0.0625,-0.47368421052631576,2.4864476582702806,-0.10668316623313209,0.05509422280018168,Staffing & Employment Services,Industrials,KELYB
2021Q1,2021,Q1,2021-05-13,2021-04-04,25600000.0,1205900000.0,38000000.0,0.64,213300000.0,0.1768803383,2610100000.0,1215700000.0,1595600000.0,962900000.0,1394400000.0,0.0,1188500000.0,1367640000.0,1212040000.0,30.93384223918575,1.6570775781493405,0.03210604957664457,0.06893147980587316,0.01973245083807488,30.93384223918575,0.021057826766471992,1.1341238908698896,13.355859374999998,1.1249814921444434,0.0,0.0,0.0,0.46201294969541395,1.5776300758126494,0.009808053331289989,175.33846153846153,0.17688033833651215,0.08474576271186449,1.2101054162122868,-0.13571256532721934,0.29060826206528156,-0.04819277108433735,0.09401709401709402,10.515151515151516,-0.13594431765518564,-0.13539611275279287,0.0023053054919583006,Staffing & Employment Services,Industrials,KELYB
2020Q4,2020,Q4,2021-02-18,2021-01-03,23400000.0,1241400000.0,3300000.0,0.59,224100000.0,0.1805219913,2561900000.0,1203000000.0,1549600000.0,925600000.0,1358900000.0,0.0,1162900000.0,786000000.0,650400000.0,30.610687022900763,1.6741573033707866,0.0341153050470354,0.07265170407315046,0.0021471334653703944,30.610687022900763,0.01945137157107232,0.6331561140647656,8.397435897435898,0.6533665835411472,0.0,0.0,0.0,0.48456223896326944,1.6078219533275713,0.009133845973691402,-23.323442136498517,0.18052199130014498,0.40476190476190477,-0.3384223918575064,-0.1787521361093354,0.2990910284456432,0.17329842931937173,0.40119760479041916,-0.7708333333333334,0.29175831284771636,-0.1471764097824564,0.02079928934380307,Staffing & Employment Services,Industrials,KELYB
2020Q3,2020,Q3,2020-11-05,2020-09-27,16700000.0,1038200000.0,14400000.0,0.42,191000000.0,0.1839722597,2391700000.0,1166100000.0,1431000000.0,796500000.0,1225600000.0,0.0,1139500000.0,661812000.0,501712000.0,29.671755725190838,1.7966101694915255,0.036835723543922734,0.07555098190549696,0.01167186903309967,29.671755725190838,0.01432124174599091,0.6374609901753034,9.907365269461078,0.5675430923591459,0.0,0.0,0.0,0.43408454237571603,1.7069679849340866,0.0069824810804030605,19.58023668639053,0.18397225968021577,-0.5961538461538463,0.7697900064312279,-0.258907641686584,0.3082358561944309,0.009513742071881607,-0.5936739659367397,-0.653012048192771,-0.29238853855514985,-0.2385741291383068,0.00836578906371706,Staffing & Employment Services,Industrials,KELYB
2020Q2,2020,Q2,2020-08-06,2020-06-28,41100000.0,975300000.0,41500000.0,1.04,189200000.0,0.1939915923,2318700000.0,1145600000.0,1377200000.0,791400000.0,1173100000.0,0.0,1122800000.0,579675000.0,453175000.0,29.150127226463106,1.7402072276977507,0.03868547030663734,0.0782995810055866,0.030676691624457738,29.150127226463106,0.03587639664804469,0.59435558289757,3.526003649635036,0.5060012220670391,0.0,0.0,0.0,0.42062362530728425,1.8049027040687389,0.017725449605382325,3.513181818181818,0.19399159233056495,1.268733850129199,4.79804669959587,-0.324481494750186,0.3013141461665591,-0.15270935960591134,1.2709294660514172,-0.652428810720268,1.1419357472343554,-0.287280139391969,0.040106086056956335,Staffing & Employment Services,Industrials,KELYB
2020Q1,2020,Q1,2020-05-07,2020-03-29,-151700000.0,1261100000.0,119400000.0,-3.87,223300000.0,0.1770676394,2261800000.0,1100100000.0,1365800000.0,842800000.0,1161700000.0,0.0,1081700000.0,444528000.0,489828000.0,28.06377551020408,1.6205505457997151,0.0413829693164736,0.08508317425688573,0.07498204204397142,28.06377551020408,-0.1378965548586492,0.35249226865434935,-0.7325774555042848,0.40407962912462503,-0.01977587343441002,0.0,0.006748731238527157,0.5575647714209921,1.6388229710488846,-0.06707047484304536,82.32,0.17706763936246134,-10.0,-40.43112244897959,-0.08159653002500418,0.27301688934507745,-0.08894328845369237,-9.923529411764706,2.7904761904761903,-13.148941953830711,-0.04462574748438578,0.023952178756612673,Staffing & Employment Services,Industrials,KELYB
2019Q4,2019,Q4,2020-02-13,2019-12-29,17000000.0,1337800000.0,31500000.0,0.43,245100000.0,0.1832112423,2480600000.0,1264500000.0,1405700000.0,884100000.0,1216100000.0,0.0,1238600000.0,851402500.0,890902500.0,32.34015345268542,1.5899785092184142,0.026324276384745625,0.051640964808224596,0.03234689450951546,32.34015345268542,0.013444049031237644,0.6364198684407236,12.520624999999999,0.6733115856069593,0.17647058823529413,0.0,0.0035235978282892053,0.5393050068531807,1.6753760886777513,0.006853180682093042,39.055160550458716,0.18321124233816713,2.7199999999999998,-0.0358056265984655,-0.09480755597433466,0.4624250751664151,0.0764163372859025,2.7708333333333335,0.8421052631578947,-0.23107890499194855,0.001998351438491538,0.21857749249613642,Staffing & Employment Services,Industrials,KELYB
2019Q3,2019,Q3,2019-11-06,2019-09-29,-9600000.0,1267700000.0,17100000.0,-0.25,227700000.0,0.1796166285,2476300000.0,1247800000.0,1365800000.0,900000000.0,1228500000.0,0.0,1224600000.0,1034585960.9,1094385960.9,31.91304347826087,1.5175555555555555,0.033356216936558575,0.06619650585029652,0.005251573936633056,31.91304347826087,-0.00769354063151146,0.8161126141042834,-26.942342731770832,0.8291280340599455,-0.3125,0.0,0.0028997107184696963,0.51193312603481,1.6222222222222222,-0.0038767516052174615,-235.13317293181817,0.17961662853987537,-1.1179245283018868,-7.594081110705153,-0.12699297645901303,0.45340411189753965,-0.06680327868852459,-1.1145584725536992,-0.7961859356376639,-1.115630107581271,-0.010035257961941508,0.19615047370559677,Staffing & Employment Services,Industrials,KELYB
2019Q2,2019,Q2,2019-08-07,2019-06-30,83800000.0,1367500000.0,83900000.0,2.12,244000000.0,0.1784277879,2542300000.0,1268200000.0,1392900000.0,931100000.0,1274100000.0,0.0,1238100000.0,996658999.9999999,1048358999.9999999,32.43478260869565,1.495972505638492,0.03496833575895842,0.07009935341428797,0.0510435302262596,32.43478260869565,0.06607790569310834,0.7288182815356489,2.973326372315036,0.7858847184986596,0.034606205250596656,0.0,0.0029097213791276656,0.5378987530975888,1.637310707765009,0.032962278251976555,20.850606694560668,0.17842778793418648,2.7857142857142856,27.627329192546586,-0.07263844150239657,0.44326099888782544,-0.030206677265500796,2.7918552036199094,3.994047619047619,8.150837667749073,-0.03378543584709021,0.31947515162234735,Staffing & Employment Services,Industrials,KELYB
2019Q1,2019,Q1,2019-05-09,2019-03-31,22100000.0,1382600000.0,16800000.0,0.56,251600000.0,0.1819759873,2472200000.0,1177800000.0,1400200000.0,973400000.0,1294400000.0,0.0,1157200000.0,912600000.0,955900000.0,30.2,1.4384631189644546,0.03001375293261063,0.0629988113431822,0.010446952695755993,30.2,0.018763796909492272,0.6600607550990887,10.323529411764705,0.7748344370860927,0.13574660633484162,0.0,0.0032873109796186725,0.5592589596310978,1.50113005958496,0.008939406196909635,53.68235294117647,0.18197598727036018,1.8615384615384614,7.477333333333333,-0.0036985657364378157,0.3687348521570529,-0.0110062893081761,1.8804780876494025,-0.36363636363636365,0.9226190476190478,-0.001446358350961387,0.25999121651295554,Staffing & Employment Services,Industrials,KELYB
2018Q4,2018,Q4,2019-02-14,2018-12-30,-25100000.0,1414700000.0,26400000.0,-0.65,254400000.0,0.1798261115,2314400000.0,1159500000.0,1400500000.0,897500000.0,1154900000.0,0.0,1138100000.0,856189000.0000001,823089000.0000001,29.80719794344473,1.5604456824512536,0.0009505703422053232,0.0018973695558430358,0.011664732930531786,29.80719794344473,-0.021647261750754637,0.6052088782073939,-8.527778884462151,0.7384122466580423,-0.11952191235059761,0.0,0.0035038992558885946,0.6112599377808503,1.6308635097493036,-0.010845143449706187,41.97004901960785,0.17982611154308334,-1.773809523809524,-2.4030310276797993,-0.01851018464551019,0.3552020460549877,0.06398996235884567,-1.758308157099698,-0.3034300791556728,-1.7169380177092262,-0.05448197066847897,0.2649916482587667,Staffing & Employment Services,Industrials,KELYB
2018Q3,2018,Q3,2018-11-07,2018-09-30,33100000.0,1342400000.0,37900000.0,0.84,239100000.0,0.178113826,2393100000.0,1185800000.0,1382800000.0,902200000.0,1207300000.0,0.0,1165000000.0,931200000.0,918500000.0,30.561855670103093,1.5326978497007315,0.003384731101918014,0.006830831506156181,0.026682709177055435,30.561855670103093,0.02791364479676168,0.6936829558998808,7.033232628398792,0.7852926294484736,0.08761329305135952,0.0,0.0031142611683848795,0.5609460532363879,1.6940811350033251,0.013831432033763738,-124.16,0.17811382598331346,3.048780487804878,0.6971101118666373,-0.03837478701104479,0.4225431263993225,-0.0058212058212058215,3.0817610062893084,0.8578431372549019,2.55299082360938,-0.02941387441147066,0.3474806071392592,Staffing & Employment Services,Industrials,KELYB
2018Q2,2018,Q2,2018-08-08,2018-07-01,-15900000.0,1386900000.0,20400000.0,-0.41,240500000.0,0.1734083207,2334600000.0,1160900000.0,1347300000.0,877900000.0,1173700000.0,0.0,1134800000.0,892400000.0,860200000.0,29.920103092783506,1.534685043854653,0.0007281761329563951,0.0014643810836420018,0.008856995404389176,29.920103092783506,-0.0136962701352399,0.6434494195688225,-14.031446540880504,0.7687139288483074,-0.18867924528301888,0.0,0.003361721201255043,0.5940632228218967,1.6926757033830733,-0.006810588537650989,28.240506329113924,0.17340832071526427,-1.554054054054054,-2.524432989690722,-0.02720883208524367,0.43191539309346,0.009655751469353484,-1.5463917525773196,-0.43175487465181056,-3.2719451182534875,-0.02701756671256836,0.3356872547044858,Staffing & Employment Services,Industrials,KELYB
2018Q1,2018,Q1,2018-05-10,2018-04-01,29100000.0,1369900000.0,35900000.0,0.74,238200000.0,0.1738813052,2436600000.0,1191300000.0,1397700000.0,934200000.0,1245300000.0,0.0,1153200000.0,1119400000.0,1116200000.0,30.862694300518136,1.4961464354527938,0.01370762537962735,0.028036598673717786,0.02379550334055399,30.862694300518136,0.024427096449257113,0.817139937221695,9.616838487972508,0.9396457651305297,0.09965635738831616,0.0,0.0025906735751295338,0.5622178445374703,1.7046670948405052,0.011942871213986702,-128.66666666666666,0.17388130520475947,0.6444444444444444,1.1739968670924206,0.004118122735032504,0.5136351061031966,-0.09429657794676806,0.6440677966101694,0.6171171171171171,6.681487186668534,0.013145029853756235,0.3999802371911127,Staffing & Employment Services,Industrials,KELYB
2017Q4,2017,Q4,2018-02-20,2017-12-31,17700000.0,1422300000.0,22200000.0,0.45,263000000.0,0.1849117626,2376300000.0,1151500000.0,1382400000.0,924300000.0,1224800000.0,0.0,983600000.0,1094400000.0,1071300000.0,29.986979166666668,1.495618305744888,0.004292387324832723,0.008858011289622231,0.010826783509279828,29.986979166666668,0.015371254884932696,0.7694579202699853,15.457627118644067,0.950412505427703,0.1638418079096045,0.0,0.0026498538011695905,0.5985355384421159,1.4251866277182732,0.00744855447544502,38.53521126760563,0.18491176263798073,-0.22413793103448268,0.921436095505618,-0.0009093945397703158,0.5013723712325687,0.1400086692674469,-0.23043478260869565,0.21978021978021978,0.02219669117647059,-0.020089364035087636,0.3560142912118668,Staffing & Employment Services,Industrials,KELYB
2017Q3,2017,Q3,2017-11-08,2017-10-01,23000000.0,1328800000.0,18200000.0,0.58,230700000.0,0.173615292,2336700000.0,1127000000.0,1363900000.0,918200000.0,1209700000.0,0.0,968800000.0,880900000.0,882600000.0,29.425587467362924,1.4854062295796122,0.01022809945649848,0.021206743566992012,0.01945619500517914,29.425587467362924,0.02040816326530612,0.6629289584587598,9.575,0.7816326530612245,0.12608695652173912,0.0,0.0032920876376433196,0.5686652116232294,1.4091701154432585,0.009842940899559208,-47.616216216216216,0.17361529199277545,0.23404255319148934,0.34213092579194054,-0.04950038426047503,0.49813269526439485,0.008304195804195804,0.22994652406417113,-0.10344827586206896,15.128310331965684,-0.06580217837288428,0.34011880907563696,Staffing & Employment Services,Industrials,KELYB
2017Q2,2017,Q2,2017-08-09,2017-07-02,18700000.0,1333600000.0,20300000.0,0.47,228800000.0,0.1715656869,2184100000.0,1073400000.0,1310700000.0,843000000.0,1110700000.0,0.0,948700000.0,853707038.3,793607038.3,28.026109660574413,1.5548042704626335,0.00032049814568929993,0.0006521334078628657,0.0174677601825912,28.026109660574413,0.01742127818147941,0.6401522482753449,11.41319569919786,0.7953298288615613,0.15508021390374332,0.0,0.0033969498550402194,0.6105947529875005,1.4814946619217082,0.008561879034842727,56.16493673026316,0.17156568686262746,0.5161290322580644,0.20435161009573535,-0.05692540542028205,0.46402097619829624,-0.012089810017271158,0.5327868852459017,0.23780487804878048,5.521633718761657,-0.07673722722994165,0.24708685461687455,Staffing & Employment Services,Industrials,KELYB
2017Q1,2017,Q1,2017-05-11,2017-04-02,12200000.0,1289700000.0,16400000.0,0.31,231600000.0,0.1795766457,2135100000.0,1049700000.0,1269600000.0,825400000.0,1085400000.0,0.0,932900000.0,804300000.0,758300000.0,27.407310704960835,1.5381633147564817,0.0,0.0,0.012773276277134522,27.407310704960835,0.011622368295703534,0.623633403117004,16.48155737704918,0.7662189196913404,0.23770491803278687,0.0,0.00360561979360935,0.6040466488689055,1.4666828204506905,0.005714018078778512,37.40930232558139,0.17957664573156548,-0.4363636363636364,0.2243798955613575,-0.08284845064950393,0.4593503102641483,0.015789473684210527,-0.4351851851851852,-0.24074074074074073,3.76532637075718,-0.05365664736890441,0.2421636213833438,Staffing & Employment Services,Industrials,KELYB
2016Q4,2016,Q4,2017-02-17,2017-01-01,21600000.0,1304400000.0,21600000.0,0.55,228000000.0,0.1747930083,2029300000.0,1013800000.0,1215800000.0,770500000.0,1015500000.0,0.0,925400000.0,857208000.0,827608000.0,26.539267015706805,1.5779364049318625,0.0,0.0,0.019586212509521077,26.539267015706805,0.021305977510357073,0.6571665133394664,9.921388888888888,0.8455395541526929,0.1388888888888889,0.0,0.0034997340202144634,0.642783225742867,1.517326411421155,0.010644064455723648,122.45828571428571,0.17479300827966882,-0.7330097087378641,-0.15535182811583487,-0.11961792815942505,0.4139612439920748,0.0599721059972106,-0.7330037082818294,0.5766423357664233,0.22951418482892982,-0.07845091462470125,0.20662361583690064,Staffing & Employment Services,Industrials,KELYB
2016Q3,2016,Q3,2016-11-09,2016-10-02,80900000.0,1247800000.0,13700000.0,2.06,215100000.0,0.1723833948,2039300000.0,1016500000.0,1206400000.0,778000000.0,1022800000.0,0.0,906800000.0,686181000.0,667281000.0,26.67979002624672,1.5506426735218508,0.004266169764134752,0.008558780127889819,0.01023756266330886,26.67979002624672,0.07958681751106739,0.5499126462574131,2.1204604449938196,0.6750427939006395,0.03584672435105068,0.0,0.0042262901479347284,0.6118766243318786,1.4825192802056555,0.03967047516304614,-36.891451612903225,0.17238339477480366,7.956521739130435,2.9664788094381604,-0.1451098404159261,0.49439310953710697,-0.0668112798264642,8.089887640449438,0.3838383838383838,3.2241302284023003,-0.08971868260819356,0.2418471026529276,Staffing & Employment Services,Industrials,KELYB
2016Q2,2016,Q2,2016-08-10,2016-07-03,8900000.0,1375500000.0,9900000.0,0.23,230500000.0,0.1675754271,1990100000.0,934100000.0,1254900000.0,815800000.0,1056000000.0,0.0,828800000.0,703000000.0,696600000.0,24.58157894736842,1.538244667810738,0.013516908698055373,0.02879777325768119,0.009452138558417455,24.58157894736842,0.009527887806444707,0.5110868774990912,19.747191011235955,0.7525960817899583,0.3258426966292135,0.0,0.004125177809388336,0.6911712979247274,1.364427555773474,0.004472137078538767,38.62637362637363,0.16757542711741186,-0.20689655172413784,-0.5415453527435611,-0.05245187231844026,0.37644872985873074,-0.009454232917920068,-0.20535714285714285,-0.32653061224489793,-0.12873684210526307,-0.014893477750268549,0.1764244652542201,Staffing & Employment Services,Industrials,KELYB
2016Q1,2016,Q1,2016-05-11,2016-04-03,11200000.0,1349100000.0,14700000.0,0.29,232700000.0,0.1724853606,1978400000.0,910800000.0,1268200000.0,839100000.0,1067600000.0,0.0,822800000.0,711360000.0,704260000.0,23.96842105263158,1.5113812418066976,0.019864536999595634,0.04314888010540185,0.012466692260337609,23.96842105263158,0.012296881862099254,0.5272848565710474,15.87857142857143,0.7810276679841897,0.16964285714285715,0.0,0.0026709401709401714,0.6819146785281035,1.4482183291621975,0.005661140315406389,38.040641711229945,0.17248536061077754,-0.6704545454545455,8.833492822966507,-0.026998298149975165,0.39249810452996514,-0.06733466933867735,-0.672514619883041,-0.2932692307692308,-0.15006119951040406,0.004485773301522675,0.17551122367553693,Staffing & Employment Services,Industrials,KELYB
2015Q4,2015,Q4,2016-02-18,2016-01-03,34200000.0,1461600000.0,20800000.0,0.88,249500000.0,0.1707033388,1939600000.0,895400000.0,1227100000.0,815800000.0,1044200000.0,0.0,813500000.0,608000000.0,621300000.0,23.563157894736843,1.5041676881588624,0.028614147246855022,0.06198347107438017,0.028995786121838067,23.563157894736843,0.03819522001340183,0.41598248494800216,4.444444444444445,0.679026133571588,0.05847953216374269,0.0,0.003289473684210526,0.753557434522582,1.4480264770777151,0.01763250154671066,29.80392156862745,0.1707033388067871,2.8260869565217392,1.2191780821917808,0.044406157950314155,0.35984880444136946,0.09333917616126206,2.758241758241758,0.25301204819277107,2.7516853932584273,0.037504113635841836,0.17974785140990143,Staffing & Employment Services,Industrials,KELYB
2015Q3,2015,Q3,2015-11-04,2015-09-27,9100000.0,1351000000.0,16600000.0,0.23,228200000.0,0.1689119171,1949900000.0,859600000.0,1289200000.0,860200000.0,1090300000.0,0.0,781300000.0,525673000.0,557573000.0,22.680738786279683,1.4987212276214834,0.039386635212062156,0.0893438808748255,0.009718069201196068,22.680738786279683,0.010586319218241042,0.38909918578830494,14.441565934065933,0.6115321079571894,0.2087912087912088,0.0,0.003614414284165251,0.6928560438996871,1.4010695187165776,0.00466690599517924,27.09654639175258,0.1689119170984456,0.2777777777777779,-0.08209652594547046,0.018311103297526596,0.3683759879277731,0.026540710751237068,0.3382352941176471,0.4434782608695652,-0.4633785802841975,-0.02342131915210338,0.15473501985861987,Staffing & Employment Services,Industrials,KELYB
2015Q2,2015,Q2,2015-08-05,2015-06-28,6800000.0,1385000000.0,11500000.0,0.18,222300000.0,0.1605054152,1932600000.0,844500000.0,1287400000.0,856700000.0,1088100000.0,0.0,774100000.0,677091962.3,718291962.3,22.40053050397878,1.5027430839266955,0.04651764462382283,0.10645352279455299,0.007970482713633398,22.40053050397878,0.008052101835405565,0.48887506303249095,24.89308684926471,0.801766681231498,0.27941176470588236,0.0,0.002806118084087025,0.7166511435372037,1.4018909770047858,0.0035185760115906033,-47.682532556338025,0.16050541516245487,0.7999999999999998,0.6649663334013465,0.09355582859115533,0.3744999116128108,0.009078529278256923,0.8378378378378378,-0.049586776859504134,-0.5550839964633069,-0.004989517876694799,0.1701533653073765,Staffing & Employment Services,Industrials,KELYB
2015Q1,2015,Q1,2015-05-06,2015-03-29,3700000.0,1320600000.0,12100000.0,0.1,220300000.0,0.166818113,1866300000.0,831100000.0,1233100000.0,809100000.0,1035200000.0,0.0,769200000.0,677091962.3,708291962.3,22.045092838196286,1.5240390557409467,0.04318705460001072,0.09697990614847792,0.005115215165807465,22.045092838196286,0.004451931175550475,0.5127154038315916,45.74945691216216,0.8146937339670316,0.5135135135135135,0.0,0.002806118084087025,0.7076032792155602,1.4197256210604374,0.0019825322831270426,-35.63641906842105,0.16681811297894897,-0.7727272727272727,2.7175066312997345,0.08459060523633326,0.3636943254451572,-0.0528804815133276,-0.7823529411764706,5.172413793103448,-0.6227619363395226,-0.045928064788209655,0.1738296186572048,Staffing & Employment Services,Industrials,KELYB
2014Q4,2014,Q4,2015-02-12,2014-12-28,17000000.0,1425000000.0,-2900000.0,0.44,232600000.0,0.1632280702,1917900000.0,833700000.0,1288200000.0,860100000.0,1084200000.0,0.0,767400000.0,650702000.0,659502000.0,22.114058355437667,1.497732821764911,0.047916992543928255,0.11023149814081803,-0.03550849899164506,22.114058355437667,0.020391027947703012,0.45663298245614037,9.56914705882353,0.7804989804486027,0.11176470588235295,0.0,0.0029199234057986603,0.7430001564210855,1.402046273689106,0.008863861515198915,20.145572755417955,0.16322807017543858,13.666666666666668,2.8697030471630973,0.0762464522185449,0.3274681922402553,0.03194321206743567,11.142857142857142,-1.408450704225352,-0.32641403524219376,-0.025465368781571546,0.17819461417160865,Staffing & Employment Services,Industrials,KELYB
2014Q3,2014,Q3,2014-11-05,2014-09-28,1400000.0,1396400000.0,7100000.0,0.03,225400000.0,0.1614150673,1901000000.0,825600000.0,1295400000.0,844700000.0,1075400000.0,0.0,752300000.0,610244240.0,647344240.0,21.95744680851064,1.5335622114360128,0.046659652814308256,0.10743701550387597,0.0022187153325729284,21.95744680851064,0.001695736434108527,0.4370124892580922,108.97218571428573,0.7391524224806202,1.3571428571428572,0.0,0.003113507470385955,0.7345607574960548,1.4321060731620694,0.0007364544976328248,-80.29529473684211,0.1614150673159553,-0.5714285714285715,1.0878018976423232,0.23534749880354633,0.32351449674787786,-0.01183691363437089,-0.5,0.2033898305084746,-0.9304460524894697,-0.03057925826207426,0.22988438744778,Staffing & Employment Services,Industrials,KELYB
2014Q2,2014,Q2,2014-08-06,2014-06-29,2800000.0,1410500000.0,5900000.0,0.07,228100000.0,0.1617157037,1893000000.0,840500000.0,1284800000.0,818500000.0,1052500000.0,0.0,752800000.0,647768000.0,674468000.0,22.47326203208556,1.5697006719609041,0.04727945060750132,0.10648423557406306,0.003172043010752688,22.47326203208556,0.0033313503866745984,0.45924707550514005,57.83642857142858,0.7706936347412255,0.6785714285714286,0.0,0.0029331489051635773,0.7451135763338615,1.4608430054978618,0.0014791336502905442,-29.047892376681613,0.1617157036511875,0.0,1.0394749635391347,0.27557959983222824,0.33870167531081397,0.026090868196131354,0.12,-0.06349206349206349,-0.8534531801115031,-0.012753124374725783,0.25839324829693944,Staffing & Employment Services,Industrials,KELYB
2014Q1,2014,Q1,2014-05-07,2014-03-30,2500000.0,1330800000.0,6300000.0,0.07,222300000.0,0.1670423805,1804400000.0,825200000.0,1228900000.0,761600000.0,979200000.0,0.0,751900000.0,888998000.0,885898000.0,22.06417112299465,1.613576680672269,0.030370206162713367,0.0664081434803684,0.0038908102766798416,22.06417112299465,0.0030295685894328648,0.6680177336940186,88.8998,1.0773121667474552,0.76,0.0,0.002137237654077962,0.7375304810463312,1.4943539915966386,0.0013855021059632011,-9.447375132837408,0.1670423805229937,-0.8444444444444444,1.1444846713388914,0.18768894300653147,0.22149722411742587,-0.03974082073434125,-0.8546511627906976,0.3695652173913043,1.2301895964997571,-0.0247987613997269,0.28186651925582346,Staffing & Employment Services,Industrials,KELYB
2013Q4,2013,Q4,2014-02-13,2013-12-29,17200000.0,1385800000.0,4600000.0,0.45,231500000.0,0.1670515226,1798600000.0,822600000.0,1236500000.0,762000000.0,976000000.0,0.0,751300000.0,903958000.0000001,806558000.0000001,21.994652406417114,1.622703412073491,0.01573446013566107,0.03440311208363725,0.01033154437784829,21.994652406417114,0.020909311937758326,0.6523004762592005,13.138924418604653,1.0989034767809385,0.11046511627906977,0.0,0.00210186756464349,0.7704881574557989,1.5076115485564305,0.00956299343934171,10.622303172737956,0.1670515225862318,-0.08163265306122446,1.1804570003261692,0.006919578085903085,0.17093571212232744,0.050362976406533574,-0.0851063829787234,-0.7722772277227723,0.13398285839865212,0.006128476157670604,0.2693290904633152,Staffing & Employment Services,Industrials,KELYB
2013Q3,2013,Q3,2013-11-06,2013-09-29,18800000.0,1345600000.0,20200000.0,0.49,220400000.0,0.1637931034,1771500000.0,803500000.0,1248000000.0,770000000.0,968000000.0,0.0,736000000.0,768569962.6,752669962.6,21.483957219251337,1.6207792207792209,0.032740615297770254,0.07218419415059116,0.023323414617668823,21.483957219251337,0.023397635345364032,0.5711726832639715,10.220345247340425,0.9565276448039826,0.10106382978723404,0.0,0.0024721236744309895,0.7595822749082698,1.4879220779220779,0.010612475303415185,23.942989489096576,0.16379310344827586,0.8846153846153845,2.5141563341419757,-0.10423365658669372,-0.014649339340597076,-0.001359311282283643,0.88,0.23170731707317074,0.9216800356506241,0.02780024384061034,0.29617167507237235,Staffing & Employment Services,Industrials,KELYB
2013Q2,2013,Q2,2013-08-07,2013-06-30,10000000.0,1366900000.0,16400000.0,0.26,220700000.0,0.1614602385,1716500000.0,777300000.0,1208100000.0,746400000.0,939200000.0,0.0,719100000.0,653231962.8000001,666131962.8000001,20.89516129032258,1.6185691318327975,0.048470725313137196,0.10703717998198893,0.012877491087833912,20.89516129032258,0.012865045670912132,0.47789301543638896,16.33079907,0.8403859035121576,0.19,0.0,0.0029086145629737396,0.7963297407515293,1.4859324758842443,0.005825808330905913,-26.129278512000003,0.16146023849586655,-0.23529411764705885,-0.11316138438432004,-0.12197980976290657,-0.08693802061310178,0.01751959428307976,-0.2248062015503876,1.3098591549295775,1.4813895781637714,0.0937708381122071,0.2821302308703135,Staffing & Employment Services,Industrials,KELYB
2013Q1,2013,Q1,2013-05-08,2013-03-31,12900000.0,1314800000.0,7100000.0,0.34,216900000.0,0.164968056,1648000000.0,758500000.0,1155000000.0,704800000.0,889500000.0,0.0,711000000.0,695640037.2,683740037.2,20.38978494623656,1.6387627695800226,0.03046116504854369,0.06618325642715886,0.018566531591889028,20.38978494623656,0.017007251153592615,0.5290842996653484,13.481396069767442,0.9171259554383652,0.14728682170542637,0.0,0.0027312976516527623,0.7978155339805825,1.5066685584562998,0.007827669902912622,224.400012,0.16496805597809552,0.4782608695652174,0.4674587121078484,-0.1135493347035374,-0.10528025940256233,-0.023852385238523854,0.449438202247191,-0.2755102040816326,7.068548387096775,0.09434095077201707,0.2612981143836683,Staffing & Employment Services,Industrials,KELYB
2012Q4,2012,Q4,2013-02-14,2012-12-30,8900000.0,1375400000.0,9800000.0,0.23,222200000.0,0.1615530028,1635700000.0,741000000.0,1192600000.0,722300000.0,894700000.0,0.0,700000000.0,575050000.0,562850000.0,19.973045822102424,1.651114495362038,0.03918811518004524,0.08650472334682861,0.013374613382893927,19.973045822102424,0.012010796221322537,0.41809655372982407,16.15308988764045,0.7760458839406208,0.21348314606741572,0.0,0.003304060516476828,0.8408632389802531,1.5093451474456596,0.005441095555419698,17.63957055214724,0.16155300276283263,-0.46511627906976744,-0.5318683856037405,-0.0866700272715804,-0.0787448483192348,-0.023296703296703296,-0.463855421686747,-0.5916666666666667,1.9946749063177962,0.055585288946484804,0.19894695966010306,Staffing & Employment Services,Industrials,KELYB
2012Q3,2012,Q3,2012-11-07,2012-09-30,16600000.0,1354200000.0,24000000.0,0.43,227500000.0,0.1679958647,1635300000.0,728700000.0,1190100000.0,724100000.0,906600000.0,0.0,693000000.0,500479000.0,513779000.0,19.641509433962263,1.6435575196796022,0.051122118265761636,0.11472485247701386,0.0210497506418219,19.641509433962263,0.022780293673665433,0.36957539506719833,7.537334337349397,0.6868107588856869,0.1144578313253012,0.0,0.003796363084165369,0.828104934874335,1.5040740229250105,0.010151042622148842,45.915504587155965,0.1679958647171762,0.07499999999999993,0.07862997081699769,-0.06524867685588341,-0.10061384498664867,0.019265232974910396,0.10666666666666667,0.008403361344537815,2.0551103664311214,0.21416034601642317,0.1839182715807996,Staffing & Employment Services,Industrials,KELYB
2012Q2,2012,Q2,2012-08-08,2012-07-01,15000000.0,1366100000.0,23800000.0,0.4,223200000.0,0.1633848181,1585000000.0,708300000.0,1141500000.0,698500000.0,876700000.0,0.0,678300000.0,477670000.0,500970000.0,19.143243243243244,1.6342161775232642,0.05583596214511041,0.12494705633206268,0.019229277625523556,19.143243243243244,0.021177467174925878,0.34965961496230147,7.961166666666666,0.6743893830297896,0.12666666666666668,0.0,0.003977641467959051,0.8618927444794953,1.5035075161059412,0.00946372239747634,-35.91503759398496,0.1633848180953078,0.5384615384615385,-0.030507446581554416,-0.04393751286990848,-0.112060225516362,-0.002235136343316942,0.5625,0.6190476190476191,1.2137592137592137,0.2487826148628947,0.14033698196656091,Staffing & Employment Services,Industrials,KELYB
2012Q1,2012,Q1,2012-05-09,2012-04-01,9600000.0,1354800000.0,14700000.0,0.26,223700000.0,0.1651166224,1606700000.0,693000000.0,1164700000.0,735800000.0,913700000.0,0.0,665200000.0,621026999.9999999,627426999.9999999,18.78048780487805,1.58290296276162,0.058940685877886353,0.13665223665223666,0.012176576566842871,18.78048780487805,0.013852813852813853,0.4583901682905225,16.172578124999998,0.896142857142857,0.19791666666666666,0.0,0.00305944830095954,0.8432190203522748,1.4490350638760532,0.005974979772203896,66.06670212765957,0.16511662237968705,-0.8488372093023255,0.8065417930710309,-0.007654623167712119,-0.11407848907104427,-0.015404929577464789,-0.6016597510373444,0.15748031496062992,1.5623390395394638,0.2254916180468155,0.039708838068336236,Staffing & Employment Services,Industrials,KELYB
2011Q4,2011,Q4,2012-02-16,2012-01-01,24100000.0,1396300000.0,12700000.0,1.72,227200000.0,0.1627157488,1541700000.0,675700000.0,1114700000.0,697700000.0,866000000.0,0.0,657500000.0,496800000.0,512100000.0,18.769444444444446,1.5976780851368784,0.12473243821755205,0.2845937546248335,0.027764976958525346,18.769444444444446,0.03566671599822406,0.3557974647282103,5.153526970954357,0.7352375314488678,0.07883817427385892,0.0,0.0038244766505636067,0.9056885256534993,1.470402751899097,0.015632094441201273,61.333333333333336,0.16271574876459213,2.3076923076923075,0.31503495337528953,-0.010059758311965067,-0.10925450486178936,-0.006124234470691163,0.2233502538071066,-0.4253393665158371,1.2626826755070888,0.05400353540999898,-0.0007656229073290989,Staffing & Employment Services,Industrials,KELYB
2011Q3,2011,Q3,2011-11-09,2011-10-02,19700000.0,1409800000.0,22100000.0,0.52,228600000.0,0.1621506597,1488200000.0,657000000.0,1094100000.0,681100000.0,831200000.0,0.0,635300000.0,482816000.0,488316000.0,17.85326086956522,1.606372045220966,0.1061685257357882,0.2404870624048706,0.02312538177568852,17.85326086956522,0.029984779299847792,0.34247127252092496,6.1271065989847715,0.7348797564687974,0.0,0.0,0.0,0.9473189087488241,1.4878872412274262,0.01323746808224701,55.49609195402299,0.16215065966803802,0.040000000000000036,0.08149810035772322,-0.02802836433699288,-0.11287823299784633,0.017809439002671415,0.047872340425531915,0.03755868544600939,2.612511713501857,-0.04619399578278155,-0.18116936217936752,Staffing & Employment Services,Industrials,KELYB
2011Q2,2011,Q2,2011-08-10,2011-07-03,18800000.0,1405800000.0,21300000.0,0.5,224600000.0,0.1597666809,1509000000.0,657200000.0,1105000000.0,692500000.0,851800000.0,0.0,617500000.0,588800000.0,597300000.0,17.858695652173914,1.595667870036101,0.11795891318754141,0.27084601339014,0.02476007142060038,17.858695652173914,0.028606208155812538,0.41883624982216533,7.829787234042552,0.8959220937309799,0.0,0.0,0.0,0.931610337972167,1.4589169675090252,0.012458581842279656,-105.14285714285714,0.15976668089344145,15.666666666666666,0.4489217061949575,-0.03060368263809325,-0.09363862206872392,0.05100608329433785,16.09090909090909,12.3125,0.6853789516765816,-0.08717732556146192,-0.2196233484450709,Staffing & Employment Services,Industrials,KELYB
2011Q1,2011,Q1,2011-05-11,2011-04-03,1100000.0,1339100000.0,1600000.0,0.03,213700000.0,0.1595847958,1427000000.0,631700000.0,1021400000.0,636800000.0,795300000.0,0.0,598700000.0,781709963.3,787309963.3,17.212534059945504,1.6039572864321607,0.09138051857042748,0.20642710147221782,0.0019245068451209375,17.212534059945504,0.0017413329111920215,0.583757720334553,177.66135529545454,1.2374702600918157,0.0,0.0,0.0,0.9384022424667133,1.4692211055276383,0.0007708479327259986,-104.22799510666665,0.15958479575834517,-0.9577464788732394,-0.8743652066711963,-0.03764521837280068,-0.10309400976385767,-0.012476894639556377,-0.9246575342465754,-0.9053254437869822,-0.8731630642345158,-0.08486585343998311,-0.24470051794334757,Staffing & Employment Services,Industrials,KELYB
2010Q4,2010,Q4,2011-02-17,2011-01-02,14600000.0,1325800000.0,16900000.0,0.71,216400000.0,0.1632222055,1368400000.0,623800000.0,958600000.0,591000000.0,744600000.0,0.0,597600000.0,705960036.0,704260036.0,17.32777777777778,1.6219966159052452,0.11458637825197311,0.2513626162231484,0.019511739940469976,17.32777777777778,0.023404937479961526,0.5324785306984462,12.088356780821918,1.1317089387624237,0.0,0.0,0.0,0.9688687518269512,1.5082910321489003,0.010669394913767904,19.288525573770492,0.16322220546085384,1.7307692307692306,0.08701301928195378,-0.05016446159673688,-0.07968479295388986,0.0444015444015444,0.5208333333333334,0.18181818181818182,-0.2085887320415794,-0.09270584379518158,-0.20075762669647176,Staffing & Employment Services,Industrials,KELYB
2010Q3,2010,Q3,2010-11-10,2010-10-03,9600000.0,1284700000.0,14300000.0,0.26,207200000.0,0.1612827898,1389300000.0,608300000.0,998700000.0,585800000.0,781000000.0,0.0,583000000.0,390855000.0,424655000.0,16.57493188010899,1.704848071013998,0.08709422011084719,0.19891500904159132,0.014705882352941176,16.57493188010899,0.015781686667762616,0.30423834358215923,10.178515625000001,0.642536577346704,0.0,0.0,0.0,0.9247102857554164,1.5679412768863092,0.006909954653422587,21.358196721311476,0.16128278975636334,1.3636363636363638,-0.2627251181013496,-0.06996224528685566,-0.10437009630761615,0.08538501833420639,1.4615384615384615,0.6823529411764706,-0.3694152352086572,-0.1035566526566768,-0.24103265569380347,Staffing & Employment Services,Industrials,KELYB
2010Q2,2010,Q2,2010-08-11,2010-07-04,3900000.0,1209400000.0,8500000.0,0.11,190900000.0,0.1578468662,1280100000.0,586700000.0,899000000.0,508600000.0,693400000.0,0.0,573400000.0,509400000.0,562400000.0,16.29722222222222,1.7675973259929219,0.09241465510506992,0.2016362706664394,0.007347074468085107,16.29722222222222,0.00664734958241009,0.42120059533653054,32.65384615384615,0.8682461223794103,0.0,0.0,0.0,0.9447699398484494,1.6065670467951239,0.0030466369814858216,-134.05263157894737,0.15784686621465188,2.926444833625219,-0.5868057787778135,-0.08845354622831497,-0.10245712974824334,0.06055555555555556,2.95,7.071428571428571,-0.7409300454476265,-0.13009270181945543,-0.2440700020976139,Staffing & Employment Services,Industrials,KELYB
2010Q1,2010,Q1,2010-05-12,2010-04-04,-2000000.0,1130400000.0,-1400000.0,-0.0571,180000000.0,0.1592356688,1278900000.0,565800000.0,881100000.0,517900000.0,713100000.0,0.0,569500000.0,591500000.0,660100000.0,16.165714285714287,1.701293686039776,0.09719290014856517,0.21968893601979497,-0.00150273443998991,16.165714285714287,-0.003534817956875221,0.5232661004953999,-73.9375,1.0454224107458463,0.0,0.0,0.0,0.8838845883180858,1.511874879320332,-0.001563843928375948,-29.137931034482758,0.1592356687898089,0.7620833333333334,-1.515635202786041,-0.08136811069203093,-0.11384703873064832,-0.044078597981943704,0.7560975609756098,0.8923076923076924,-1.3967940009781012,-0.1270725843448068,-0.2374237467076909,Staffing & Employment Services,Industrials,KELYB
2009Q4,2009,Q4,2010-02-18,2010-01-03,-8200000.0,1194100000.0,-13000000.0,-0.24,188300000.0,0.1576919856,1301700000.0,566400000.0,898400000.0,537600000.0,735300000.0,0.0,571500000.0,436220000.0,484420000.0,16.658823529411766,1.6711309523809523,0.10532380732887762,0.2420550847457627,-0.010901300281736232,16.658823529411766,-0.014477401129943503,0.3653127878737124,-13.299390243902439,0.7701624293785311,0.0,0.0,0.0,0.917338864561727,1.5007440476190477,-0.0062994545594222935,-6.913153724247227,0.15769198559584624,0.42857142857142855,-1.9861196248520228,-0.0843342462632546,-0.09994164536148081,0.13297232250300842,0.44594594594594594,0.5272727272727272,-1.4737592363148468,-0.10361511866258796,-0.2094186880678786,Staffing & Employment Services,Industrials,KELYB
2009Q3,2009,Q3,2009-11-06,2009-09-27,-14800000.0,1049200000.0,-27500000.0,-0.42,166200000.0,0.1584064049,1278700000.0,579000000.0,878300000.0,501600000.0,699700000.0,0.0,579700000.0,488251000.0,478551000.0,16.59025787965616,1.7509968102073366,0.06358019863924298,0.14041450777202072,-0.02082386793881569,16.59025787965616,-0.025561312607944732,0.465355508959207,-8.247483108108108,0.84326597582038,0.0,0.0,0.0,0.8205208414796278,1.5915071770334928,-0.011574255102838821,-15.210311526479751,0.1584064048799085,0.7789473684210526,-3.0247960609881424,-0.1499494333170509,-0.06888265197291091,-0.0320326150262085,0.7757575757575758,-0.2557077625570776,-1.8567293432705922,-0.237259584930361,-0.17563637294342663,Staffing & Employment Services,Industrials,KELYB
2009Q2,2009,Q2,2009-08-05,2009-06-28,-66000000.0,1028900000.0,-21900000.0,-1.9,171700000.0,0.1668772475,1253600000.0,584200000.0,883100000.0,543500000.0,669400000.0,0.0,0.0,397764000.0,360164000.0,16.78735632183908,1.6248390064397424,0.12332482450542438,0.26463539883601506,-0.025912792177757382,16.78735632183908,-0.11297500855871277,0.3865915054913014,-1.5066818181818182,0.6808695652173913,0.0,0.0,0.0,0.8207562220804084,1.464949402023919,-0.05264837268666241,17.21922077922078,0.16687724754592284,-3.1304347826086953,-14.173650444442927,-0.153508403977427,-0.05059648741411589,-0.021652421652421653,-3.099378881987578,0.28431372549019607,-6.3789756664317565,-0.2497265669002045,-0.148011047165517,Staffing & Employment Services,Industrials,KELYB
2009Q1,2009,Q1,2009-05-05,2009-03-29,-16100000.0,1042600000.0,-30600000.0,-0.46,175500000.0,0.1683291771,1314900000.0,628600000.0,906700000.0,498900000.0,686300000.0,0.0,0.0,435000000.0,404100000.0,18.063218390804597,1.8173982762076568,0.06426344208685071,0.13442570792236716,-0.023579209747566623,18.063218390804597,-0.025612472160356347,0.41722616535584117,-6.754658385093167,0.6920139993636654,0.0,0.0,0.0,0.792912008517758,1.6470234515935056,-0.012244277131340787,10.4066985645933,0.16832917705735662,0.8188976377952756,-16.15255787599158,-0.09819052340777715,0.02353924017079222,-0.21877086616276276,0.818249551268302,-146.71428571428572,-2.9392327673508416,-0.20981871512583486,-0.05876678464463196,Staffing & Employment Services,Industrials,KELYB
2008Q4,2008,Q4,2009-02-11,2008-12-28,-88583000.0,1279091000.0,210000.0,-2.54,224646000.0,0.1756294118,1457255000.0,652907000.0,1027954000.0,600597000.0,804348000.0,0.0,676047000.0,455342900.0,452302900.0,18.78382577174257,1.7115536707642562,0.07907812977138524,0.1764983374355,0.0002782103151746219,18.78382577174257,-0.13567475919235053,0.3559894487569688,-1.2850741677296997,0.6974085130041491,-0.053994558775385795,0.0,0.010504171691268273,0.8777399974609797,1.5552292135991355,-0.060787576642385856,60.270403706154866,0.175629411824491,-6.696969696969696,-52.33549828789558,0.1529518593757696,0.11729590923011607,-0.08574940174835989,-6.667532242707522,1.0144389438943895,-7.830736011869438,-0.05091071456697206,-0.0023509808390259923,Staffing & Employment Services,Industrials,KELYB
2008Q3,2008,Q3,2008-11-06,2008-09-28,-11553000.0,1397748000.0,-14544000.0,-0.33,245716000.0,0.1757942061,1629751000.0,758757000.0,1117196000.0,673084000.0,870994000.0,0.0,769599000.0,621180000.0,622133000.0,21.803362068965516,1.659816605356835,0.07026778937395958,0.1509297443054891,-0.013117655260347229,21.803362068965516,-0.015226218670799742,0.4444148730672482,-13.44196312646066,0.818681079713268,-0.41391846273695143,0.0,0.007698251714478895,0.8576451249301273,1.5262701237884126,-0.007088812953635249,16.690759599107935,0.1757942061086834,-2.1,-8.796517963591343,0.29291481646014117,0.27983526133426884,-0.0453998026433361,-2.098507178853285,-1.9725825865989033,-1.9357068285383936,0.06712318240572117,0.17814922023494628,Staffing & Employment Services,Industrials,KELYB
2008Q2,2008,Q2,2008-08-06,2008-06-29,10517000.0,1452007000.0,14954000.0,0.3,257402000.0,0.1772732501,1629540000.0,794008000.0,1121959000.0,633741000.0,835532000.0,0.0,786597000.0,690103440.0,701045440.0,22.88471293520867,1.770374648318477,0.05910318249321894,0.12129726652628185,0.01159932776935538,22.88471293520867,0.013245458484045501,0.4752755599663087,16.404474660074165,0.8691391522503552,0.4510792050965104,0.0,0.006874331766843532,0.8910533033862317,1.637703730703868,0.006453968604636892,80.46915111940298,0.17727325006008923,0.25,6.270759207272471,0.4059910937195482,0.2961168275401717,0.030073593264155398,0.27804107424960506,0.15564142194744976,0.15612448110012309,0.13553530978694034,0.2603381516604209,Staffing & Employment Services,Industrials,KELYB
2008Q1,2008,Q1,2008-05-07,2008-03-30,8229000.0,1388444000.0,12940000.0,0.24,249887000.0,0.17997629,1622826000.0,793582000.0,1104624000.0,625277000.0,829244000.0,0.0,780824000.0,682879064.8230001,697732064.8230001,22.789018751974268,1.7666154360387476,0.06333765912057115,0.1295215869311552,0.008950140218933252,22.789018751974268,0.010369438822957175,0.49183046980864914,20.746113282993072,0.8605022100085437,0.5763762304046665,0.0,0.00694559292314719,0.8555717002315714,1.630256670243748,0.005070783928776098,39.90411177601823,0.17997629000521448,-0.8378378378378378,26.097820220784747,0.4125523711851251,0.30367982934476984,-0.05857909251194261,-0.5583167838548655,-0.5124524320862063,1.1323647148496903,0.1340693109171147,0.24922141357717803,Staffing & Employment Services,Industrials,KELYB
2007Q4,2007,Q4,2008-02-13,2007-12-30,18631000.0,1475759000.0,26541000.0,1.48,265436000.0,0.1798640564,1573997000.0,788229000.0,1063837000.0,585250000.0,785768000.0,0.0,777338000.0,763497000.0,768803000.0,21.680254146381714,1.8177479709525843,0.06234001716648761,0.12448539701025971,0.020069555546032403,21.680254146381714,0.023636532023054213,0.5173588641505829,10.244981482475445,0.9686233315445131,0.26139230315066286,0.0,0.006378545036850178,0.937586920432504,1.6764647586501495,0.011836744288585048,67.64392664126872,0.17986405639403183,2.6097560975609757,1.4954657210468663,0.28986544796085134,0.250587223081046,0.075166377051106,0.23049996697708208,0.27723772858517803,1.095283495716976,0.05828487851894094,0.17136086114877602,Staffing & Employment Services,Industrials,KELYB
2007Q3,2007,Q3,2007-11-08,2007-09-30,15141000.0,1425298000.0,20780000.0,0.41,246879000.0,0.1732121984,1569675000.0,797116000.0,1086624000.0,613956000.0,772559000.0,0.0,763577000.0,772340000.0,744847000.0,21.838794520547946,1.7698727596114379,0.04809212098045774,0.09470265306429679,0.01636324812155775,21.838794520547946,0.018994725987183797,0.5418796630599355,12.752460207383924,0.9689179492068908,0.32844594148338946,0.0,0.006438874071004998,0.9080210871677258,1.6394464749916933,0.009645945816809212,100.26483188368168,0.17321219843148591,0.0,4.559569032753564,0.23500722249922654,0.2726492535717896,-0.0027750175710719565,-0.012264335573096745,-0.06673852510554208,0.9806452366971661,0.10414145946718383,0.22568802640592636,Staffing & Employment Services,Industrials,KELYB
2007Q2,2007,Q2,2007-08-08,2007-07-01,15329000.0,1415674000.0,22266000.0,0.41,247566000.0,0.1748750065,1533975000.0,790316000.0,1058972000.0,584583000.0,743659000.0,0.0,753409000.0,1099740000.0,1064442000.0,21.55916853074363,1.8114998212400977,0.05030394889095324,0.09763815992590305,0.016942312566251033,21.55916853074363,0.019396039052733335,0.7768313891475015,17.93561223824124,1.3915193416304366,0.30256376802139734,0.0,0.004217360467019478,0.9228794471878616,1.6793492113181532,0.009992992063104026,380.53287197231833,0.17487500653399016,1.9285714285714282,2.8231845882296907,0.290078782889547,0.2506658683417212,0.08009319046455621,1.9153670597185242,1.12198608596207,1.9046011250046389,0.10566412025398955,0.21927181023085102,Staffing & Employment Services,Industrials,KELYB
2007Q1,2007,Q1,2007-05-02,2007-04-01,5258000.0,1350858000.0,10493000.0,0.14,229208000.0,0.1696758653,1484819000.0,773990000.0,1024081000.0,557798000.0,710829000.0,0.0,742718000.0,952571990.0,907336990.0,21.198816794938512,1.8359352310334565,0.05091125585003963,0.09766792852620836,0.005815891639784295,21.198816794938512,0.006793369423377563,0.7051607126729826,45.29155524914416,1.230729066267006,0.8811335108406239,0.0,0.004863674397984346,0.9097795758270874,1.7010351417538248,0.003541172358381729,173.54199125523775,0.1696758652648909,-0.5757575757575757,5.493177040745895,0.3278287202712542,0.25575499532135243,-0.033008201424280265,-0.7130852340936374,-0.4477659070575233,3.7166773972420426,0.11368479204970733,0.2012156618699166,Staffing & Employment Services,Industrials,KELYB
