Quarters,Year,Quarter,FillingDate,Date,NetIncome,Revenue,OperatingIncome,EPSDiluted,GrossProfit,GrossProfitRatio,TotalAssets,CommonStockEquity,CurrentAssets,CurrentLiability,TotalLiability,Inventory,RetainedEarnings,MarketCap,EnterpriseValue,bookValuePerShare,currentRatio,debtToAssets,debtToEquity,roic,shareholdersEquityPerShare,roe,priceToSalesRatio,peRatio,pbRatio,payoutRatio,inventoryTurnover,dividendYield,assetTurnover,quickRatio,returnOnAssets,priceToFreeCashFlowsRatio,grossProfitMargin,epsdilutedGrowth,fiveYNetIncomeGrowthPerShare,fiveYRevenueGrowthPerShare,fiveYShareholdersEquityGrowthPerShare,grossProfitGrowth,netIncomeGrowth,operatingIncomeGrowth,threeYNetIncomeGrowthPerShare,threeYRevenueGrowthPerShare,threeYShareholdersEquityGrowthPerShare,Industry,Sector,Symbol
2023Q1,2023,Q1,2023-05-08,2023-03-31,46078000.0,173068000.0,105670000.0,0.82,173068000.0,1.0,17474083000.0,2187300000.0,2355604000.0,732057000.0,15286783000.0,0.0,891242000.0,1712747299.78,2028218299.78,39.052832842645046,3.21778768593156,0.06656532420041728,0.5317825629771865,0.025317916375000443,39.052832842645046,0.02106615461985096,9.896383501167172,9.292652132145493,0.7830417865770584,0.2726029775597899,0.0,0.007333831442392841,0.009904267937836853,3.3896827706039283,0.0026369337950380572,-109.65793583327998,1.0,0.0,0.20041327711348875,0.23799405175577493,0.25753648002980517,0.010728197581045488,-0.004278675771458207,0.2231598198886458,22.162748121448935,0.21170255702712582,0.0663279029716779,Banks—Regional,Financial Services,RNST
2022Q4,2022,Q4,2023-02-24,2022-12-31,46276000.0,171231000.0,86391000.0,0.82,171231000.0,1.0,16988176000.0,2136016000.0,1727455000.0,712232000.0,14852160000.0,0.0,857725000.0,2103277179.3600001,2667650179.36,38.175111786470325,2.425410540385717,0.067126982908583,0.5338747462565824,0.020625021430540475,38.175111786470325,0.021664631725605052,12.283273352138341,11.36267816665226,0.9846729515883778,0.2701616388624773,0.0,0.005944057265816099,0.01007942229936869,3.123907659302025,0.002724012277715983,19.753904045682514,1.0,-0.012048192771084348,1.4704987507018228,0.20071228474606034,0.24279342099935117,-0.0015917996081724042,-0.006249060493482509,0.0621365430246997,0.2304700247380072,0.19517758103993166,0.026409917890163837,Banks—Regional,Financial Services,RNST
2022Q3,2022,Q3,2022-11-04,2022-09-30,46567000.0,171504000.0,81337000.0,0.83,171504000.0,1.0,16471099000.0,2092281000.0,2154945000.0,300000000.0,14378818000.0,0.0,823951000.0,1750028853.92,2010167853.92,37.397411781755565,7.18315,0.04490526102720893,0.3535084436555128,0.02224304424300566,37.397411781755565,0.02225657069963356,10.204011882638307,9.395220080314386,0.836421519824536,0.26834453583009427,0.0,0.007140453697097292,0.010412419960562438,7.18315,0.002827194469537218,16.07123437828307,1.0,0.16901408450704225,0.5536150704110127,0.22480779267029335,0.21992355651285048,0.13783014549290448,0.1736226624325823,0.15744311470977473,0.28927757428689477,0.21139810316810725,0.023358057131218288,Banks—Regional,Financial Services,RNST
2022Q2,2022,Q2,2022-08-08,2022-06-30,39678000.0,150729000.0,70273000.0,0.71,150729000.0,1.0,16618101000.0,2116877000.0,2758327000.0,100000000.0,14501224000.0,0.0,789880000.0,1610673611.55,1144400611.55,37.86442264445504,27.58327,0.03274712315203765,0.25707445449121513,0.02073429971485341,37.86442264445504,0.018743649253121462,10.68589064844854,10.148404730266142,0.7608725549713091,0.314733605524472,0.0,0.007753277827642821,0.009070169930968647,36.45231,0.002387637432219241,11.500293538609832,1.0,0.18333333333333332,0.24673315428308848,0.051634057780764665,0.32236425656851797,0.09951344766462174,0.18275851790025935,0.10697520557008286,-0.11011669062230793,0.01845121301883029,0.04429735252773496,Banks—Regional,Financial Services,RNST
2022Q1,2022,Q1,2022-05-06,2022-03-31,33547000.0,137087000.0,63482000.0,0.6,137087000.0,1.0,16863757000.0,2137642000.0,4106181000.0,100000000.0,14726115000.0,0.0,762690000.0,1866817472.4,806019472.4000001,38.30268676887492,41.06181,0.032418339519479554,0.2557467527303449,0.019125269545355195,38.30268676887492,0.015693460364270537,13.617757135249878,13.911955408829405,0.8733068831918535,0.37276060452499477,0.0,0.006698565973846088,0.008129090095404008,41.02651,0.001989295742342587,9.160675769679958,1.0,-0.09090909090909098,0.1124427766377109,0.027711453769901084,0.35826140433934933,-0.08034803842644771,-0.0946456522912506,0.07863526693172937,-0.21933376927602535,-0.03439106734000548,0.07425315461063367,Banks—Regional,Financial Services,RNST
2021Q4,2021,Q4,2022-02-25,2021-12-31,37054000.0,149064000.0,58854000.0,0.66,149064000.0,1.0,16810311000.0,2209853000.0,4338656000.0,13947000.0,14600458000.0,0.0,741648000.0,2115768931.65,722959931.6500001,39.637561595442286,311.08166630816663,0.028860620127729938,0.2195422048434896,0.016712945075096436,39.637561595442286,0.016767631150126274,14.193694866969892,14.27490238334593,0.9574251914720121,0.3356992497436174,0.0,0.005879186433794234,0.00886741476704387,311.08166630816663,0.0022042423843318545,43.38347990834342,1.0,-0.07042253521126751,0.19347866641637254,0.04776393127203208,0.36450989960797914,-0.03234727063818185,-0.0751067069365749,0.0,-0.1228519286848394,0.03235410340424407,0.13688712742391854,Banks—Regional,Financial Services,RNST
2021Q3,2021,Q3,2021-11-05,2021-09-30,40063000.0,154047000.0,0.0,0.71,154047000.0,1.0,16155550000.0,2203944000.0,0.0,0.0,13951606000.0,0.0,717033000.0,2024073574.2499998,1016795574.2499998,39.25360333279397,0.0,0.02902179127296811,0.21273816394608938,0.0,39.25360333279397,0.01817786658826177,13.139324844041102,12.630566696515487,0.9183870253736028,0.31135960861642914,0.0,0.0061628194541407,0.009535237116656506,0.0,0.0024798289132836704,55.08132838735134,1.0,-0.013888888888888902,0.2957424343546038,0.012994005131737879,0.44647335950243483,-0.019988676052395522,-0.01967357525631928,0.0,0.17137775873909875,0.04710550854290219,0.02439047149351727,Banks—Regional,Financial Services,RNST
2021Q2,2021,Q2,2021-08-06,2021-06-30,40867000.0,157189000.0,0.0,0.72,157189000.0,1.0,16022386000.0,2203807000.0,0.0,0.0,13818579000.0,0.0,689444000.0,2253028680.0,1116946680.0,39.126124217823985,0.0,0.02929688499578028,0.21299778065865113,0.0,39.126124217823985,0.01854381985355342,14.33324647398991,13.782689456040325,1.0223348414811277,0.30684904690826337,0.0,0.00556584126572237,0.009810586263494089,0.0,0.0025506188653799753,23.45805278775574,1.0,-0.2941176470588236,0.3327954413719578,0.04125904593293205,0.4639780570758372,-0.17566143115609514,-0.2942771292394833,0.0,-0.023371275997152142,0.07759384260265247,0.24039800462510094,Banks—Regional,Financial Services,RNST
2021Q1,2021,Q1,2021-05-07,2021-03-31,57908000.0,190685000.0,0.0,1.02,190685000.0,1.0,15622571000.0,2173701000.0,0.0,0.0,13448870000.0,0.0,661117000.0,2327219517.38,1532963517.38,38.65030638848535,0.0,0.02993489355881308,0.2151445852028407,0.0,38.65030638848535,0.026640278492764183,12.20452325762383,10.047055317831733,1.070625406796979,0.21696484078192996,0.0,0.005398717184249399,0.012205737455121823,0.0,0.003706688226925005,-39.1669109929651,1.0,0.8214285714285713,0.9570274473471346,0.32282591847984876,0.47985745401519747,0.12864084853004717,0.8371244567113988,0.0,0.5023969105050242,0.3583987100825882,0.2445747647472684,Banks—Regional,Financial Services,RNST
2020Q4,2020,Q4,2021-02-26,2020-12-31,31521000.0,168951000.0,0.0,0.56,168951000.0,1.0,14929612000.0,2132733000.0,0.0,0.0,12796879000.0,0.0,615773000.0,1892743486.96,1734510486.96,37.9504396316108,0.0,0.03181395470960665,0.22270485803895754,0.0,37.9504396316108,0.014779627829643935,11.202913785417074,15.011765862123664,0.8874732500317667,0.39741759461946,0.0,0.006618435137304339,0.011316503067862714,0.0,0.002111307380258777,112.99286531908542,1.0,0.05660377358490571,0.06761762165356494,0.1699309197191045,0.47423042688941935,-0.04662724164005101,0.05098026140304081,0.0,0.675457128520179,0.17956488159230233,0.23547920336187653,Banks—Regional,Financial Services,RNST
2020Q3,2020,Q3,2020-11-09,2020-09-30,29992000.0,177214000.0,0.0,0.53,177214000.0,1.0,14808933000.0,2104300000.0,0.0,30000000.0,12704633000.0,0.0,596779000.0,1276543284.48,1367520284.48,37.45246759844519,0.0,0.03410657607810097,0.2400237608705983,0.0,37.45246759844519,0.014252720619683506,7.203399756678366,10.640698223526273,0.6066355959131302,0.4176780474793278,0.0,0.00981321992939932,0.01196669604758155,59.825,0.002025264075406378,-92.26245189939289,1.0,0.4722222222222224,0.3251505225632812,0.2599724714972871,0.4603082317533043,0.04272971191865939,0.4899155489319424,0.0,-0.0036272549811730676,0.26021011840878916,0.2217195066736445,Banks—Regional,Financial Services,RNST
2020Q2,2020,Q2,2020-08-05,2020-06-30,20130000.0,169952000.0,0.0,0.36,169952000.0,1.0,14897207000.0,2082946000.0,0.0,330000000.0,12814261000.0,0.0,579314000.0,1398519754.8,1488296754.8,37.085894011856254,0.0,0.04743707998418764,0.33926947698116033,0.0,37.085894011856254,0.009664196767463006,8.228910249952927,17.368601028315947,0.6714143116528225,0.6222056631892697,0.0,0.008955897803382249,0.011408312981084306,6.074751515151515,0.0013512600046438235,7.94622526846896,1.0,8.0,-0.26367743277898875,0.28303634430237784,0.6045406033668858,0.17881419415697916,9.024900398406375,0.0,-0.3704031630214069,0.18029109728516982,0.29517518660353437,Banks—Regional,Financial Services,RNST
2020Q1,2020,Q1,2020-05-07,2020-03-31,2008000.0,144172000.0,0.0,0.04,144172000.0,1.0,13900550000.0,2070512000.0,0.0,790000000.0,11830038000.0,0.0,571709000.0,1234720381.44,1763542381.44,36.62366213414403,0.0,0.0839243051533932,0.5634326195646294,0.0,36.62366213414403,0.0009698084338559738,8.564217611186638,153.72514709163346,0.596335776580865,6.252490039840637,0.0,0.010168294124502632,0.010371675940880037,2.639559493670886,0.00014445471582059702,-9.882427557327059,1.0,-0.9402985074626865,-0.9264091779713731,0.13821406020048466,0.5990669570279962,-0.014821546934898627,-0.9477287517896655,0.0,-0.9342679083630462,0.06695376258534906,0.29872108091370536,Banks—Regional,Financial Services,RNST
2019Q4,2019,Q4,2020-02-27,2019-12-31,38415000.0,146341000.0,0.0,0.67,146341000.0,1.0,13400618000.0,2125689000.0,0.0,480000000.0,11274929000.0,0.0,617355000.0,2024364927.2,2465941927.2,37.192851628851315,0.0,0.06391548509180696,0.4029314730423877,0.0,37.192851628851315,0.018071787547472844,13.833204141013114,13.174312945464012,0.9523335385373873,0.3295327346088767,0.0,0.006253319166870419,0.010920466503858256,3.73175625,0.0028666588361820327,16.492711822262777,1.0,0.04687500000000004,0.3590759403015586,0.15380548561641022,0.6482254664601564,-0.0029772854242461405,0.025877263259093095,0.0,0.2069703694006369,0.0033972334050062403,0.28035157056820187,Banks—Regional,Financial Services,RNST
2019Q3,2019,Q3,2019-11-07,2019-09-30,37446000.0,146778000.0,0.0,0.64,146778000.0,1.0,13039674000.0,2119659000.0,10467704000.0,205602000.0,10920015000.0,0.0,591599000.0,2030692557.1499999,2054737557.1499999,36.54381916588589,50.9124619410317,0.03326049408903934,0.2046112134074396,0.0,36.54381916588589,0.017666049114503795,13.83512895086457,13.557473142324946,0.9580279456035145,0.3426000106820488,0.0,0.006317549131122545,0.011256263001667067,8.374699662454645,0.0028716975593101484,-90.62759660597135,1.0,-0.20000000000000004,0.3101372882350041,0.09232673719410578,0.6447352169017107,-0.051576634789351254,-0.1968686327077748,0.0,0.17232926697802045,-0.06570600947732647,0.3466193263783107,Banks—Regional,Financial Services,RNST
2019Q2,2019,Q2,2019-08-07,2019-06-30,46625000.0,154760000.0,0.0,0.8,154760000.0,1.0,12892653000.0,2119696000.0,10311398000.0,139011000.0,10772957000.0,0.0,566982000.0,2118042899.5199997,2076114899.5199997,36.258276967574155,74.17684931408306,0.03117542991345536,0.18961870004000575,0.0,36.258276967574155,0.021996078682980955,13.685984101318168,11.356798388847185,0.9992201237913361,0.2781983914209115,0.0,0.006124049707840925,0.01200373577106279,12.7627885563013,0.003616400751652899,-20.259822653810833,1.0,0.038961038961038995,0.6912344233177155,0.1638641466806494,0.6593904720484741,0.03843469858822266,0.03358457104854799,0.0,0.4650413960990592,-0.012275860227099701,0.3566721194358803,Banks—Regional,Financial Services,RNST
2019Q1,2019,Q1,2019-05-08,2019-03-31,45110000.0,149032000.0,0.0,0.77,149032000.0,1.0,12862395000.0,2088877000.0,10314896000.0,87590000.0,10773518000.0,0.0,533328000.0,2032331584.7299998,1821124584.7299998,35.65517737088503,117.76339764813335,0.027277890315139598,0.16796537086673843,0.0,35.65517737088503,0.021595335675580706,13.63688056746202,11.263198762635778,0.9729302322396196,0.2758146752383064,0.0,0.006122032493852596,0.011586644633445015,21.451741066331774,0.0035071228958525997,15.296214840100852,1.0,0.013157894736842117,0.7801999622763874,0.16594155310766404,0.656327158105543,-0.01843497046057788,0.015533543448896894,0.0,0.463483314891196,-0.0075187941443116794,0.36517882875717017,Banks—Regional,Financial Services,RNST
2018Q4,2018,Q4,2019-02-27,2018-12-31,44420000.0,151831000.0,0.0,0.76,151831000.0,1.0,12934878000.0,2043913000.0,10448910000.0,380000000.0,10890965000.0,0.0,500660000.0,1769261636.28,1843768636.28,34.86499287335353,27.497131578947368,0.04975833556373705,0.3148950077620721,0.0,34.86499287335353,0.02173282326596093,11.652835298983739,9.957573369428186,0.8656247287824873,0.2785231877532643,0.0,0.0069927475655963585,0.011738108391899793,4.960210526315789,0.0034341259345468896,25.762069343157098,1.0,0.24590163934426235,1.1107011158068671,0.1771757156121306,0.6428644830939761,0.1042897041282402,0.38968839944938055,0.0,0.4422520108045924,0.007875195736502479,0.35437254024239917,Banks—Regional,Financial Services,RNST
2018Q3,2018,Q3,2018-11-07,2018-09-30,31964000.0,137492000.0,0.0,0.61,137492000.0,1.0,12746939000.0,2010711000.0,10341974000.0,175559000.0,10736228000.0,0.0,468612000.0,2125155325.5,2195075325.5,38.318985216217314,58.90882267499815,0.03448012107063508,0.2185873554180586,0.0,38.318985216217314,0.015896864343011005,15.456574386146103,16.62147514000125,1.056917341925319,0.37007258165436113,0.0,0.005566181378867876,0.010786275826690627,9.140961158357019,0.002507582408608059,30.444170553685264,1.0,-0.17567567567567569,1.499653811481756,0.2371437093944688,0.5878360411738466,0.07440806439009143,-0.12928357395804957,0.0,0.5122112703207815,0.04672361240197514,0.4940945986159361,Banks—Regional,Financial Services,RNST
2018Q2,2018,Q2,2018-08-08,2018-06-30,36710000.0,127970000.0,0.0,0.74,127970000.0,1.0,10544475000.0,1558668000.0,8593578000.0,313393000.0,8985807000.0,0.0,448475000.0,2249314082.08,2477109082.08,31.543201514299035,27.421091090100926,0.04938576837632978,0.3340974473075729,0.0,31.543201514299035,0.02355216120431035,17.576885848870827,15.318129134295832,1.4431001868775135,0.2712612367202397,0.0,0.004427127398229586,0.01213621351466052,4.586828678368693,0.003481444073792199,-125.79352844248083,1.0,0.08823529411764697,1.3368237524090585,0.2629991087549006,0.5891207475724893,0.0387765538626383,0.0852598592798439,0.0,0.5262656504191736,0.0981009275619929,0.3647331131803379,Banks—Regional,Financial Services,RNST
2018Q1,2018,Q1,2018-05-09,2018-03-31,33826000.0,123193000.0,0.0,0.68,123193000.0,1.0,10238313000.0,1532765000.0,8431618000.0,57753000.0,8705548000.0,0.0,421725000.0,2100609107.5200002,2114822107.5200002,31.05502978467825,145.9944591622946,0.02590182581837457,0.17301478047841645,0.0,31.05502978467825,0.022068614562571563,17.051367427694757,15.525107221663811,1.3704704292699796,0.2795187134157157,0.0,0.004501075410056975,0.01203254872164975,21.7346458192648,0.0033038646112889887,-32.043461330485854,1.0,1.0606060606060606,1.279905893889102,0.2395400429649807,0.5569228002164262,-0.019967701645943216,1.0486948095209254,0.0,0.41998235707476894,0.11404161048524253,0.3559286287731006,Banks—Regional,Financial Services,RNST
2017Q4,2017,Q4,2018-02-28,2017-12-31,16511000.0,125703000.0,0.0,0.33,125703000.0,1.0,9829981000.0,1514983000.0,8300344000.0,83000000.0,8314998000.0,0.0,397354000.0,2016710215.53,2025803215.53,30.717182068579888,100.00414457831326,0.029557127323033484,0.1917816899595573,0.0,30.717182068579888,0.010898472128070083,16.043453342640987,30.53585814805281,1.3311767957330216,0.5700442129489431,0.0,0.004667006656445426,0.01278771545947037,12.17222891566265,0.0016796573665808713,13.622554515137596,1.0,-0.37735849056603776,0.15543966448830795,0.2311145936771813,0.549394422841528,0.01841529611925788,-0.3750804284470686,0.0,-0.3230912562054042,0.14848699959896822,0.3612519483193575,Banks—Regional,Financial Services,RNST
2017Q3,2017,Q3,2017-11-09,2017-09-30,26421000.0,123430000.0,0.0,0.53,123430000.0,1.0,10323687000.0,1511826000.0,8313304000.0,384230000.0,8811861000.0,0.0,388209000.0,2115680938.8,2375413938.8,30.655537047465504,21.636269942482368,0.057337364063827195,0.39153513698004927,0.0,30.655537047465504,0.01747621750122038,17.140735143806207,20.01893322357216,1.3994209246302154,0.3382158131789107,0.0,0.00422369925262381,0.011955999828355896,4.001111313536163,0.00255926007830342,52.30748729942888,1.0,-0.0701754385964911,0.912037164787283,0.2289767988918389,0.5496508983683248,0.08397442652896336,0.04496915045087803,0.0,0.0872259526367575,0.08036750369774279,0.3797200874414769,Banks—Regional,Financial Services,RNST
2017Q2,2017,Q2,2017-08-09,2017-06-30,25284000.0,113868000.0,0.0,0.57,113868000.0,1.0,8872272000.0,1271786000.0,7093992000.0,120121000.0,7600486000.0,0.0,370723000.0,1942730602.02,2018746602.02,28.633882424130014,59.05705080710284,0.03517441755617952,0.24538483675712738,0.0,28.633882424130014,0.019880703200066678,17.061251642428076,19.209090749288087,1.5275609277189717,0.31790855877234614,0.0,0.0041374753615567176,0.012834142145326473,8.536509020071428,0.002849777373822624,-31.397158866442563,1.0,0.05555555555555539,1.2528865790425145,0.2966569944239521,0.4628023475335243,0.0738617073446754,0.054730518938761887,0.0,0.20715590211512835,0.12714003812069588,0.31045365765312505,Banks—Regional,Financial Services,RNST
2017Q1,2017,Q1,2017-05-10,2017-03-31,23972000.0,106036000.0,0.0,0.54,106036000.0,1.0,8764711000.0,1251065000.0,7018098000.0,9955000.0,7513646000.0,0.0,353478000.0,1760820535.53,1592082535.53,28.199790295524984,704.9822199899548,0.02304765097217695,0.16146722992010806,0.0,28.199790295524984,0.019161274594045874,16.60587475508318,18.363304433610043,1.4074572748258483,0.3349741364925747,0.0,0.004560373892722124,0.012098060050126012,112.31451531893521,0.002735058805703919,28.445752661992536,1.0,-0.018181818181818195,1.268376823301527,0.21758601509456107,0.4444578002175398,-0.02094105480868666,0.014258514914321981,0.0,0.24927054556970377,0.09548606713523887,0.3099942831163593,Banks—Regional,Financial Services,RNST
2016Q4,2016,Q4,2017-02-27,2016-12-31,23635000.0,108304000.0,0.0,0.55,108304000.0,1.0,8699851000.0,1232883000.0,6969188000.0,100000000.0,7466968000.0,0.0,337536000.0,1791883845.36,1788118845.36,29.04893662320081,69.69188,0.03476599771651261,0.24532660438987317,0.0,29.04893662320081,0.01917051334149307,16.544946127197516,18.953711078485295,1.4534094844036296,0.3226570763697906,0.0,0.004255856215092944,0.012448948838319185,10.29722,0.002716713194283442,52.00347811359085,1.0,0.0,1.4121014177702151,0.3790484472192241,0.49531029301502594,-0.049989912546161065,0.01967297985245265,0.0,0.5512614217159776,0.15986258370683565,0.36880757220456406,Banks—Regional,Financial Services,RNST
2016Q3,2016,Q3,2016-11-09,2016-09-30,23179000.0,114003000.0,0.0,0.55,114003000.0,1.0,8542471000.0,1142247000.0,6828502000.0,266943000.0,7400224000.0,0.0,321527000.0,1415525845.3200002,1667714845.3200002,27.137453361945514,25.580374836575597,0.054970043211150496,0.41110197706800716,0.0,27.137453361945514,0.020292458636354482,12.416566628246626,15.267330830924545,1.2392467174963033,0.3283144225376418,0.0,0.005376093997266189,0.01334543599855358,3.5315554256901285,0.002713383516315127,11.086772443901408,1.0,0.018518518518518535,1.112794016740139,0.30767249664271146,0.3953470839217505,0.01117586014209308,0.012183406113537118,0.0,1.2597383567017095,0.2788032173968106,0.12450333093724611,Banks—Regional,Financial Services,RNST
2016Q2,2016,Q2,2016-08-08,2016-06-30,22900000.0,112743000.0,0.0,0.54,112743000.0,1.0,8529566000.0,1124256000.0,6789518000.0,444989000.0,7405310000.0,0.0,305958000.0,1359999211.4399998,1737841211.4399998,26.725895261008798,15.257720977372474,0.06901288998760312,0.5235907124356018,0.0,26.725895261008798,0.020369026271596504,12.06282617492882,14.847152963318775,1.2096881950730083,0.3321397379912664,0.0,0.005592650301573766,0.013217905811385948,2.090487630031304,0.0026847790379956027,43.26247650591678,1.0,0.03846153846153849,1.3695803560365813,0.4531506034815831,0.3948709720039897,0.09082201323580634,0.07937405731523378,0.0,0.7123476931955416,0.3070715381756994,0.34642879028831997,Banks—Regional,Financial Services,RNST
2016Q1,2016,Q1,2016-05-10,2016-03-31,21216000.0,103356000.0,0.0,0.52,103356000.0,1.0,8146229000.0,1053178000.0,6398928000.0,414255000.0,7093051000.0,0.0,290665000.0,1327078472.2499998,1670266472.2499998,26.11758739574415,15.446833472136728,0.06894858958666641,0.5333106084631468,0.0,26.11758739574415,0.02014474286397931,12.839878403285729,15.637708242010746,1.2600704460689454,0.32484917043740574,0.0,0.005193362822256422,0.012687588330747884,2.2100686775054013,0.0026043952361270474,-30.62512339902614,1.0,0.0,0.745098268077858,-0.01337828866834325,0.38226589456135207,-0.0013720071885447063,0.0026465028355387526,0.0,0.7502685390868733,0.27287315128683404,0.3093874836063215,Banks—Regional,Financial Services,RNST
2015Q4,2015,Q4,2016-02-29,2015-12-31,21160000.0,103498000.0,0.0,0.52,103498000.0,1.0,7926496000.0,1036818000.0,6177481000.0,400000000.0,6889678000.0,0.0,276340000.0,1385912334.81,1722558334.81,25.742542644222215,15.4437025,0.06916259088505186,0.5287495008767209,0.0,25.742542644222215,0.02040859630137594,13.390716098958434,16.374200553048205,1.3366977953797097,0.32495274102079397,0.0,0.004961352769071543,0.013057219734924486,2.235885,0.0026695276197704508,11.77955985185374,1.0,0.3,1.7878869747484474,28.30187426868359,0.3735741421004243,0.026796432433504967,0.30456226880394577,0.0,0.8132799451581957,0.24125238117994344,0.2984704102631923,Banks—Regional,Financial Services,RNST
2015Q3,2015,Q3,2015-11-09,2015-09-30,16220000.0,100797000.0,0.0,0.4,100797000.0,1.0,7918732000.0,1032699000.0,6128938000.0,402122000.0,6886033000.0,0.0,262057000.0,1322736161.8500001,1670627161.8500001,25.64696054166473,15.241488901378188,0.06967529649949007,0.5342699082694957,0.0,25.64696054166473,0.01570641590628053,13.12277311675943,20.38742542925401,1.2808535322005734,0.42422934648582,0.0,0.005202095624554577,0.01272893185424131,2.2178343885686433,0.0020483077341170277,8.620374744041762,1.0,-0.1666666666666666,-0.5034804454934875,-0.2866440293095424,0.29562376491239073,0.351401718798182,0.05365726906586982,0.0,0.4376492979620315,0.22920859962334,0.29646515023600317,Banks—Regional,Financial Services,RNST
2015Q2,2015,Q2,2015-08-07,2015-06-30,15394000.0,74587000.0,0.0,0.48,74587000.0,1.0,5899190000.0,730976000.0,4518020000.0,64229000.0,5168214000.0,0.0,252718000.0,1031009523.4000001,1095136523.4,23.11309164382448,70.34236871195255,0.03713882753394958,0.2997211946767062,0.0,23.11309164382448,0.021059514949875235,13.822911813050533,16.74369110367676,1.4104560524558947,0.35091594127582176,0.0,0.005239524832113689,0.012643600223081473,10.88508306216818,0.0026095107972450454,61.99323693103241,1.0,0.0,1.7041762492395025,0.30802201587460026,0.182409667100802,0.054292822209029486,0.01010498687664042,0.0,0.926343599096762,0.19282100896625431,0.18076494883041275,Banks—Regional,Financial Services,RNST
2015Q1,2015,Q1,2015-05-08,2015-03-31,15240000.0,70746000.0,0.0,0.48,70746000.0,1.0,5881849000.0,723196000.0,4451633000.0,6732000.0,5158653000.0,0.0,242726000.0,948867063.75,936801063.75,22.9031448452992,661.2645573380868,0.027595574112834247,0.2244384648145178,0.0,22.9031448452992,0.02107312540445467,13.412306897209737,15.565404589074804,1.3120468915065904,0.3541994750656168,0.0,0.005688889630826329,0.01202785042594599,108.74019607843137,0.0025910219728524143,-15.744127293920489,1.0,-0.02040816326530614,1.8210458994594774,0.2747884507702931,0.17612608394239876,0.010844871190363925,-0.02288901711867667,0.0,1.0261378947281794,0.14135646843759694,0.17315149774551472,Banks—Regional,Financial Services,RNST
2014Q4,2014,Q4,2015-03-02,2014-12-31,15597000.0,69987000.0,0.0,0.49,69987000.0,1.0,5805129000.0,711651000.0,4410317000.0,0.0,5093478000.0,0.0,232883000.0,912373452.54,907212452.54,22.56539071000357,0.0,0.02694548217619281,0.21980156003434267,0.0,22.56539071000357,0.021916641724665602,13.036327497106605,14.624181774379688,1.2820518098618565,0.34513047380906586,0.0,0.005899996306352415,0.01205606283684652,0.0,0.002686761999604143,36.83975823871437,1.0,0.0,1.5866417969117028,0.2241181836334127,0.16001075107038598,-0.041733415485726025,0.003990988091406501,0.0,1.1421429464728328,0.19927787995564267,0.1615661334613091,Banks—Regional,Financial Services,RNST
2014Q3,2014,Q3,2014-11-10,2014-09-30,15535000.0,73035000.0,0.0,0.49,73035000.0,1.0,5751711000.0,700475000.0,4363676000.0,65646000.0,5051236000.0,0.0,222670000.0,852789742.15,938859742.15,22.218664007648442,66.47283916765683,0.03958196091563015,0.3250137406759699,0.0,22.218664007648442,0.02217780791605696,11.676452962962962,13.723684295944642,1.2174449368642706,0.34644351464435147,0.0,0.006311051521833787,0.012697960659010857,10.553285805685038,0.002700935425997586,35.52550477608831,1.0,0.04255319148936174,1.4580773360028336,0.24731696434160202,0.1408250339653367,0.019472361809045227,0.04591664983505016,0.0,0.890557793570887,0.11848452810320798,0.14243394979663584,Banks—Regional,Financial Services,RNST
2014Q2,2014,Q2,2014-08-08,2014-06-30,14853000.0,71640000.0,0.0,0.47,71640000.0,1.0,5826020000.0,688215000.0,4413294000.0,25505000.0,5137805000.0,0.0,212511000.0,915610144.59,924220144.59,21.850358657787314,173.03642423054302,0.032583135656932175,0.27582950095537007,0.0,21.850358657787314,0.021581918441184803,12.780711119346734,15.41119882498485,1.3304129444868245,0.36228371372786644,0.0,0.005876955417973827,0.012296559229113529,29.487629876494804,0.0025494248217479516,25.60001522647207,1.0,0.09302325581395345,1.3349525729222207,0.2108808227997171,0.14919035109645107,0.04451280854972517,0.09237331764359785,0.0,1.0526624015649997,0.23322978362881927,0.1404082341102889,Banks—Regional,Financial Services,RNST
2014Q1,2014,Q1,2014-05-09,2014-03-31,13597000.0,68587000.0,0.0,0.43,68587000.0,1.0,5902831000.0,676715000.0,4451056000.0,0.0,5226116000.0,0.0,203037000.0,913220099.4,780305099.4,21.526651420523915,0.0,0.028579507019597883,0.24929253821771352,0.0,21.526651420523915,0.020092653480416424,13.314769553997113,16.790838041479738,1.3494899616529854,0.39508715157755386,0.0,0.00588248112752828,0.011619339940445525,0.0,0.0023034709955274003,50.82763396226415,1.0,0.19444444444444448,0.5171979649265319,0.14697184681975464,0.1335147111093441,-0.006115144401454883,0.20754884547069272,0.0,0.4346265881905214,-0.16016072746021684,0.13929191206801694,Banks—Regional,Financial Services,RNST
2013Q4,2013,Q4,2014-03-11,2013-12-31,11260000.0,69009000.0,0.0,0.36,69009000.0,1.0,5746270000.0,665652000.0,4427086000.0,0.0,5080618000.0,0.0,194815000.0,986774957.74,909718957.74,21.222074755486183,0.0,0.0295134060877752,0.2547757687199918,0.0,21.222074755486183,0.01691574576505441,14.29922122824559,21.908857853907637,1.4824186778376691,0.4753108348134991,0.0,0.005423729045837997,0.012009355634176605,0.0,0.00195953200946005,33.114364835732744,1.0,0.5,31.599040010849606,0.17068951736948126,0.1167064736759672,0.19634901097377044,0.6965496459243634,0.0,0.9049762967931239,24.087700903376952,0.13237039280580146,Banks—Regional,Financial Services,RNST
2013Q3,2013,Q3,2013-11-08,2013-09-30,6637000.0,57683000.0,0.0,0.24,57683000.0,1.0,5736048000.0,657256000.0,4421737000.0,6649000.0,5078792000.0,0.0,188907000.0,739972966.59,683990966.59,24.132835017329036,665.0228605805385,0.030886596485942934,0.2695555460885865,0.0,24.132835017329036,0.01009804398894799,12.828267714751314,27.87302119142685,1.1258519763836314,0.8057857465722464,0.0,0.007227291051786746,0.01005622686560503,104.97187546999548,0.0011570684206268845,11.677023301088845,1.0,-0.25000000000000006,-0.3230710432664051,0.06927471076686703,0.24709969880042804,0.11527232652114228,-0.1723406908592094,0.0,-0.6996214184498156,-0.3964431675159988,0.21913372589966554,Banks—Regional,Financial Services,RNST
2013Q2,2013,Q2,2013-08-08,2013-06-30,8019000.0,51721000.0,0.0,0.32,51721000.0,1.0,4249281000.0,500678000.0,3242426000.0,42819000.0,3748603000.0,0.0,187618000.0,632107149.9399999,748881149.9399999,19.849468054887478,75.72400102758121,0.04607579494036756,0.3910477392655559,0.0,19.849468054887478,0.016016281921714157,12.22147966860656,19.706545390322983,1.2625023466978778,0.5366005736376107,0.0,0.006807390171758765,0.012171706225123733,11.147154300660922,0.0018871427895683999,48.38542176515615,1.0,0.06666666666666674,-0.16338242643237788,0.04347652782058853,0.032949908872827234,0.01981623156400347,0.05917316074494783,0.0,0.7661970945128996,0.1372456076547751,0.015450605941695499,Banks—Regional,Financial Services,RNST
2013Q1,2013,Q1,2013-05-08,2013-03-31,7571000.0,50716000.0,0.0,0.3,50716000.0,1.0,4267658000.0,502375000.0,3268701000.0,6848000.0,3765283000.0,0.0,183902000.0,558630559.22,532665559.22,19.946415956116336,477.3219918224299,0.03844333355671893,0.3265747698432446,0.0,19.946415956116336,0.015070415526250311,11.014878129584353,18.446392788931448,1.1119792171584972,0.567956676793026,0.0,0.007697394868630116,0.011883801373024735,85.60265771028037,0.001774040937675887,14.322758742148041,1.0,0.03448275862068969,-0.24849805820474358,0.015927420119525845,0.007110834991197006,-0.025160980297933684,0.039829693723389646,0.0,0.7570178736181776,0.1457212590946907,0.024291652766990017,Banks—Regional,Financial Services,RNST
2012Q4,2012,Q4,2013-03-08,2012-12-31,7281000.0,52025000.0,0.0,0.29,52025000.0,1.0,4178616000.0,498208000.0,3246862000.0,0.0,3680408000.0,0.0,180628000.0,480986898.48,508018898.48,19.825282455997094,0.0,0.038159045961629404,0.3200510630098272,0.0,19.825282455997094,0.014614377930502923,9.245303190389237,16.515138665018544,0.96543391210097,0.588518060705947,0.0,0.008908766566285536,0.012450294547285513,0.0,0.0017424429524033795,12.35993571836053,1.0,0.035714285714285546,-0.3152113854010372,0.06722593635619732,0.027968961119193395,0.017186094709263678,0.0346738667045616,0.0,0.5153715968107261,0.141960161219828,0.01915101260660145,Banks—Regional,Financial Services,RNST
2012Q3,2012,Q3,2012-11-09,2012-09-30,7037000.0,51146000.0,0.0,0.28,51146000.0,1.0,4164606000.0,496824000.0,3228478000.0,64959000.0,3667782000.0,0.0,177632000.0,502293440.0,606782440.0,19.782221324650386,49.700241690912726,0.053524150904071116,0.4486639131764971,0.0,19.782221324650386,0.014163969534483036,9.82077660032065,17.844729288048885,1.0110088079480863,0.6079295154185022,0.0,0.008516933846478265,0.01228111374761502,1.8229652550070043,0.001689715665779668,19.37935259847988,1.0,0.1200000000000001,-0.28155184486037205,0.07924489564218799,0.0727535183172268,0.03017241379310345,0.10906225374310481,0.0,0.3977162800534904,0.09648995514046366,0.01572503670046815,Banks—Regional,Financial Services,RNST
2012Q2,2012,Q2,2012-08-09,2012-06-30,6345000.0,49648000.0,0.0,0.25,49648000.0,1.0,4112377000.0,491534000.0,3186080000.0,7700000.0,3620843000.0,0.0,174874000.0,394489238.39000005,368062238.39000005,19.57467628651983,413.7766233766234,0.041333515871720905,0.34581331098153945,0.0,19.57467628651983,0.012908567871195075,7.945722655293266,15.54331120527975,0.8025675505458422,0.6743892828999212,0.0,0.010846937212947985,0.012072823089906396,25.507272727272728,0.0015429032892655514,11.013714847004302,1.0,0.041666666666666706,-0.39837846539989025,-0.029770938873685107,0.0431582472831129,0.008490757668088563,0.06210244392366923,0.0,0.2511290207782681,0.05257771533976717,0.02950388442653898,Banks—Regional,Financial Services,RNST
2012Q1,2012,Q1,2012-05-10,2012-03-31,5974000.0,49230000.0,0.0,0.24,49230000.0,1.0,4176490000.0,489611000.0,3093746000.0,7830000.0,3686879000.0,0.0,172807000.0,408286054.88000005,405361054.88000005,19.522751229754174,395.11443167305237,0.04112376660784534,0.3507948146589844,0.0,19.522751229754174,0.012201523250090378,8.29344007475117,17.085958105122195,0.8338988602788745,0.71560093739538,0.0,0.01047060008272012,0.011787410002178863,22.3088122605364,0.0014303877179162408,6.865412054481252,1.0,0.039543875647668356,-0.470650441500426,-0.08903508800965378,0.16812980554641102,0.060831340099553946,0.03177892918825561,0.0,-0.16442863023862522,0.031953112150218024,0.027996658094062814,Banks—Regional,Financial Services,RNST
2011Q4,2011,Q4,2012-03-08,2011-12-31,5790000.0,46407000.0,0.0,0.2308704862028767,46407000.0,1.0,4202008000.0,487202000.0,3158843000.0,11485000.0,3714806000.0,0.0,171108000.0,376184940.0,421876940.0,19.426694752852146,275.04074880278625,0.060616019769595866,0.5227995779984482,0.0,19.426694752852146,0.01188418766753831,8.106211131941302,16.242873056994817,0.7721334066773126,0.73713298791019,0.0,0.01134548342100032,0.011044005627785573,18.199129299085765,0.0013779126550925176,8.205582724397425,1.0,-0.11203659152739734,-0.4859946871969098,-0.12382159431346253,0.18934623466384834,-0.10595873388945615,-0.11359461114513165,0.0,19.964969707017527,-0.01537979244116973,0.022233501794105937,Banks—Regional,Financial Services,RNST
2011Q3,2011,Q3,2011-11-09,2011-09-30,6532000.0,51907000.0,0.0,0.26,51907000.0,1.0,4136474000.0,487401000.0,3172715000.0,17388000.0,3649073000.0,0.0,169586000.0,319027395.64,346279395.64,19.448532680251297,182.4657809983897,0.06347652614279699,0.5387124769953283,0.0,19.448532680251297,0.013401695934148678,6.146134348739091,12.210172827617882,0.6545480941565569,0.653398652786283,0.0,0.013378161431678859,0.012548610241476195,13.533298826777088,0.0015791227020887839,10.111162387170385,1.0,0.13043478260869565,-0.39385273374383606,-0.044021864918266713,0.1968610032314876,0.12309057077329179,0.1346187250303978,0.0,-0.2759907893656639,0.045668501800201884,0.005031494651807266,Banks—Regional,Financial Services,RNST
2011Q2,2011,Q2,2011-08-09,2011-06-30,5757000.0,46218000.0,0.0,0.23,46218000.0,1.0,4259200000.0,480135000.0,3182253000.0,16066000.0,3779065000.0,0.0,167322000.0,363106083.69,389008083.69,19.160120037921583,198.0737582472302,0.061764415852742297,0.5479021525196038,0.0,19.160120037921583,0.011990377706270112,7.856378114371024,15.768025173267327,0.7562583100378019,0.7415320479416363,0.0,0.011756894725136682,0.0108513335837716,14.761919581725383,0.0013516622839969948,14.42156182738899,1.0,-0.23333333333333328,-0.4932270513310981,-0.10386079333603576,0.2349339352423876,-0.2898497280354015,-0.2377863100754667,0.0,-0.3954287439394805,-0.061419740664904625,-0.0029231920756516176,Banks—Regional,Financial Services,RNST
2011Q1,2011,Q1,2011-05-10,2011-03-31,7553000.0,65082000.0,0.0,0.3,65082000.0,1.0,4422164000.0,473354000.0,3298499000.0,10892000.0,3948810000.0,0.0,165834000.0,425385099.48,359509099.48,18.89476366197424,302.836852735953,0.05882843784174445,0.5495865673470595,0.0,18.89476366197424,0.01595634556801041,6.5361405531483365,14.080004616708594,0.8986616770535371,0.564808685290613,0.0,0.010028560015888782,0.014717228940401126,29.932519280205657,0.0017079873111897253,9.619091863509938,1.0,0.5919588646473205,-0.28216340459847855,0.2589215217660773,0.22156204157618992,28.623122439690487,0.5998729082821436,0.0,-0.24627155395913314,0.3106814109947636,-0.04598794838943766,Banks—Regional,Financial Services,RNST
2010Q4,2010,Q4,2011-03-09,2010-12-31,4721000.0,2197000.0,0.0,0.18844708029969193,2197000.0,1.0,4297327000.0,469509000.0,3219564000.0,15386000.0,3827818000.0,0.0,162547000.0,423631450.66,447398450.66,18.741283673888596,209.2528272455479,0.07363554134930854,0.6739721709275008,0.0,18.741283673888596,0.010055185310611723,192.8226903322713,22.433353667655158,0.9022861130670552,0.9027748358398644,0.0,0.01006063169615944,0.0005112480386063244,19.02177304042636,0.0010985898908786788,15.247316824791248,1.0,-0.7673492835806273,-0.5308955432355287,-0.9562572012481928,0.2321113233835605,-0.9740202918430575,-0.7585289754999744,0.0,-0.5546040880523844,-0.9547913992595725,-0.02823791030227611,Banks—Regional,Financial Services,RNST
2010Q3,2010,Q3,2010-11-09,2010-09-30,19551000.0,84566000.0,0.0,0.81,84566000.0,1.0,4256253000.0,477034000.0,3275521000.0,19422000.0,3779219000.0,0.0,162088000.0,366540147.09000003,392372147.09000003,19.79506800988554,168.6500360416023,0.07571095985130583,0.6755178876138808,0.0,19.79506800988554,0.04098450005659974,4.3343677966322165,4.686974414224337,0.7683732125802355,0.21794281622423406,0.0,0.011624920309080786,0.019868649725474495,15.261713520749666,0.004593476938518457,24.256511620011914,1.0,3.500000000000001,0.9949778251280662,0.8203308564973492,0.29790867869417764,1.2240164106879865,4.150421496311908,0.0,1.080233248588108,0.8596845913253355,0.0734501704554552,Banks—Regional,Financial Services,RNST
2010Q2,2010,Q2,2010-08-09,2010-06-30,3796000.0,38024000.0,0.0,0.18,38024000.0,1.0,3593872000.0,412235000.0,2638694000.0,17282000.0,3181637000.0,0.0,146798000.0,302626317.7,571247317.7,19.547448136563702,152.68452725379007,0.12792943098696893,1.115291035453079,0.0,19.547448136563702,0.009208339903210547,7.958823840206185,19.93060574947313,0.7341111688721239,0.946786090621707,0.0,0.011876032551679164,0.01058023212846757,11.060120356440226,0.0010562424037361376,21.731029563406576,1.0,0.058823529411764594,-0.5500011332953545,-0.07983550500877608,0.288266610289599,0.02617801047120419,0.052398114776822845,0.0,-0.5714296386629314,-0.11522161433403308,0.0417072261387911,Banks—Regional,Financial Services,RNST
2010Q1,2010,Q1,2010-05-10,2010-03-31,3607000.0,37054000.0,0.0,0.17,37054000.0,1.0,3641709000.0,410557000.0,2666544000.0,21750000.0,3231152000.0,0.0,146596000.0,341122794.38,644826794.38,19.473375480737054,122.59972413793103,0.13268028829321618,1.1768962653176052,0.0,19.473375480737054,0.008785625382102851,9.206099054892858,23.64311022872193,0.8308780373492597,0.9958414194621569,0.0,0.010529932502835402,0.010174893161425034,8.25190804597701,0.0009904690352798644,10.70289892005522,1.0,-0.11086368891094017,-0.506483333499716,-0.052871732201874265,0.3281078735224551,-0.030532953088616206,-0.10518481766311089,0.0,-0.6198093762887305,-0.1843856961587581,0.16517544304804696,Banks—Regional,Financial Services,RNST
2009Q4,2009,Q4,2010-03-05,2009-12-31,4031000.0,38221000.0,0.0,0.19119678038092414,38221000.0,1.0,3641081000.0,410122000.0,2691888000.0,22397000.0,3230959000.0,0.0,146581000.0,286728677.59999996,756192677.5999999,19.452742734652784,120.18966825914185,0.16973640520493777,1.5069272070262019,0.0,19.452742734652784,0.009828782654917318,7.501862264200308,17.782726221781196,0.6991302041831454,0.8910940213346564,0.0,0.012527522639402707,0.0104971573002633,6.633031209536991,0.001107088801375196,-23.351142405733363,1.0,-0.044016098095379375,-0.25622586751774795,0.3067093921506595,0.7109090431741818,-0.023579603515225832,-0.04591715976331361,0.0,-0.5743234116972371,-0.14160136261047185,0.19094095108212286,Banks—Regional,Financial Services,RNST
2009Q3,2009,Q3,2009-11-09,2009-09-30,4225000.0,39144000.0,0.0,0.2,39144000.0,1.0,3642657000.0,410473000.0,2668152000.0,35825000.0,3232184000.0,0.0,146142000.0,312976803.15,835796803.15,19.475961121241966,74.47737613398465,0.17434416690893487,1.5471809351650414,0.0,19.475961121241966,0.010293003437497715,7.995524298743102,18.519337464497042,0.7624784167289931,0.8499408284023668,0.0,0.01147369378132138,0.010746002162707057,3.133454291695743,0.0011598676460616523,7.095209883022375,1.0,0.0,-0.4217322936877362,0.07490425013388573,0.4913727809039831,-0.011115602263540825,-0.007283834586466165,0.0,-0.5337996809588755,-0.14276259855226084,0.1985489470954739,Banks—Regional,Financial Services,RNST
2009Q2,2009,Q2,2009-08-10,2009-06-30,4256000.0,39584000.0,0.0,0.2,39584000.0,1.0,3701957000.0,400680000.0,2779491000.0,40428000.0,3301277000.0,0.0,145508000.0,316519884.56,837995884.56,19.013698328514266,68.75163253190858,0.17983866371219331,1.6615628431666167,0.0,19.013698328514266,0.010621942697414396,7.996157148342765,18.592568406954886,0.7899567848657282,0.84375,0.0,0.011345258782056975,0.01069272279499735,3.5687889581478185,0.0011496621921864571,17.165783641195294,1.0,-0.28571428571428575,-0.5033711089125646,0.07811292904702595,0.7099136226450268,-0.012252027448533999,-0.2913752913752914,0.0,-0.5544946865618691,-0.08732094924068642,0.22549656546362756,Banks—Regional,Financial Services,RNST
2009Q1,2009,Q1,2009-05-11,2009-03-31,6006000.0,40075000.0,0.0,0.28,40075000.0,1.0,3795217000.0,400095000.0,2846241000.0,29705000.0,3395122000.0,0.0,144843000.0,264608289.84,760500289.84,18.991064879481176,95.8168995118667,0.17709922779119086,1.6799260175708268,0.0,18.991064879481176,0.015011434784238744,6.60282694547723,11.014331078921078,0.661363650732951,0.5977355977355977,0.0,0.01356722422479944,0.010559343510529173,5.932940582393536,0.0015825182064688264,-157.59874320428827,1.0,24.426340172413795,-0.24978125438713322,0.12807783218538882,0.6437631887429518,0.012173869118278483,24.887931034482758,0.0,-0.32123065707575454,-0.07818859028119514,0.2277879946480875,Banks—Regional,Financial Services,RNST
2008Q4,2008,Q4,2009-03-06,2008-12-31,232000.0,39593000.0,0.0,0.011012202232068967,39593000.0,1.0,3715980000.0,400371000.0,2780559000.0,314541000.0,3315609000.0,0.0,142427000.0,358780189.17,1192362189.17,19.004165602826223,8.84005264814444,0.2513404270205975,2.332776349935435,0.0,19.004165602826223,0.000579462548486279,9.061707604121942,386.61658315732757,0.8961193222536099,15.482758620689655,0.0,0.010011701059386004,0.010654793621063623,0.3191761964259031,6.24330593813745e-05,55.42718819249189,1.0,-0.9694105493553641,-0.970448181380458,0.1566335858789628,0.6886534709259577,-0.04790188769989179,-0.9693040486901296,0.0,-0.9725871415060409,-0.06259837857965647,0.2493940136727128,Banks—Regional,Financial Services,RNST
2008Q3,2008,Q3,2008-11-10,2008-09-30,7558000.0,41585000.0,0.0,0.36,41585000.0,1.0,3725209000.0,406267000.0,2775254000.0,201795000.0,3318942000.0,0.0,145865000.0,455789379.24,1220067379.24,19.351167385047205,13.752838276468694,0.23363145530895046,2.1422512781003626,0.0,19.351167385047205,0.01860352920616245,10.960427539737886,15.076388569727442,1.1218961403215129,0.47446414395342684,0.0,0.007867669066750587,0.011163132055141068,0.5255234272405164,0.0020288794534749593,17.27980358797437,1.0,-0.05263157894736847,-0.014356098735620545,0.2230481041706883,0.7633179987973246,0.007095805482902257,-0.05347526612398247,0.0,-0.11475406189208952,0.027493790657854286,0.26880332410950425,Banks—Regional,Financial Services,RNST
2008Q2,2008,Q2,2008-08-11,2008-06-30,7985000.0,41292000.0,0.0,0.38,41292000.0,1.0,3782196000.0,403795000.0,2798491000.0,203413000.0,3378401000.0,0.0,141893000.0,309523817.34000003,1075125817.3400002,19.216292953205794,13.757680187598629,0.23235522431941655,2.1763840562661745,0.0,19.216292953205794,0.01977488577124531,7.495975427201396,9.69078952222918,0.7665370233410519,0.4477144646211647,0.0,0.011549999708335854,0.010917466995364597,0.5565573488420111,0.0021112073514963263,530.0065365410959,1.0,-0.025641025641025664,0.04231172618088963,0.2093659229286765,0.7570905952019843,0.006778173306675769,-0.03527848254198381,0.0,-0.05000000475892302,0.0028524862310721154,0.2664419627671261,Banks—Regional,Financial Services,RNST
2008Q1,2008,Q1,2008-05-12,2008-03-31,8277000.0,41014000.0,0.0,0.39,41014000.0,1.0,3699276000.0,409827000.0,2818432000.0,61454000.0,3289449000.0,0.0,137503000.0,465581250.0,979019250.0,19.80558173251178,45.86246623490741,0.1686562451679734,1.5223643146986412,0.0,19.80558173251178,0.020196326742747548,11.351764031794021,14.0625,1.1360433792795497,0.431074060649994,0.0,0.007663538855999893,0.011087034327798196,1.7975721678003058,0.0022374648444722697,18.548314808174972,1.0,-0.0782324386065106,0.10197170474516701,0.2393316693974523,0.8390607374178772,0.02177379172894868,-0.054597372929754424,0.0,0.1538461256640411,0.06813239805868472,0.3507647436193642,Banks—Regional,Financial Services,RNST
2007Q4,2007,Q4,2008-03-12,2007-12-31,8755000.0,40140000.0,0.0,0.42310015706173737,40140000.0,1.0,3612287000.0,399073000.0,2827830000.0,370456000.0,3213214000.0,0.0,132774000.0,446337225.0,970932225.0,19.285876525311103,7.633376163431015,0.1728511604974909,1.564595951116713,0.0,19.285876525311103,0.021938342107834907,11.119512331838566,12.745209166190747,1.1184350356952237,0.406510565391205,0.0,0.007973791565334933,0.011112073874528795,0.2693788196169046,0.002423672316180857,-44.615876149540185,1.0,0.08487219759419835,0.1605120926122003,0.20142033235147663,0.8214865327186681,-9.964129135113592e-05,0.05520067494275039,0.0,0.6459008966821247,0.39821383391659865,0.6962328141993183,Banks—Regional,Financial Services,RNST
2007Q3,2007,Q3,2007-11-09,2007-09-30,8297000.0,40144000.0,0.0,0.39,40144000.0,1.0,3584519000.0,392312000.0,2796582000.0,0.0,3192207000.0,0.0,127578000.0,483140692.89000005,818980692.8900001,18.44060260523008,0.0,0.11925951571187096,1.0896633291869737,0.0,18.44060260523008,0.021148983462142376,12.035190635960543,14.557692325238039,1.2315215769336652,0.43172230926841026,0.0,0.007413989450099039,0.011199271087696843,0.0,0.002314675971866797,15.167823843594011,1.0,-0.04878048780487796,0.07977722361056504,0.17884227654569013,0.7769539473284103,0.16745186994707148,0.1707351488641174,0.0,0.12500001782976283,0.09207995124061019,0.41209014629381496,Banks—Regional,Financial Services,RNST
2007Q2,2007,Q2,2007-08-09,2007-06-30,7087000.0,34386000.0,0.0,0.41,34386000.0,1.0,2791295000.0,316634000.0,2190659000.0,0.0,2474661000.0,0.0,122863000.0,383204225.1,480088225.1,18.764819563572186,0.0,0.06772662867951972,0.5970458005141583,0.0,18.764819563572186,0.022382308911866697,11.144193133833538,13.517857524340341,1.2102434517455487,0.41512628756878794,0.0,0.007677368377742346,0.012319013217879156,0.0,0.0025389648890568714,5553.684421739131,1.0,-0.06818181818181825,0.1818846447484321,0.29350771102551393,0.8706172190765402,0.03143559901613774,0.01795461074403907,0.0,0.03278686426911474,0.1696182779942961,0.6875318017489135,Banks—Regional,Financial Services,RNST
2007Q1,2007,Q1,2007-05-10,2007-03-31,6962000.0,33338000.0,0.0,0.44,33338000.0,1.0,2754930000.0,258566000.0,2151778000.0,0.0,2496364000.0,0.0,118718000.0,381827019.48,456816019.48,16.712826893944463,0.0,0.0728744469006472,0.7764516603111005,0.0,16.712826893944463,0.02692542716366421,11.453207135401044,13.711111012640044,1.476710083615015,0.3588049411088768,0.0,0.006542229524254096,0.012101214912901599,0.0,0.0025271059518753654,23.53325235624037,1.0,-0.020393029212836422,1.0717712083691926,0.4401013910355606,0.7584871882628272,0.020321968537675216,0.001870772773060872,0.0,0.1842104991439375,0.27790150240574796,0.4465713114266202,Banks—Regional,Financial Services,RNST
