Year,Date,FillingDate,NetIncome,Revenue,OperatingIncome,EPSDiluted,GrossProfit,GrossProfitRatio,TotalAssets,CommonStockEquity,CurrentAssets,CurrentLiability,TotalLiability,Inventory,RetainedEarnings,EnterpriseValue,bookValuePerShare,currentRatio,debtToAssets,debtToEquity,roic,shareholdersEquityPerShare,roe,priceToSalesRatio,peRatio,pbRatio,payoutRatio,inventoryTurnover,dividendYield,assetTurnover,quickRatio,returnOnAssets,priceToFreeCashFlowsRatio,grossProfitMargin,epsdilutedGrowth,fiveYNetIncomeGrowthPerShare,fiveYRevenueGrowthPerShare,fiveYShareholdersEquityGrowthPerShare,grossProfitGrowth,netIncomeGrowth,operatingIncomeGrowth,threeYNetIncomeGrowthPerShare,threeYRevenueGrowthPerShare,threeYShareholdersEquityGrowthPerShare,Industry,Sector,Price,MarketCap,AvgVolume,Symbol
2022,2022-12-31,2023-03-27,-1084000.0,25240000.0,-1083000.0,-0.19,9291000.0,0.3681061807,18732000.0,10771000.0,9964000.0,5718000.0,7961000.0,0.0,-11820000.0,26417842.2,1.9145040881621045,1.7425673312346974,0.19079649797138587,0.3318169157924055,-0.06517432048321194,1.9145040881621045,-0.10064060904280012,1.0932584072900158,-25.45557398523985,2.5618644694085972,-1.0940959409594095,0.0,0.04298060383921453,1.3474268631219304,1.5438964672962574,-0.05786888746530002,5.86728517967255,0.3681061806656101,-0.5833333333333334,-1.1728771934491138,-0.3793900913057777,-0.4353138317837659,-0.09479734996102884,-0.6300751879699248,0.688882505027291,-1.6893633090390503,-0.34309167621222497,-0.372038106159909,Diagnostics & Research,Healthcare,4.2799,24485950,10022,PMD
2021,2021-12-31,2022-03-30,-665000.0,24909000.0,-3481000.0,-0.12,10264000.0,0.412059898,21552000.0,12243000.0,10285000.0,5830000.0,9309000.0,0.0,-9550000.0,42088980.0,2.206343485312669,1.7641509433962264,0.23788975501113585,0.4187699093359471,-0.13278551382156967,2.206343485312669,-0.05431675242995998,1.563851619896423,-58.57741353383458,3.18173486890468,-0.4195488721804511,0.0,0.007162297665090962,1.15576280623608,1.507032590051458,-0.030855605048255384,167.90508620689656,0.4120598980288249,0.8285714285714285,-1.0979812121699832,-0.37124415508606984,-0.228144511747672,1.1006958657388457,0.8276755636175175,0.42614573030003294,-1.1439717846116009,-0.4207136549356201,-0.3518785099686953,Diagnostics & Research,Healthcare,4.2799,24485950,10022,PMD
2020,2020-12-31,2021-03-26,-3859000.0,21360000.0,-6066000.0,-0.7,4886000.0,0.2287453184,24003000.0,12512000.0,9598000.0,3941000.0,11491000.0,0.0,-8606000.0,34186160.0,2.2650253439536567,2.435422481603654,0.37087030787818187,0.7114769820971867,-0.14405535963097715,2.2650253439536567,-0.30842391304347827,1.3163464419475654,-7.286125939362528,2.24721547314578,-0.2573205493651205,0.0,0.03531651134040565,0.8898887639045119,2.2035016493275816,-0.16077157022038913,-5.541418998817501,0.2287453183520599,-3.4999999999999996,-3.498643695524609,-0.22522096928474195,0.04874313638466867,-0.7028703478472391,-3.5025940337224384,-73.21428571428571,-1.62680038958484,-0.4650949956646424,-0.3319270038134542,Diagnostics & Research,Healthcare,4.2799,24485950,10022,PMD
2019,2019-12-31,2020-02-25,1542000.0,37678000.0,84000.0,0.28,16444000.0,0.4364350549,27531000.0,16820000.0,12851000.0,5835000.0,10711000.0,0.0,-3754000.0,49164550.0,3.048758383179264,2.2023993144815766,0.2167374959136973,0.35475624256837096,0.001622385330293845,3.048758383179264,0.09167657550535077,1.3397884707256225,32.73706225680934,3.0012217598097504,2.574578469520104,0.0,0.07864415106412272,1.3685663433947186,1.8959725792630677,0.05600958919036722,19.596486801242236,0.4364350549392218,-0.6626506024096385,-0.5331298178536679,0.25233232833322045,0.27193150843977043,-0.20244446600058202,-0.6636125654450262,-0.9815262810644381,-0.7714836507138517,-0.04341112609348796,0.06656144253020888,Diagnostics & Research,Healthcare,4.2799,24485950,10022,PMD
2018,2018-12-31,2019-03-04,4584000.0,42674000.0,4547000.0,0.83,20618000.0,0.4831513334,24974000.0,18747000.0,13870000.0,4060000.0,6227000.0,0.0,-1326000.0,84955090.0,3.4042128200472126,3.416256157635468,0.0651877953071194,0.0868405611564517,0.13367193425890966,3.4042128200472126,0.24451912305968956,2.0479938604302386,19.065464659685862,4.66187069931189,0.8283158813263525,0.0,0.04344587955822738,1.7087370865700329,3.1534482758620688,0.1835508929286458,13.231807721423165,0.48315133336457794,-0.24545454545454556,0.1591769589449667,0.5281804751127837,0.46932836361928243,0.04015740086772273,-0.25110276098676687,-0.4425646683829839,1.977232521579676,0.5526678341512223,0.5762052461565118,Diagnostics & Research,Healthcare,4.2799,24485950,10022,PMD
2017,2017-12-31,2018-03-16,6121000.0,39701000.0,8157000.0,1.1,19822000.0,0.499282134,26508000.0,18620000.0,13865000.0,4225000.0,7888000.0,0.0,-2113000.0,108127520.0,3.3903860160233066,3.281656804733728,0.1273955032443036,0.1813641245972073,0.27758461331756085,3.3903860160233066,0.3287325456498389,2.844148006347447,18.44723411207319,6.064206229860365,0.537330501552034,0.0,0.029127971070761576,1.497698807907047,2.994792899408284,0.23091142296665157,14.293103797468355,0.49928213395128584,-0.09836065573770482,0.967622693056956,0.5075688228135506,0.5891509736059862,-0.0758974358974359,-0.08340820604971548,-0.19317507418397625,0.8616867108661938,0.32557911033281606,0.41445738151827377,Diagnostics & Research,Healthcare,4.2799,24485950,10022,PMD
2016,2016-12-31,2017-03-07,6678000.0,38980000.0,10110000.0,1.22,21450000.0,0.550282196,25032000.0,15607000.0,10854000.0,4495000.0,9425000.0,0.0,-4945000.0,134192591.6,2.858492967781284,2.4146829810901003,0.13506711409395974,0.2166335618632665,0.3564198694520104,2.858492967781284,0.4278849234317934,3.4568904976911234,20.17813590895478,8.633920138399436,0.48921832884097033,0.0,0.02424497144078914,1.5572067753275807,2.174638487208009,0.26677852348993286,18.78043088501742,0.5502821959979477,3.3571428571428568,0.833159314958584,0.5498943375875498,0.3547266804335261,0.6867263911973799,3.419074945605277,5.871119278824719,0.7032732272226572,0.40794569018760163,0.23378443616490763,Diagnostics & Research,Healthcare,4.2799,24485950,10022,PMD
2015,2015-12-31,2016-02-26,1511176.0,26975406.0,1471376.0,0.28,12716941.0,0.4714272326,22362968.0,11673530.0,8456380.0,3564556.0,10689438.0,0.0,-8296738.0,58009330.480000004,2.159752245685132,2.3723515635607915,0.2634610039239872,0.5047119423173625,0.09399048829336926,2.159752245685132,0.12945321595095913,2.031740485388802,36.26779705342065,4.694982964022023,2.14536228738413,0.0,0.05915336639344592,1.2062533917680336,1.9829541182688672,0.067574930125554,19.702843165697292,0.4714272326429489,-0.5333333333333333,-0.4429865971134124,0.2923797807871749,0.15376680419204658,-0.1599417657330485,-0.5286532062040853,-0.6862497577106649,-0.5064095481988559,0.0408207704827488,0.012324958797449432,Diagnostics & Research,Healthcare,4.2799,24485950,10022,PMD
2014,2014-12-31,2015-02-27,3206081.0,29204818.0,4689641.0,0.6,15138166.0,0.5183448156,24077709.0,12836556.0,10576553.0,3596329.0,11241153.0,0.0,-6565894.0,83769740.05,2.3969516935067197,2.9409303208911086,0.2594965741964902,0.48674138141102646,0.1700441696719664,2.3969516935067197,0.2497617741082577,2.7780967527344287,25.306225903213303,6.3205278775709,1.0019294584260348,0.0,0.03959221190303265,1.212940068342881,2.644371246345927,0.13315556725102043,-24.210758301560627,0.5183448155711842,-0.16666666666666666,1.035673665961814,0.6703730015376919,0.3393204693810326,-0.016621244308022184,-0.15744965455257398,-0.17817367097968673,-0.10273371413783441,0.1838803850414221,0.13598824538103105,Diagnostics & Research,Healthcare,4.2799,24485950,10022,PMD
2013,2013-12-31,2014-02-28,3805210.0,26870297.0,5706365.0,0.72,15394034.0,0.5729015202,16549816.0,12277125.0,9956268.0,2958470.0,4272691.0,0.0,-6559708.0,73872679.39999999,2.3168495921918226,3.365343572860296,0.0,0.0,0.30501099972618767,2.3168495921918226,0.3099430852092815,2.8969978039319773,20.457002740978815,6.340506543673702,0.8354096094565083,0.0,0.04083734162009191,1.6236009512129923,3.0063526079358587,0.22992461064219688,18.561559879679095,0.5729015202176589,0.26315789473684215,0.26240727938791614,0.1532312116214717,0.14508455936669234,0.08015816837463288,0.2770750989468823,0.156143783804811,0.43063438695251344,0.31308870111533094,0.23769018187955376,Diagnostics & Research,Healthcare,4.2799,24485950,10022,PMD
2012,2012-12-31,2013-03-08,2979629.0,25223534.0,4935688.0,0.57,14251648.0,0.5650139271,14120618.0,11222669.0,9573916.0,2083330.0,2897949.0,0.0,-7186009.0,53482655.0,2.1334574702679685,4.5954870327792525,0.0,0.0,0.26539935059346165,2.1334574702679685,0.2655009249582252,2.241892036222997,18.97834931798556,5.038769298105469,1.0593909510210835,0.0,0.05582102706988911,1.786291081594304,4.099573759318015,0.21101264831326788,75.26665495376064,0.5650139270730263,-0.1492537313432837,-0.3424358244687172,0.015857531116995748,-0.19982925384311068,-0.015268483121546108,-0.14606267247454563,-0.1490853295864976,0.9260738478744892,0.4687300001136552,0.19209046566284319,Diagnostics & Research,Healthcare,4.2799,24485950,10022,PMD
2011,2011-12-31,2012-03-09,3489283.0,24089608.0,5800450.0,0.67,14472623.0,0.6007828355,13800852.0,11034629.0,11500301.0,2283700.0,2766223.0,0.0,-7009046.0,42025545.6,2.1100145210593606,5.035819503437404,0.0,0.0,0.315920911737462,2.1100145210593606,0.31621208107676296,1.9755314656842902,13.638841733387633,4.3127665279911085,0.7195922486080951,0.0,0.05276051021594793,1.7455160014758508,4.650038096072164,0.25283098463776005,18.471345837290713,0.6007828354865716,0.3400000000000001,-0.2963041277119614,0.0166896164134991,-0.05165256522917767,0.20188208692292814,0.3349872977977748,0.31396502813592503,0.17296107506128564,0.04761135957150943,0.04285796378297507,Diagnostics & Research,Healthcare,4.2799,24485950,10022,PMD
2010,2010-12-31,2011-03-25,2613720.0,20108862.0,4414463.0,0.5,12041633.0,0.5988222009,11766321.0,9747513.0,10585414.0,2018808.0,2018808.0,0.0,-7987468.0,38978912.8,1.8719140105591365,5.243398084414169,0.0,0.0,0.26674695354484185,1.8719140105591365,0.26814224305215084,2.123412095622318,16.336639272760664,4.380543098531902,0.9565936672635171,0.0,0.05855510740562899,1.709018647374995,4.777453328895071,0.22213570409986266,17.235312462032333,0.5988222008783988,0.7241379310344829,-0.3606682362549539,-0.06895716841731932,0.08525530553877084,0.2530343982056983,0.7113393286824091,0.7081904831187807,-0.4173077401607565,-0.18187700399190043,-0.2979232764445475,Diagnostics & Research,Healthcare,4.2799,24485950,10022,PMD
2009,2009-12-31,2010-03-26,1527295.0,16954994.0,2584292.0,0.29,9609978.0,0.5667933589,10602426.0,9294384.0,9779541.0,1308042.0,1308042.0,0.0,-8100920.0,33330601.15,1.7896774881776216,7.476473232510883,0.0,0.0,0.16149245202364457,1.7896774881776216,0.1643244996118086,2.251311215444842,24.99253133808465,4.106885206163206,1.9734897318461724,0.0,0.0789631792454287,1.599161739020862,6.775689924329647,0.144051465202398,16.14571301374064,0.5667933589360161,-0.49122807017543857,-0.45445749672998936,-0.11611956861021615,0.47183797270125166,-0.2801562596324264,-0.48554949509715917,-0.45094606558286093,-0.6898311393117617,-0.279419091760225,-0.1956282584594648,Diagnostics & Research,Healthcare,4.2799,24485950,10022,PMD
2008,2008-12-31,2009-03-27,2968789.0,22948604.0,4706809.0,0.57,13350089.0,0.5817386103,12627786.0,10559888.0,11583858.0,2067898.0,2067898.0,0.0,-6614114.0,27085531.86,2.0233000028165553,5.601755018864567,0.0,0.0,0.26386953655103723,2.0233000028165553,0.2811383037395851,1.469180907910564,11.356701624803918,3.192803830873964,2.0397657091831047,0.0,0.1796089900546562,1.8173101761464756,4.849646355864747,0.23509972373621155,10.08557115417808,0.5817386103311557,-0.3294117647058824,1.4247433654673007,0.4275623118839156,1.055862027767203,-0.09038259411343147,-0.33786881198442265,-0.3406944070911495,-0.27547153694476845,0.060101226957530764,0.17302239866103516,Diagnostics & Research,Healthcare,4.2799,24485950,10022,PMD
TTM,,,,,,,,,,,,,,,,23429950.0,1.7882145998240986,1.6468048359240068,0.18562573295359355,0.3269722604760968,-0.09093737287527746,1.7882145998240986,-0.13517210449601974,0.9957281119108617,-16.145475447909753,2.3933928290379693,-0.7869940278699403,0.0,0.06542208930115191,1.3732618529066845,1.4588946459412782,-0.08415703356229408,5.921632406287787,0.36822414704566714,,,,,,,,,,,Diagnostics & Research,Healthcare,4.2799,24485950,10022,PMD
