Quarters,Year,Quarter,FillingDate,Date,NetIncome,Revenue,OperatingIncome,EPSDiluted,GrossProfit,GrossProfitRatio,TotalAssets,CommonStockEquity,CurrentAssets,CurrentLiability,TotalLiability,Inventory,RetainedEarnings,MarketCap,EnterpriseValue,bookValuePerShare,currentRatio,debtToAssets,debtToEquity,roic,shareholdersEquityPerShare,roe,priceToSalesRatio,peRatio,pbRatio,payoutRatio,inventoryTurnover,dividendYield,assetTurnover,quickRatio,returnOnAssets,priceToFreeCashFlowsRatio,grossProfitMargin,epsdilutedGrowth,fiveYNetIncomeGrowthPerShare,fiveYRevenueGrowthPerShare,fiveYShareholdersEquityGrowthPerShare,grossProfitGrowth,netIncomeGrowth,operatingIncomeGrowth,threeYNetIncomeGrowthPerShare,threeYRevenueGrowthPerShare,threeYShareholdersEquityGrowthPerShare,Industry,Sector,Symbol
2023Q1,2023,Q1,2023-05-11,2023-03-31,-384000.0,5859000.0,-528000.0,-0.0675,2205000.0,0.376344086,17907000.0,10166000.0,9535000.0,5790000.0,7741000.0,0.0,-12602000.0,29846250.0,28790250.0,1.7882145998240986,1.6468048359240068,0.18562573295359355,0.3269722604760968,-0.023355912604707468,1.7882145998240986,-0.03777296871926028,5.094086021505376,-19.43115234375,2.935889238638599,0.0,0.0,0.0,0.3271904841682024,1.4588946459412782,-0.02144412799463897,-112.20394736842105,0.3763440860215054,0.43749999999999994,-1.2965336437973631,-0.4823874827627393,-0.48772236282750253,-0.017817371937639197,0.4418604651162791,-0.48314606741573035,-1.3437247971324735,-0.2456072644960324,-0.37591219969448686,Diagnostics & Research,Healthcare,PMD
2022Q4,2022,Q4,2023-03-27,2022-12-31,-688000.0,5703000.0,-356000.0,-0.12,2245000.0,0.3936524636,18732000.0,10771000.0,9964000.0,5718000.0,7961000.0,0.0,-11820000.0,27863600.7,26687600.7,1.8959690195388137,1.7425673312346974,0.19079649797138587,0.3318169157924055,-0.039064473734576964,1.8959690195388137,-0.06387522049948936,4.885779537085744,-10.124854905523256,2.5869093584625382,-0.5799418604651163,0.0,0.01431975731693571,0.3044522741832159,1.5438964672962574,-0.036728592782404444,14.900321229946524,0.3936524636156409,-5.976744186046512,-1.2830259880827093,-0.4350580913408678,-0.44078078113280533,-0.037307032590051456,-6.092783505154639,0.050666666666666665,-0.260639071648959,-0.364502019443984,-0.3781176527469896,Diagnostics & Research,Healthcare,PMD
2022Q3,2022,Q3,2022-11-10,2022-09-30,-97000.0,6516000.0,-375000.0,-0.0172,2332000.0,0.357888275,20478000.0,11722000.0,10724000.0,6176000.0,8756000.0,0.0,-10733000.0,36365100.0,36832100.0,2.0791060659808442,1.73639896373057,0.19166910831135853,0.3348404709094011,-0.005043218475967799,2.0791060659808442,-0.008275038389353352,5.580893186003683,-93.72448453608247,3.1022948302337485,-4.061855670103093,0.0,0.01083456390880267,0.3181951362437738,1.4919041450777202,-0.004736790702217013,16.21270619705751,0.3578882750153468,0.7142857142857143,-1.0688187300461156,-0.37250897350058143,-0.34171293546938913,0.025956885173779146,0.7130177514792899,-0.09649122807017543,-1.1402024317474324,-0.3528139415459478,-0.363469217108892,Diagnostics & Research,Healthcare,PMD
2022Q2,2022,Q2,2022-08-10,2022-06-30,-338000.0,6513000.0,-342000.0,-0.0602,2273000.0,0.3489943191,20450000.0,11936000.0,10902000.0,5297000.0,8514000.0,0.0,-10242000.0,35567400.0,38122400.0,2.1276292335115863,2.058146120445535,0.21246943765281173,0.36402479892761397,-0.016707251082251084,2.1276292335115863,-0.028317694369973192,5.460985720865961,-26.307248520710058,2.9798424932975873,-1.1627218934911243,0.0,0.011049444153916227,0.3184841075794621,1.7330564470454974,-0.016528117359413202,123.49791666666667,0.3489943190541993,-9.72463768115942,-1.3638222814433982,-0.343391988991158,-0.2903583635623313,-0.06882425235559197,-9.666666666666666,-33.2,-1.4328083221925134,-0.3104714736480329,-0.3647166487371639,Diagnostics & Research,Healthcare,PMD
2022Q1,2022,Q1,2022-05-11,2022-03-31,39000.0,6508000.0,-10000.0,0.0069,2441000.0,0.3750768285,20968000.0,12461000.0,10525000.0,5324000.0,8507000.0,0.0,-9511000.0,38571000.0,41184000.0,2.229159212880143,1.9768970698722765,0.2260587561999237,0.3803868068373325,-0.0003339864624153901,2.229159212880143,0.003129764866383115,5.926705593116164,247.25000000000003,3.0953374528529016,0.0,0.0,0.0,0.3103777184280809,1.782870022539444,0.0018599771079740558,127.71854304635761,0.3750768285187462,1.023793103448276,-0.9741602046511628,-0.3664512152541402,-0.24720571150254972,0.11716247139588101,1.0240592227020358,-1.0909090909090908,-0.9387225993101147,-0.34724398406119084,-0.33618235087162995,Diagnostics & Research,Healthcare,PMD
2021Q4,2021,Q4,2022-03-30,2021-12-31,-1621000.0,6436000.0,110000.0,-0.29,2185000.0,0.3394965817,21552000.0,12243000.0,10285000.0,5830000.0,9309000.0,0.0,-9550000.0,39234780.0,42369780.0,2.190552871712292,1.7641509433962264,0.23788975501113585,0.4187699093359471,0.004082343975633872,2.190552871712292,-0.1324021890059626,6.096143567433188,-6.051014805675509,3.2046704239157067,-0.17211597779148674,0.0,0.007111037706850912,0.298626577579807,1.507032590051458,-0.07521343726800298,73.33603738317757,0.33949658172778124,-3.2307692307692304,-1.6710892846708572,-0.41588037745489315,-0.23366861615455936,-0.2894308943089431,-3.1935047361299054,-0.8705882352941177,-2.812959378412558,-0.36175794182787735,-0.35651706062198796,Diagnostics & Research,Healthcare,PMD
2021Q3,2021,Q3,2021-11-15,2021-09-30,739000.0,6673000.0,850000.0,0.13,3075000.0,0.4608122284,23633000.0,14027000.0,11672000.0,5342000.0,9606000.0,0.0,-7650000.0,46552800.0,50229800.0,2.5310357271743054,2.18494945713216,0.23886091482249397,0.4024381549868111,0.02843604041208832,2.5310357271743054,0.052684109217936835,6.976292522104001,15.748579161028417,3.318799458187781,0.0,0.0,0.0,0.2823594126856514,1.6694122051666043,0.03126983455337875,-102.08947368421053,0.4608122283830361,5.5,-0.7311544933078353,-0.4451905842927821,-0.006032092251683521,0.2623152709359606,4.514925373134329,3.106280193236715,-0.42405261779919473,-0.39807032754692684,-0.24714196016263906,Diagnostics & Research,Healthcare,PMD
2021Q2,2021,Q2,2021-08-12,2021-06-30,134000.0,6087000.0,207000.0,0.02,2436000.0,0.4001971414,24587000.0,13115000.0,11736000.0,4648000.0,11472000.0,0.0,-8389000.0,38565360.0,44158360.0,2.3669012813571557,2.5249569707401034,0.33529914182291454,0.6285932138772398,0.005190981637870923,2.3669012813571557,0.010217308425467022,6.335692459339576,71.95029850746269,2.9405535646206635,0.0,0.0,0.0,0.24756985398787978,1.9709552495697074,0.005450034571114817,62.606103896103896,0.40019714144898966,1.0,-0.919428764910012,-0.3835591767894677,0.08681731393430805,-0.0514018691588785,0.6144578313253012,0.7692307692307693,-0.8868498166981689,-0.43917217926950813,-0.28605327510358464,Diagnostics & Research,Healthcare,PMD
2021Q1,2021,Q1,2021-05-13,2021-03-31,83000.0,5713000.0,117000.0,0.01,2568000.0,0.4495011378,24380000.0,12812000.0,10627000.0,4330000.0,11568000.0,0.0,-8523000.0,34329400.0,40820400.0,2.3138883872132925,2.4542725173210163,0.35607054963084495,0.6775679050889791,0.003596747926527229,2.3138883872132925,0.0064783015922572585,6.0089970243304744,103.40180722891567,2.6794723696534497,0.0,0.0,0.0,0.23433141919606235,2.0159353348729794,0.0034044298605414272,-74.14557235421167,0.4495011377559951,1.1019367991845055,4.4671665219879095,-0.16081459736258533,0.1394378535976129,1.0109631949882538,1.152854511970534,1.1055004508566275,-0.934192288574775,-0.4817951876964535,-0.3371302997978508,Diagnostics & Research,Healthcare,PMD
2020Q4,2020,Q4,2021-03-26,2020-12-31,-543000.0,5335000.0,-1109000.0,-0.0981,1277000.0,0.2393626992,24003000.0,12512000.0,9598000.0,3941000.0,11491000.0,0.0,-8606000.0,28183330.0,34252330.0,2.259707422792126,2.435422481603654,0.37087030787818187,0.7114769820971867,-0.02053417981537253,2.259707422792126,-0.04339833759590793,5.282723523898782,-12.975750460405155,2.2525039961636826,0.0,0.0,0.0,0.2222638836812065,2.2035016493275816,-0.022622172228471443,27.38904761904762,0.2393626991565136,0.5095,-3.875409117589611,-0.14823535345946337,0.04967016387456373,0.12709620476610767,0.5094850948509485,0.21291696238466998,-1.2291859406161258,-0.45776804147740946,-0.33349553351372957,Diagnostics & Research,Healthcare,PMD
2020Q3,2020,Q3,2020-11-10,2020-09-30,-1107000.0,5174000.0,-1409000.0,-0.2,1133000.0,0.2189795129,23980000.0,12942000.0,8831000.0,3342000.0,11038000.0,0.0,-8063000.0,24374070.0,31830070.0,2.341595802424462,2.642429682824656,0.38636363636363635,0.715886261783341,-0.04025774550244913,2.341595802424462,-0.08553546592489569,4.710875531503672,-5.504532520325204,1.8833310152990264,0.0,0.0,0.0,0.2157631359466222,2.253740275284261,-0.04616346955796497,-13.943975972540045,0.2189795129493622,0.45945945945945943,-2.363759940702467,-0.2834524658561994,0.04077418345398486,5.496031746031746,0.46,0.573805202661827,-1.8011579518726253,-0.4917370237743866,-0.2586033717486151,Diagnostics & Research,Healthcare,PMD
2020Q2,2020,Q2,2020-08-13,2020-06-30,-2050000.0,3314000.0,-3306000.0,-0.37,-252000.0,-0.076041038,25776000.0,13924000.0,9754000.0,3283000.0,11852000.0,0.0,-6956000.0,30652650.0,36646650.0,2.5210936085460802,2.9710630520865062,0.375,0.6941970698075266,-0.07038975315135214,2.5210936085460802,-0.14722780810112038,9.249441762220881,-3.7381280487804873,2.2014255960930766,0.0,0.0,0.0,0.12856921166977034,2.5153822723119097,-0.07953134698944755,-8.375040983606558,-0.07604103802051901,-11.847222222222223,-8.94230748985938,-0.5372706380295653,0.13005209304493245,-1.0923753665689149,-11.89308176100629,-12.661157024793388,-3.2413737001585634,-0.6606362727965057,-0.15912370172298396,Diagnostics & Research,Healthcare,PMD
2020Q1,2020,Q1,2020-05-15,2020-03-31,-159000.0,7537000.0,-242000.0,-0.0288,2728000.0,0.3619477246,25210000.0,15808000.0,10778000.0,4913000.0,9402000.0,0.0,-4906000.0,33377850.0,33606850.0,2.865325357984412,2.1937716262975777,0.22054740182467275,0.3517206477732793,-0.004992332064426228,2.865325357984412,-0.010058198380566801,4.428532572641634,-52.48089622641509,2.1114530617408906,-6.245283018867925,0.0,0.029750268516396353,0.29896866322887744,1.8092814980663545,-0.0063070210234034115,-37.97252559726962,0.36194772455884305,0.68,-1.5581875183817708,0.08694091587452223,0.2352614125333051,-0.21721664275466285,0.7,0.6006600660066007,-1.1067407895595434,-0.25657038562877615,-0.03237034317047925,Diagnostics & Research,Healthcare,PMD
2019Q4,2019,Q4,2020-02-25,2019-12-31,-530000.0,8715000.0,-606000.0,-0.09,3485000.0,0.3998852553,27531000.0,16820000.0,12851000.0,5835000.0,10711000.0,0.0,-3754000.0,50480550.0,49164550.0,3.048758383179264,2.2023993144815766,0.2167374959136973,0.35475624256837096,-0.020421879222368818,3.048758383179264,-0.03151010701545779,5.7923752151463,-23.811580188679248,3.0012217598097504,-1.8716981132075472,0.0,0.019651132961110766,0.3165522501906941,1.8959725792630677,-0.019251026116014675,150.23973214285715,0.3998852553069421,-1.75,-1.7637362772454583,0.25569639877336986,0.27660895055106055,-0.20470104974897307,-1.7828655834564253,-1.4542728635682158,-1.2222819944425574,-0.19872004664614504,0.06656144253020888,Diagnostics & Research,Healthcare,PMD
2019Q3,2019,Q3,2019-10-24,2019-09-30,677000.0,9852000.0,1334000.0,0.12,4382000.0,0.4447827852,26784000.0,18020000.0,13487000.0,4686000.0,8764000.0,0.0,-2232000.0,50259241.41,48615241.41,3.266308750281633,2.8781476739223217,0.18100358422939067,0.2690344062153163,0.025529115784712803,3.266308750281633,0.037569367369589345,5.101425234470158,18.55954261816839,2.7890810993340733,1.466765140324963,0.0,0.0197575604434496,0.367831541218638,2.488903115663679,0.025276284348864995,55.473776390728474,0.44478278522127485,-0.14285714285714296,-0.2806296379870007,0.24592334851326375,0.36519906461115875,0.05109138882225953,-0.11848958333333333,0.006033182503770739,-0.7525907220584889,-0.17715872136396704,0.2827183906258105,Diagnostics & Research,Healthcare,PMD
2019Q2,2019,Q2,2019-07-24,2019-06-30,768000.0,9289000.0,1326000.0,0.14,4169000.0,0.4488104209,25135000.0,18477000.0,13323000.0,4201000.0,6658000.0,0.0,-1916000.0,54673470.0,50413470.0,3.3491027732463294,3.1713877648179003,0.1128704993037597,0.15354224170590464,0.033236510135104265,3.3491027732463294,0.04156518915408346,5.885829475723974,17.797353515625,2.9590014612761815,1.2942708333333333,0.0,0.018180664223434142,0.3695643524965188,2.766722208997858,0.03055500298388701,49.97574954296161,0.44881042092797935,0.2727272727272728,-0.1304622397799876,0.17132131512173407,0.4239640116944164,-0.05421960072595281,0.22488038277511962,0.4046610169491525,-0.5362097559096543,-0.055194921404322334,0.5378177825914479,Diagnostics & Research,Healthcare,PMD
2019Q1,2019,Q1,2019-04-25,2019-03-31,627000.0,9822000.0,944000.0,0.11,4408000.0,0.4487884341,25529000.0,18493000.0,13473000.0,4371000.0,7036000.0,0.0,-1690000.0,77098000.0,76996000.0,3.358089704013074,3.082361015785861,0.12237063731442673,0.16892878386416482,0.02628333108343339,3.358089704013074,0.033904720705131675,7.849521482386479,30.740829346092504,4.169036932893527,1.5805422647527911,0.0,0.012853770525824275,0.38473892436053114,2.806909174102036,0.02456030396803635,321.2416666666667,0.44878843412746894,-0.3125,-0.19929179565424,0.3463247520618204,0.4361121567701737,-0.06866680752165645,-0.2883087400681044,-0.38219895287958117,27.334410196921127,0.4506180384073296,0.6536383283106869,Diagnostics & Research,Healthcare,PMD
2018Q4,2018,Q4,2019-03-04,2018-12-31,881000.0,9936000.0,1528000.0,0.16,4733000.0,0.4763486312,24974000.0,18747000.0,13870000.0,4060000.0,6227000.0,0.0,-1326000.0,87396090.0,84955090.0,3.4042128200472126,3.416256157635468,0.0651877953071194,0.0868405611564517,0.04335275268505547,3.4042128200472126,0.04699418573638449,8.795902777777778,24.800252553916003,4.66187069931189,1.1248581157775255,0.0,0.01133918004798613,0.39785376791863536,3.1534482758620688,0.035276687755265476,24.003320516341663,0.4763486312399356,-0.30434782608695654,-0.02056852998248813,0.47863694134405516,0.47340605719425327,-0.11664800298618888,-0.30901960784313726,-0.2792452830188679,3.690673143033603,0.5949835795486407,0.5813111877411229,Diagnostics & Research,Healthcare,PMD
2018Q3,2018,Q3,2018-10-25,2018-09-30,1275000.0,11016000.0,2120000.0,0.23,5358000.0,0.4863834423,26986000.0,18514000.0,15442000.0,5662000.0,8472000.0,0.0,-1216000.0,104306434.89999999,100950434.89999999,3.3619030325040855,2.7273048392794066,0.09856962869636107,0.14367505671383818,0.060472079550919974,3.3619030325040855,0.06886680350005402,9.46863061909949,20.4522421372549,5.633922161607432,0.779607843137255,0.0,0.009529613402595548,0.40821166530793745,2.487283645354998,0.04724672052175202,-513.8248024630542,0.4863834422657952,0.09523809523809533,0.16908481410800363,0.5061424491000533,0.47911284847700747,0.03596287703016241,0.08326253186066271,0.0311284046692607,0.5764306904351733,0.5311470317210238,0.49427235899684685,Diagnostics & Research,Healthcare,PMD
2018Q2,2018,Q2,2018-07-27,2018-06-30,1177000.0,10787000.0,2056000.0,0.21,5172000.0,0.4794660239,26425000.0,18257000.0,14381000.0,5088000.0,8168000.0,0.0,-1497000.0,105954679.99999999,101132679.99999999,3.315235155256946,2.8264544025157234,0.10970671712393566,0.1587884099249603,0.0549924007737394,3.315235155256946,0.06446842307060306,9.822441828126447,22.50524214103653,5.80350988661883,0.8394222599830077,0.0,0.009324741483811759,0.4082119205298013,2.5385220125786163,0.04454115421002838,55.619254593175846,0.4794660239176787,-0.0869565217391305,0.06676307758411837,0.5063491030829534,0.5091187628189054,-0.03417366946778711,-0.05915267785771383,0.07869884575026233,3.5732955167182054,0.5105503276784813,0.48601718454032455,Diagnostics & Research,Healthcare,PMD
2018Q1,2018,Q1,2018-04-26,2018-03-31,1251000.0,10935000.0,1906000.0,0.23,5355000.0,0.4897119342,27729000.0,19171000.0,15543000.0,5172000.0,8558000.0,0.0,-1685000.0,117309120.0,112163120.0,3.4907137654770577,3.0052204176334105,0.11316672076165747,0.16368473214751447,0.05515010324312045,3.4907137654770577,0.06525481195555788,10.727857338820302,23.44306954436451,6.119092379114287,0.6586730615507594,0.0,0.0070241768073957085,0.3943524829600779,2.773781902552204,0.0451152223304122,92.95492868462757,0.4897119341563786,-0.45238095238095233,0.4604995299778155,0.6320786230926937,0.6194499629746667,0.12123115577889447,-0.4676595744680851,-0.020554984583761562,3.411768970050434,0.5841586197226952,0.5048706439836355,Diagnostics & Research,Healthcare,PMD
2017Q4,2017,Q4,2018-03-16,2017-12-31,2350000.0,9759000.0,1946000.0,0.42,4776000.0,0.4893944052,26508000.0,18620000.0,13865000.0,4225000.0,7888000.0,0.0,-2113000.0,112915520.0,108127520.0,3.3903860160233066,3.281656804733728,0.1273955032443036,0.1813641245972073,0.10457571999254699,3.3903860160233066,0.12620837808807733,11.570398606414592,12.012289361702127,6.064206229860365,0.35106382978723405,0.0,0.0073063472585522355,0.3681530104119511,2.994792899408284,0.08865248226950355,66.30388725778039,0.4893944051644636,0.6799999999999999,7.275636938344755,0.6558019163772597,0.5928088195143001,-0.06736965436438196,0.7228739002932552,-0.12813620071684587,2.4017928814720224,0.41252138207615485,0.4196589528898757,Diagnostics & Research,Healthcare,PMD
2017Q3,2017,Q3,2017-10-26,2017-09-30,1364000.0,10049000.0,2232000.0,0.25,5121000.0,0.5096029456,25452000.0,17232000.0,12376000.0,4550000.0,8220000.0,0.0,-3639000.0,100554080.0,96420080.0,3.158357771260997,2.72,0.057755775577557754,0.08530640668523677,0.0725110447556435,3.158357771260997,0.07915506035283194,10.006376753905862,18.43,5.8353110492107705,0.6041055718475073,0.0,0.008194595385885885,0.3948216250196448,2.423076923076923,0.05359107339305359,28.664218928164196,0.509602945566723,0.5625,0.5004388256547381,0.503286477763002,0.4332580403877214,0.11108700368843567,0.503858875413451,0.30526315789473685,0.4655526775002727,0.28502908728196885,0.3200794550304283,Diagnostics & Research,Healthcare,PMD
2017Q2,2017,Q2,2017-08-04,2017-06-30,907000.0,9684000.0,1710000.0,0.16,4609000.0,0.4759396943,23628000.0,16421000.0,10079000.0,3364000.0,7207000.0,0.0,-4179000.0,136651150.0,135295150.0,2.998174182946869,2.9961355529131986,0.06792788217369224,0.0977406978868522,0.05067180150853949,2.998174182946869,0.05523415139151087,14.111023337463857,37.665697353914,8.321731319651665,0.9051819184123484,0.0,0.006007999200884882,0.4098527171152869,2.611771700356718,0.03838665989503978,-101.22307407407408,0.47593969434118133,-0.40740740740740744,-0.129767563379552,0.355510653914393,0.3823101428082418,-0.13299473288186606,-0.3953333333333333,-0.24603174603174602,0.034414873082503294,0.23004813642101798,0.27475698011183197,Diagnostics & Research,Healthcare,PMD
2017Q1,2017,Q1,2017-05-02,2017-03-31,1500000.0,10209000.0,2268000.0,0.27,5316000.0,0.5207170144,25695000.0,16451000.0,11827000.0,4655000.0,9244000.0,0.0,-4264000.0,111388897.8,107614897.8,2.961179763105619,2.5407089151450055,0.1204514496983849,0.1881344599112516,0.07749374742541715,2.961179763105619,0.09117986748525926,10.910852953276521,18.5648163,6.770949960488724,0.546,0.0,0.007352617865655908,0.3973146526561588,2.289151450053706,0.05837711617046118,27.57833567714781,0.5207170143990597,-0.3720930232558139,0.7082528111059743,0.5408294084316126,0.3853767862705704,-0.16905339769782773,-0.36431735311916763,-0.37633676494770635,0.898827634313354,0.3871411365238547,0.2663706544514768,Diagnostics & Research,Healthcare,PMD
2016Q4,2016,Q4,2017-03-07,2016-12-31,2359668.0,10763721.0,3636578.0,0.43,6397523.0,0.5943597943,25032000.0,15607000.0,10854000.0,4495000.0,9425000.0,0.0,-4945000.0,134749591.6,134192591.6,2.858492967781284,2.4146829810901003,0.13506711409395974,0.2166335618632665,0.125303961775518,2.858492967781284,0.1511929262510412,12.518866997760346,14.27632950906653,8.633920138399436,0.3470386512000841,0.0,0.006077168696962492,0.42999844199424736,2.174638487208009,0.0942660594439118,55.664444047872806,0.5943597943499279,-0.12244897959183673,4.163685870714951,0.86070788801363,0.3562229387474129,-0.0995605843299474,-0.12863748102396547,-0.11390202230194862,1.6459511567846627,0.6156421532643948,0.23720844606821895,Diagnostics & Research,Healthcare,PMD
2016Q3,2016,Q3,2016-10-27,2016-09-30,2708021.0,11849163.0,4104036.0,0.49,7104890.0,0.5996111287,25928555.0,13902817.0,12186422.0,5497524.0,12025738.0,0.0,-6486010.0,108213275.64,109327372.64,2.5463958216799805,2.216711013903714,0.2015501828003913,0.3758882102814127,0.14274757519894848,2.5463958216799805,0.194782179755369,9.13256705473627,9.990069836976891,7.783550315018891,0.3024197375131138,0.0,0.007568008593737455,0.4569928019513621,1.8888350464681918,0.10444164744236614,34.921037356730785,0.599611128651028,0.6333333333333334,1.3629683469601348,0.7999491527742657,0.2003405622649771,0.3639263257213996,0.657544123812934,0.7308347788460443,1.5045288892523776,0.6340599228995206,0.12031987262572803,Diagnostics & Research,Healthcare,PMD
2016Q2,2016,Q2,2016-07-28,2016-06-30,1633755.0,9700052.0,2371131.0,0.3,5209145.0,0.5370223788,23542649.0,11854245.0,9470353.0,4726579.0,11688404.0,0.0,-8375072.0,74788881.0,78170281.0,2.1778280958636085,2.0036379377135134,0.24047017818598068,0.47757617629802657,0.09469193271111684,2.1778280958636085,0.1378202492018682,7.71015258474903,11.444323200235042,6.30903790161246,0.4993184412595524,0.0,0.010907557234343432,0.41202041452514543,1.637549271894112,0.06939554677980375,43.80894643735795,0.5370223788491031,70.76744186046513,0.43679761032387415,0.49746776172158774,0.0803935513987928,0.9022294428729913,70.68755331854632,1359.8143266475645,0.49810832157973944,0.3704518794544849,-0.008637068640394915,Diagnostics & Research,Healthcare,PMD
2016Q1,2016,Q1,2016-04-28,2016-03-31,-23444.0,6667064.0,-1745.0,-0.0043,2738442.0,0.4107418198,22365721.0,11011706.0,8361094.0,4146166.0,11354015.0,0.0,-9133563.0,74559938.75,78652943.75,2.030728029534493,2.016584478286687,0.2725915252184358,0.5536568084908914,-6.571781697766656e-05,2.030728029534493,-0.0021290070766509747,11.183324286372532,-795.0855096186658,6.770970706083145,-34.69463402149804,0.0,0.01090908889728668,0.2980929610988172,1.651581485160025,-0.0010482112336105776,-1441.9699218674455,0.41074181978754065,-1.1433333333333333,-1.0262482364506933,0.06808277642783933,0.050476590959819,0.032732097171268584,-1.1267661228837618,-1.0153567248374122,-1.0277206563330423,0.007823770392491011,-0.0578825268442461,Diagnostics & Research,Healthcare,PMD
2015Q4,2015,Q4,2016-02-26,2015-12-31,184939.0,6133991.0,113631.0,0.03,2651648.0,0.4322875596,22362968.0,11673530.0,8456380.0,3564556.0,10689438.0,0.0,-8296738.0,54984565.74,58186871.74,2.15277855898185,2.3723515635607915,0.2634610039239872,0.5047119423173625,0.014301035202494294,2.15277855898185,0.015842594313802253,8.963913664040264,74.32797535944285,4.710191839143772,4.398104239776359,0.0,0.014792896680245745,0.2742923479566755,1.9829541182688672,0.008269877236331062,24.764855084931266,0.43228755960026677,-0.8,-0.5737086186936801,0.15237844462687208,0.15109462644827143,-0.2328923421673321,-0.7677768918299566,-0.7938419838021423,-0.34038616476878053,0.05408074834903517,0.011378839755102739,Diagnostics & Research,Healthcare,PMD
2015Q3,2015,Q3,2015-10-29,2015-09-30,796385.0,7084265.0,551184.0,0.15,3456683.0,0.4879381277,23328449.0,12199956.0,9498694.0,3654782.0,11128493.0,0.0,-7668297.0,54496537.050000004,59071321.050000004,2.2498596137862306,2.5989769020423106,0.26991412931052555,0.516123008968229,0.045569945674475774,2.2498596137862306,0.0652776944441439,7.692616954617028,17.107472218211043,4.466945376688244,1.0213414366167117,0.0,0.014925370381859884,0.3036749249810821,2.0822727593602024,0.034137931758772305,-185.05834649198766,0.48793812766744327,1.9999999999999998,-0.06335164536129168,0.3337143933688247,0.18618897467256776,0.05717301242728019,2.1561374237602493,0.5480696314521157,-0.11854831587696728,0.06631426792992923,0.02098293313846841,Diagnostics & Research,Healthcare,PMD
2015Q2,2015,Q2,2015-07-31,2015-06-30,252329.0,7001409.0,356046.0,0.05,3269742.0,0.4670119972,22776664.0,12045520.0,8796475.0,3786283.0,10731144.0,0.0,-7651301.0,80071174.1,83515234.1,2.230953443706279,2.323248156569385,0.24358791085472395,0.4605961386473975,0.015703933262967273,2.230953443706279,0.020947954094136242,11.43643716571907,79.33211610635321,6.647382105546295,3.206123751134432,0.0,0.010103486168313847,0.307393962522343,1.819483910737787,0.011078400243336776,138.6113004551065,0.4670119971565723,0.0,-0.7212858735607471,0.24506645516562844,0.21016336965715657,-0.02070342403473273,-0.09077838874035211,-0.2096911312608903,-0.7544144319574172,-0.005874306705815216,0.02858252562800312,Diagnostics & Research,Healthcare,PMD
2015Q1,2015,Q1,2015-05-01,2015-03-31,277522.0,6755741.0,450515.0,0.05,3338868.0,0.4942267621,22919598.0,12468048.0,9521992.0,3156707.0,10451550.0,0.0,-7094632.0,89172261.99,92324761.99,2.319610512327209,3.0164319970146103,0.257338806727762,0.4730573703277369,0.01631761707316592,2.319610512327209,0.02225865668787929,13.199479078608844,80.32900273671997,7.1520627759854625,2.905211118397821,0.0,0.00904160085218446,0.2947582675751992,2.5553926924481747,0.01210850207756698,320.49721990001115,0.49422676209759964,-0.6153846153846154,-0.4701150061065356,0.46326723537050635,0.3004147641748781,-0.04098039288901501,-0.5895270395191266,-0.5295717731577684,-0.6733351287513926,0.05387348676677513,0.0852210314976005,Diagnostics & Research,Healthcare,PMD
2014Q4,2014,Q4,2015-02-27,2014-12-31,676103.0,6761813.0,957670.0,0.13,3481543.0,0.5148830646,24077709.0,12836556.0,10576553.0,3596329.0,11241153.0,0.0,-6565894.0,81432174.15,84068104.15,2.3881693621709594,2.9409303208911086,0.2594965741964902,0.48674138141102646,0.03647074635237355,2.3881693621709594,0.05267012429190509,12.042949745874369,30.11086112249169,6.3437711914317205,1.192510608590703,0.0,0.009901000537144567,0.2808329064862442,2.644371246345927,0.028080038678098485,40.5534070824886,0.5148830646455322,-0.23529411764705885,0.19716135569293847,0.5307261323636577,0.33544618409459664,-0.12294357811928072,-0.2626207874359254,-0.23029936240718013,0.5028674533532479,0.18734746007804717,0.13307610237152595,Diagnostics & Research,Healthcare,PMD
2014Q3,2014,Q3,2014-10-31,2014-09-30,916900.0,7704047.0,1244211.0,0.17,3969577.0,0.5152586686,23427505.0,12860109.0,9876347.0,4055036.0,10567396.0,0.0,-6435737.0,76110863.76,80097215.76,2.392551265929819,2.4355756644330655,0.28163750258510245,0.5130643916004134,0.04844307253921662,2.392551265929819,0.07129799599676799,9.879335336349843,20.752225913403862,5.918368480391574,0.8793303522739666,0.0,0.010593205229444897,0.3288462429097764,2.0638603455061806,0.03913775709363844,159.95995006431113,0.5152586685932731,0.06250000000000006,0.149772997900832,0.5894111597367987,0.3268142106971278,0.020125599323407337,0.06999611398510244,-0.05720735192936619,-0.18731668221064554,0.18873481592262972,0.12782007704492154,Diagnostics & Research,Healthcare,PMD
2014Q2,2014,Q2,2014-07-30,2014-06-30,856919.0,7694137.0,1319708.0,0.16,3891263.0,0.505743919,22700839.0,12589238.0,9790876.0,4082281.0,10111601.0,0.0,-6546379.0,75793722.24,79392549.24,2.3519574552036144,2.398383648749314,0.26198824633750323,0.4724156458079512,0.04611546810969006,2.3519574552036144,0.06806758280366135,9.850841262639332,22.1122773097574,6.020517067037735,0.9355551691583451,0.0,0.010577327202132142,0.33893623931696976,1.9902228680485248,0.03774834049085146,-19.408151443235926,0.5057439190386134,0.14285714285714277,3.754210211021261,0.8917400075141408,0.3391347932942975,0.025154500442859995,0.13325239797450006,0.12983668535304935,-0.23364718027664735,0.20787962111047056,0.16677697041035813,Diagnostics & Research,Healthcare,PMD
2014Q1,2014,Q1,2014-05-01,2014-03-31,756159.0,7044821.0,1168052.0,0.14,3795782.0,0.5388046055,18024209.0,12434802.0,8758661.0,3432832.0,5589407.0,0.0,-6601603.0,91094530.67999999,89938685.67999999,2.3383199481894517,2.5514388702971775,0.05841826401369403,0.08467710221682662,0.055988421761308846,2.3383199481894517,0.06080989468107333,12.930709052792114,30.117518498093652,7.325772511697411,1.0554050140248281,0.0,0.00876072354775537,0.3908532685123658,2.107464041351281,0.04195240967301256,-47.205842620470214,0.5388046055393033,-0.12499999999999993,18.15867190452545,0.6858872817997418,0.24575879448808716,0.039438495717957524,-0.12878785260254466,0.13056801738364524,-0.13672443733342174,0.15082199864900234,0.20959100973775838,Diagnostics & Research,Healthcare,PMD
2013Q4,2013,Q4,2014-02-28,2013-12-31,867939.0,6483916.0,1033155.0,0.16,3651762.0,0.563203163,16549816.0,12277125.0,9956268.0,2958470.0,4272691.0,0.0,-6559708.0,78059222.53999999,74088710.53999999,2.3104376444126444,3.365343572860296,0.0,0.0,0.07067646860855248,2.3104376444126444,0.07069562295732917,12.038900957384394,22.48407507324823,6.358102775690562,0.918341035487517,0.0,0.0102110163804355,0.39178175757361894,3.0063526079358587,0.052444027172265845,45.4601282517186,0.5632031630267881,-0.20000000000000004,3.9085576378261297,0.3129735771279033,0.13570307482636182,-0.1255468083251837,-0.17496292775665398,-0.40599344908494744,1.0415859553343734,0.243053413054141,0.23539522731265702,Diagnostics & Research,Healthcare,PMD
2013Q3,2013,Q3,2013-10-30,2013-09-30,1052000.0,7055202.0,1739299.0,0.2,4176052.0,0.5919110466,15064139.0,12073982.0,9556703.0,2175538.0,2990157.0,0.0,-6630583.0,70385391.25,67542650.25,2.272918551120507,4.392799849968146,0.0,0.0,0.08711547455296922,2.272918551120507,0.08712949878507356,9.976382143275274,16.726566361692015,5.829509373957987,0.7573250950570343,0.0,0.011319195444551854,0.468344191460262,3.7398776762345682,0.0698347247061382,68.68288002006268,0.5919110466291397,0.0,0.18480788409847312,0.11870305457432187,-0.14774384715276462,0.02380588725183865,-0.010279172774021898,0.0043771535682174765,0.2630060664372455,0.35585637055145775,0.1983462919851594,Diagnostics & Research,Healthcare,PMD
2013Q2,2013,Q2,2013-08-09,2013-06-30,1062926.0,6898737.0,1731719.0,0.2,4078949.0,0.5912602553,14128260.0,11654685.0,9202222.0,1658956.0,2473575.0,0.0,-6885877.0,58570467.839999996,55841292.839999996,2.1968020257493643,5.546995821468442,0.0,0.0,0.09118581003565175,2.1968020257493643,0.0912016069074368,8.490027644190523,13.77576327985203,5.025486989995868,0.7472523957453294,0.0,0.01356099804716875,0.488293462889273,4.773769768456789,0.0752340344812454,49.820833431153886,0.5912602553191982,0.25000000000000006,0.013202511118860802,0.09370855219927554,-0.18620807101725428,0.16966791511184534,0.29255482796150034,0.4404679119475092,0.19486893732517274,0.24853895951658073,0.19163819821088468,Diagnostics & Research,Healthcare,PMD
2013Q1,2013,Q1,2013-05-10,2013-03-31,822345.0,6432442.0,1202192.0,0.16,3487271.0,0.5421379625,13707977.0,11365156.0,8991849.0,1528202.0,2342821.0,0.0,-7154529.0,62955405.18,60442740.18,2.1554934362190377,5.883940081219629,0.0,0.0,0.06724357629533713,2.1554934362190377,0.07235668388537737,9.787170281519833,19.138988253105445,5.539334891663607,0.9617192297636636,0.0,0.01256230497983112,0.4692480881752282,5.05823641115507,0.059990252390998325,227.86564927990503,0.542137962534291,2.1999999999999997,-0.08506751815208223,0.1156830434482127,-0.18266894977851725,0.2610189557607309,2.0165289256198347,1.5921712543501416,0.6006374023208754,0.4203037593111911,0.20840782262581659,Diagnostics & Research,Healthcare,PMD
2012Q4,2012,Q4,2013-03-08,2012-12-31,272613.0,5658184.0,463778.0,0.05,2765439.0,0.4887502775,14120618.0,11222669.0,9573916.0,2083330.0,2897949.0,0.0,-7186009.0,56678601.0,53612816.0,2.1285580381562346,4.5954870327792525,0.0,0.0,0.02426789048710832,2.1285580381562346,0.024291280443181563,10.017101069883907,51.977162681163406,5.050367341316045,2.901042870295987,0.0,0.013953449556738353,0.40070370857706084,4.099573759318015,0.019306024707983743,515.8978464283114,0.4887502774741861,-0.7058823529411765,-0.702305437518977,-0.048955788182444115,-0.1992176991502768,-0.2561431077200088,-0.6896768399088882,-0.6758959407500171,-0.5078934699394642,0.30582249644755616,0.19027350183221045,Diagnostics & Research,Healthcare,PMD
2012Q3,2012,Q3,2012-11-09,2012-09-30,878481.0,6459775.0,1430954.0,0.17,3717703.0,0.5755158655,14352025.0,11618434.0,10551926.0,2251068.0,2733591.0,0.0,-6667760.0,63532757.400000006,59869258.400000006,2.2036211779468586,4.6875198794527755,0.0,0.0,0.07558735253538752,2.2036211779468586,0.07561096443806455,9.835134722184597,18.080287849139594,5.468272006365058,0.9002630677271335,0.0,0.01244812963210062,0.45009502143425756,4.00113945913673,0.06120955056864798,-242.9550952198853,0.5755158654906711,-0.1052631578947368,-0.28146748380171227,-0.011201893545537658,-0.16084220924556772,-0.09399140124765255,-0.12243517767450782,-0.14012919508457772,0.12304005120354222,0.35864960014251607,0.2220410636663031,Diagnostics & Research,Healthcare,PMD
2012Q2,2012,Q2,2012-08-14,2012-06-30,1001044.0,6861720.0,1664150.0,0.19,4103386.0,0.5980112858,14121187.0,11409727.0,11514389.0,2228937.0,2711460.0,0.0,-6755377.0,54130153.98,49368296.98,2.1689591142374947,5.165865612172977,0.0,0.0,0.08771045448004745,2.1689591142374947,0.08773601682143665,7.8887150714398135,13.518425259029572,4.744211143702211,0.7887295663327486,0.0,0.014586195344866817,0.48591665842255327,4.537339547954922,0.07088950808455408,57.94030867871211,0.5980112858000618,0.1875,-0.2612635001391226,0.038379509090271755,-0.14086033711609047,0.11957753088575544,0.20973400314927895,0.20870333220511822,4.651163465176614,0.7166455048628547,0.23494096744056886,Diagnostics & Research,Healthcare,PMD
2012Q1,2012,Q1,2012-05-10,2012-03-31,827491.0,6243855.0,1376806.0,0.16,3665120.0,0.5869963348,13014959.0,11190476.0,10631424.0,1341960.0,1824483.0,0.0,-6966868.0,51411844.04,46686036.04,2.1374544401578324,7.922310650093893,0.0,0.0,0.0739186243880658,2.1374544401578324,0.07394600551397457,8.233990706062201,15.532448099133404,4.59424997113617,0.9490290528839589,0.0,0.015274943248271786,0.47974450015555176,7.136623297266684,0.06357999283747263,-1642.7608652862984,0.5869963347963718,0.911589008363202,-0.2090003409645295,0.08051233536385462,-0.09830439387310781,0.1549392439917553,0.8884382958912613,0.8481584942030522,20.29603733858509,0.517730377762711,0.13874607651787998,Diagnostics & Research,Healthcare,PMD
2011Q4,2011,Q4,2012-03-09,2011-12-31,438188.0,5546942.0,744961.0,0.0837,3173431.0,0.5721045938,13800852.0,11034629.0,11500301.0,2283700.0,2766223.0,0.0,-7009046.0,47642340.199999996,42078107.199999996,2.1076866392050153,5.035819503437404,0.0,0.0,0.03968064565254199,2.1076866392050153,0.03971026121494434,8.588937868829348,27.181449628926394,4.317529859862076,1.4337453330533927,0.0,0.013186799753384071,0.40192750418597345,4.650038096072164,0.031750793356815944,17.593878413955053,0.5721045938464834,-0.6014285714285714,-0.631377361294089,-0.053404127323831214,-0.05105130774467642,-0.19535448150517498,-0.6014244327510381,-0.5878368434505782,1.5152195708899665,0.1400475437306481,0.03604016438370512,Diagnostics & Research,Healthcare,PMD
2011Q3,2011,Q3,2011-11-04,2011-09-30,1099385.0,6315142.0,1807442.0,0.21,3943887.0,0.624512798,12845938.0,11111022.0,10897180.0,1734916.0,1734916.0,0.0,-6818984.0,37344109.39,33842584.39,2.121394462314154,6.281099488390216,0.0,0.0,0.09890314501719427,2.121394462314154,0.09894544354245721,5.9134235445537096,8.492045414026933,3.360996800294338,0.5717596656312393,0.0,0.0168322129049976,0.4916061404001794,5.590448183082063,0.08558230625120564,-84.73701149972997,0.6245127979703385,0.0,-0.22615609772005105,-0.022511384301996562,0.002816613824191859,0.05491238412750041,0.005637464302767416,0.028143889017193734,0.25578727186762046,0.01559970418477164,-0.20455949368181542,Diagnostics & Research,Healthcare,PMD
2011Q2,2011,Q2,2011-08-16,2011-06-30,1093222.0,6227785.0,1757966.0,0.21,3738592.0,0.6003084564,12474167.0,10548943.0,10850201.0,1925224.0,1925224.0,0.0,-7289785.0,49767732.0,47149419.0,2.01577294962929,5.635812248340972,0.0,0.0,0.10352661269209261,2.01577294962929,0.10363332136688956,7.991241187677481,11.380975684719115,4.717793242413007,0.5749847697905823,0.0,0.012630392721131034,0.4992545794841451,5.035351730499931,0.08763887801085235,79.28522474729371,0.6003084563773476,0.31249999999999994,-0.22926947487472515,-0.004784167997322094,0.02636157928004743,0.03369883095506887,0.27342723485942727,0.17977881739314844,0.056437665573859756,0.0009397058496506086,-0.2532691895572677,Diagnostics & Research,Healthcare,PMD
2011Q1,2011,Q1,2011-05-06,2011-03-31,858488.0,5999739.0,1490081.0,0.16,3616713.0,0.6028117223,11815451.0,10075599.0,10434347.0,1739852.0,1739852.0,0.0,-7754421.0,57592743.650000006,54873564.650000006,1.933149245790446,5.997261261302685,0.0,0.0,0.08507876297608004,1.933149245790446,0.0852046612811804,9.599208173888899,16.771563391101566,5.7160615115786175,0.7285378479373037,0.0,0.010859718783340164,0.5077875571571495,5.30746005982118,0.07265808135466009,-180.83572850499718,0.6028117223099205,1.0,-0.07707434546070083,0.1739395128256766,0.0731769799224656,0.17345700222023872,1.0587785289300198,1.1985280990552745,-0.03374350711573597,0.052738529471936864,-0.2669785596432625,Diagnostics & Research,Healthcare,PMD
2010Q4,2010,Q4,2011-03-25,2010-12-31,416989.0,5116237.0,677763.0,0.08,3082101.0,0.6024156035,11766321.0,9747513.0,10585414.0,2018808.0,2018808.0,0.0,-7987468.0,42738506.599999994,39018018.599999994,1.8702012063285338,5.243398084414169,0.0,0.0,0.04254868161009735,1.8702012063285338,0.042779014503494375,8.353504069494825,25.623281789207866,4.384554973150586,1.5000539582578918,0.0,0.014635654115251655,0.43482045067442915,4.777453328895071,0.03543919972946514,28.306458654833257,0.6024156034992124,-0.5,-0.5491408289979874,-0.0019911636188982436,0.0864513474315939,0.018523499957700605,-0.48983933797261453,-0.492839274850773,-0.5393679987527434,-0.1300797067318808,-0.296413817143112,Diagnostics & Research,Healthcare,PMD
2010Q3,2010,Q3,2010-11-12,2010-09-30,817368.0,5106262.0,1336387.0,0.16,3026048.0,0.5926151067,11421893.0,9887250.0,10396861.0,1534643.0,1534643.0,0.0,-7778951.0,48479365.5,45606405.5,1.8967126333367543,6.774774980239704,0.0,0.0,0.08236442884185902,1.8967126333367543,0.08266889175453235,9.494100674818487,14.827888264527116,4.903220359553972,0.7653101173522819,0.0,0.012903221680985077,0.44705916961400355,6.01179557721242,0.07156151786748484,58.72976504152205,0.5926151067062364,-0.058823529411764754,-0.1754742455848381,-0.05449276326159423,0.15376425386520143,-0.10469171379584277,-0.06366073269640525,-0.14577893459111216,-0.32381059192225603,-0.20944878884356807,-0.27771560782972493,Diagnostics & Research,Healthcare,PMD
2010Q2,2010,Q2,2010-08-13,2010-06-30,872940.0,5422120.0,1564451.0,0.17,3379895.0,0.6233530427,11062381.0,9597492.0,10128599.0,1464889.0,1464889.0,0.0,-7970779.0,41544558.300000004,38870194.300000004,1.843514272241041,6.91424333174732,0.0,0.0,0.09058986175044102,1.843514272241041,0.09095501199688419,7.662050692349119,11.897884820262561,4.32868902625811,0.7165899145416638,0.0,0.01505708630918336,0.4901404137138289,6.115665419018097,0.07891067935555646,252.4262114095795,0.6233530427212972,0.7000000000000001,-0.2790078937173891,-0.04230471360589204,0.1856570952304095,0.32358613700168665,0.7237334723472821,0.8716595901481463,-0.34907130374080614,-0.17090389425075325,-0.2697712833874017,Diagnostics & Research,Healthcare,PMD
2010Q1,2010,Q1,2010-05-14,2010-03-31,506424.0,4464243.0,835863.0,0.1,2553589.0,0.572009409,10538777.0,9270754.0,9590300.0,1268023.0,1268023.0,0.0,-8218178.0,39967613.81,36781155.81,1.7837466754685898,7.563190888493348,0.0,0.0,0.054096829037632355,1.7837466754685898,0.05462597756342149,8.952831154128484,19.730311858245265,4.311150291551259,1.2315411591867684,0.0,0.015604684406852257,0.4236016190493451,6.637527868185356,0.04805339367177045,-1779.5811839351709,0.5720094089860251,-0.09090909090909087,-0.47295103225177876,-0.17472487715881815,0.28778762714834943,0.012499682799484867,-0.07262449114878142,-0.12954512319580114,-0.5123624847763378,-0.2217940272023611,-0.24751774377248814,Diagnostics & Research,Healthcare,PMD
2009Q4,2009,Q4,2010-03-26,2009-12-31,546083.0,4271340.0,960260.0,0.11,2522064.0,0.5904620096,10602426.0,9294384.0,9779541.0,1308042.0,1308042.0,0.0,-8100920.0,38200515.15,33360148.15,1.788293224103288,7.476473232510883,0.0,0.0,0.058079454089448306,1.788293224103288,0.05875408203491485,8.943449865850061,17.488419869323895,4.110064222653163,1.1420992779485903,0.0,0.016326507575906344,0.40286440103425386,6.775689924329647,0.051505476199503776,20.181245826447853,0.5904620095801317,-0.26666666666666666,-0.012366437670753344,-0.07651397388346201,0.47115880965316537,-0.12736241082679794,-0.2892376214685295,-0.24573267049091865,-0.5372462002336794,-0.2657483390533799,-0.19485255311864036,Diagnostics & Research,Healthcare,PMD
2009Q3,2009,Q3,2009-11-13,2009-09-30,768306.0,4669894.0,1273103.0,0.15,2890162.0,0.6188924203,10552226.0,9338108.0,9723839.0,1214118.0,1214118.0,0.0,-8023322.0,32106979.0,28490656.0,1.8032300578637437,8.008973592352637,0.0,0.0,0.08153503254013428,1.8032300578637437,0.08227640973953182,6.875312159119671,10.447327952664695,3.4382745412668174,0.8117130414183932,0.0,0.01942393895109222,0.44255060496240317,6.942751857727173,0.07280985073670712,110.65915427909685,0.6188924202562199,4.0,-0.0505682822016858,-0.05069382375623742,0.5159195131003805,0.37246002281290097,3.4059043129698763,3.2720430324018146,-0.4530311364903251,-0.2689275254361172,-0.14758471717687963,Diagnostics & Research,Healthcare,PMD
2009Q2,2009,Q2,2009-08-13,2009-06-30,174381.0,3934923.0,298008.0,0.03,2105826.0,0.535163204,10328549.0,9095214.0,9427978.0,1233335.0,1233335.0,0.0,-8167985.0,35628389.6,30674267.6,1.7563261495265563,7.644296156356545,0.0,0.0,0.018727713994017802,1.7563261495265563,0.019172830897656725,9.054405791422095,51.07837092343777,3.9172678729714328,5.066457928329347,0.0,0.02479747218212748,0.3809753916063137,6.31058309380663,0.016883397658277073,98.55845751670148,0.5351632039559605,1.9999999999999996,-0.820918058178507,-0.2714325583997022,0.5776375333880815,0.006644594502864824,3.5264373783257623,4.631186107594338,-0.8757624326733892,-0.36455278351798004,-0.10573972088948198,Diagnostics & Research,Healthcare,PMD
2009Q1,2009,Q1,2009-05-18,2009-03-31,38525.0,4078837.0,52921.0,0.01,2091926.0,0.5128731548,11126486.0,9743160.0,10151215.0,1383326.0,1383326.0,0.0,-7458871.0,29587257.900000002,24100182.900000002,1.8770246363384693,7.338266612497705,0.0,0.0,0.0030579966706654393,1.8770246363384693,0.003954055973626626,7.253846598920232,192.00037573004542,3.0367209303757714,22.927501622323167,0.0,0.029853459316349824,0.36658806742757777,5.9485551489670545,0.0034624588571809645,-164.0501117240997,0.5128731547742653,-0.6996996996996997,-0.9159995663743525,-0.03060725463946017,0.867262395430429,-0.19532951498809492,-0.7769614654254088,-0.8216154084700743,-0.9584136537390341,-0.19864428006073584,0.04201971723198351,Diagnostics & Research,Healthcare,PMD
2008Q4,2008,Q4,2009-03-27,2008-12-31,172728.0,4824017.0,296668.0,0.0333,2599730.0,0.5389139383,12627786.0,10559888.0,11583858.0,2067898.0,2067898.0,0.0,-6614114.0,33532225.62,26902106.62,2.0343676931277908,5.601755018864567,0.0,0.0,0.013679264599499195,2.0343676931277908,0.016356991665063114,6.95110021793041,48.533280099346946,3.175433832252766,20.223073271270437,0.0,0.10417116476505445,0.38201605570446,4.849646355864747,0.013678407283747127,27.2731252048602,0.5389139383215275,-0.8041176470588236,-0.5321556535940332,0.22019196602759966,1.0407487809273246,-0.2882586342509636,-0.8022700345141405,-0.7832321835922601,-0.8124769394051451,-0.05513841867598425,0.18182017736423367,Diagnostics & Research,Healthcare,PMD
2008Q3,2008,Q3,2008-11-14,2008-09-30,873555.0,6204647.0,1368598.0,0.17,3652633.0,0.5886931199,15705007.0,13938076.0,14745265.0,1766931.0,1766931.0,0.0,-3293751.0,76825683.89999999,69914930.89999999,2.6669429648904175,8.345127795029914,0.0,0.0,0.059832375126892705,2.6669429648904175,0.06267400177757676,12.381958860834466,21.98650454178615,5.511928898938418,1.016012729593443,0.0,0.011552685963137908,0.3950744498235499,7.56851569189742,0.0556227068220982,112.24243844070232,0.5886931198503316,-0.15,1.476737540962455,0.4799896653743187,1.462049174794245,-0.03267134533898305,-0.154351403678606,-0.1750464135021097,-0.12105494592274044,0.14594485560073528,0.6222929113803854,Diagnostics & Research,Healthcare,PMD
2008Q2,2008,Q2,2008-08-12,2008-06-30,1033000.0,6211000.0,1659000.0,0.2,3776000.0,0.6079536307,15843000.0,14102000.0,12640000.0,1741000.0,1741000.0,0.0,-3279000.0,85673600.0,78555600.0,2.6994640122511484,7.260195290063182,0.0,0.0,0.07016460901980064,2.6994640122511484,0.0732520209899305,13.793849621639028,20.734172313649562,6.075280102113175,0.861568247821878,0.0,0.010388264296119224,0.39203433693113676,6.429638139000574,0.06520229754465695,70.62951360263808,0.607953630655289,0.1764705882352941,1.5852233552348025,0.45276312925304535,1.3578786621568577,0.1366646598434678,0.16067415730337078,0.19956616052060738,-0.14973456697969229,0.09327103093783908,0.7361615842300554,Diagnostics & Research,Healthcare,PMD
2008Q1,2008,Q1,2008-05-14,2008-03-31,890000.0,5709000.0,1383000.0,0.17,3322000.0,0.5818882466,15331000.0,13769000.0,14279000.0,1562000.0,1562000.0,0.0,-3422000.0,92933800.0,86623800.0,2.6372342463129668,9.141485275288092,0.0,0.0,0.05979551272537724,2.6372342463129668,0.06463795482605854,16.278472587143106,26.105000000000004,6.749495242937033,0.8820224719101124,0.0,0.008446872935358287,0.3723827538973322,8.117797695262484,0.058052312308394756,430.2490740740741,0.581888246628131,0.0,7.518982770273562,0.5588781002598808,1.2893597471548,-0.021426690366090108,-0.018542922205742076,-0.0664337363711476,-0.07794913026965937,0.05060426105843526,0.9039685842170166,Diagnostics & Research,Healthcare,PMD
2007Q4,2007,Q4,2008-03-24,2007-12-31,906815.0,5891412.0,1481416.0,0.17,3394738.0,0.5762180611,15560768.0,13877931.0,14455467.0,1682837.0,1682837.0,0.0,-3527269.0,83797050.0,77700316.0,2.6580982570388816,8.589938894854344,0.0,0.0,0.060650450866351444,2.6580982570388816,0.06534223293083097,14.223593596917004,23.102024668758236,6.038151508319215,0.8644199754084351,0.0,0.009354374646840193,0.3786067628538643,8.038256824636017,0.058275722637854376,33.437059701617606,0.5762180611371264,-0.2608695652173913,5.941964613534119,0.7500708294909406,1.1848631072799354,-0.1318156453012896,-0.2503238649844702,-0.22622430895536186,0.6326160655358078,0.2679839833663452,1.1867133505062217,Diagnostics & Research,Healthcare,PMD
2007Q3,2007,Q3,2007-11-09,2007-09-30,1209609.0,6463516.0,1914529.0,0.23,3910158.0,0.6049583539,15362673.0,13698185.0,14273451.0,1664488.0,1664488.0,0.0,-3650216.0,89304528.32000001,84691989.32000001,2.625991443117898,8.575280206285656,0.0,0.0,0.08373474006913587,2.625991443117898,0.08830432644908796,13.816710335365459,18.457313131764067,6.51944241664133,0.6483309896007718,0.0,0.008781491988736814,0.4207286062783475,7.826042602890499,0.07873688387431016,96.48816898943222,0.6049583539361548,-0.07999999999999996,1.807851274304246,0.5005152032176713,0.952709598897289,-0.048525432179516284,-0.09212505403977328,-0.09392382071085084,0.48392706096579946,0.3043860504457869,1.2075894600897605,Diagnostics & Research,Healthcare,PMD
2007Q2,2007,Q2,2007-08-14,2007-06-30,1332352.0,6497290.0,2112989.0,0.25,4109577.0,0.6325063219,14634977.0,13057705.0,13535817.0,1577272.0,1577272.0,0.0,-4075598.0,105729004.27520001,101497009.27520001,2.5245710423342116,8.581789951257614,0.0,0.0,0.09737375770446775,2.5245710423342116,0.10203569463393453,16.272785157381,19.838789650782978,8.09705873085661,0.5871864192045345,0.0,0.00739947382804878,0.4439562836347471,7.717710705572659,0.09103888581444303,95.28801104136457,0.6325063218665012,0.24999999999999994,-0.46933359611928677,-0.6553668978568492,-0.5300425513097154,0.2597852626738706,0.287409810910911,0.29622877053932106,0.3699354601878932,0.20446523902259747,1.2677211935634858,Diagnostics & Research,Healthcare,PMD
2007Q1,2007,Q1,2007-05-14,2007-03-31,1034909.0,5716606.0,1630105.0,0.2,3262125.0,0.5706401666,13587536.0,12277326.0,12532233.0,1310210.0,1310210.0,0.0,-4625612.0,87581117.5,83793134.5,2.370483371144471,9.565056746628404,0.0,0.0,0.07958754508237369,2.370483371144471,0.08429433249552874,15.32047468375466,21.15671945552701,7.133566177195262,0.6262743874099075,0.0,0.0074004193883458955,0.42072425787869117,8.370194091023576,0.07616605394826553,-1317.8614367184796,0.5706401665603682,-0.13043478260869565,19.042130487518143,0.6267170454781921,0.8849134760277579,-0.04041910487064245,-0.11994765141420266,-0.09483969699628297,1.2615387383737295,0.36164740509051374,1.3581546945306373,Diagnostics & Research,Healthcare,PMD
