Quarters,Year,Quarter,FillingDate,Date,NetIncome,Revenue,OperatingIncome,EPSDiluted,GrossProfit,GrossProfitRatio,TotalAssets,CommonStockEquity,CurrentAssets,CurrentLiability,TotalLiability,Inventory,RetainedEarnings,MarketCap,EnterpriseValue,bookValuePerShare,currentRatio,debtToAssets,debtToEquity,roic,shareholdersEquityPerShare,roe,priceToSalesRatio,peRatio,pbRatio,payoutRatio,inventoryTurnover,dividendYield,assetTurnover,quickRatio,returnOnAssets,priceToFreeCashFlowsRatio,grossProfitMargin,epsdilutedGrowth,fiveYNetIncomeGrowthPerShare,fiveYRevenueGrowthPerShare,fiveYShareholdersEquityGrowthPerShare,grossProfitGrowth,netIncomeGrowth,operatingIncomeGrowth,threeYNetIncomeGrowthPerShare,threeYRevenueGrowthPerShare,threeYShareholdersEquityGrowthPerShare,Industry,Sector,Symbol
2023Q1,2023,Q1,2023-05-12,2023-03-31,451277.0,34577638.0,1634821.0,0.0152,-75641.0,-0.0021875699,414375811.0,349013235.0,199018830.0,24746002.0,67007474.0,415718.0,-37950132.0,26045593.2774,30363923.2774,12.460741583802307,8.042463990748889,0.015202002223049646,0.01804900607852307,0.0015913070490397782,12.460741583802307,0.0012930082723080687,0.753249637161451,14.428828234875695,0.07462637706962602,0.0,83.3576583164549,0.0,0.08344511692551475,7.823940691510491,0.0010890524688469327,9.41279969837805,-0.0021875698970531187,13.66666666666667,1.0331250999873607,8.761593926732719,3.9637348989561993,-1.4670004692169016,7.4919799174255175,0.5604797449505555,1.3246760015290449,1.2763185613928274,3.6882866116685906,Other Industrial Metals & Mining,Basic Materials,GLG
2022Q4,2022,Q4,2023-03-10,2022-12-31,-69513.0,17104235.0,1047640.0,-0.0012,161972.0,0.0094697015,363097798.0,299220101.0,148566325.0,61979512.0,65123629.0,458157.0,-38800375.0,61978090.589999996,66959178.589999996,5.64856895133981,2.3970231485527025,0.016177859057134793,0.01963151867260415,-0.0003985104460138123,5.64856895133981,-0.0002323139380265098,3.6235523301685224,-222.90107817962107,0.2071321090490508,0.0,36.979164347592636,0.0,0.04710641346274427,2.324440550612919,-0.00019144428961808245,115.21247595483561,0.009469701509596893,-1.06,0.9995670757065912,-0.7532160660571494,1.9633814461905228,2.3522232054899734,-1.0533107041678873,-0.6110011621991928,0.9951130096831684,3.4700397581397513,12.294409789843254,Other Industrial Metals & Mining,Basic Materials,GLG
2022Q3,2022,Q3,2022-11-10,2022-09-30,1303922.0,37888555.0,2693170.0,0.02,-119782.0,-0.0031614296,260981896.0,234476297.0,180243581.0,22969854.0,26505599.0,469486.0,-37877553.0,66741244.129999995,70589134.13,4.250989370491377,7.846962414301806,0.02503060212268517,0.027860103914895927,0.006669949325883612,4.250989370491377,0.005560997067434923,1.761514634960346,12.796249340451345,0.28463962022566397,0.0,80.95733845098682,0.0,0.14517694744619375,7.6141427368236645,0.0049962162892708845,21.29412662207554,-0.0031614296190498685,-0.6,1.006801571182188,2.751730664543604,10.08194888254716,-1.2727717823236453,-0.08514100125519988,-0.005371687936138035,1.1040586490318822,1.1038148518098843,0.4692993029784387,Other Industrial Metals & Mining,Basic Materials,GLG
2022Q2,2022,Q2,2022-08-09,2022-06-30,1425271.0,53683395.0,2707715.0,0.05,439129.0,0.0081799782,274621691.0,246364253.0,188158600.0,24249276.0,28257438.0,1505869.0,-39181475.0,53804792.096,56567667.096,5.767065805214184,7.759349186342718,0.02435456199998419,0.027147976699363117,0.006733121169202432,5.767065805214184,0.0057852183612043745,1.0022613528075115,9.437642402041437,0.21839528844308434,0.0,35.35783391516792,0.0,0.195481262985887,7.484935344049035,0.005189943280918767,-16.389778835673898,0.008179978185060763,0.3404825737265416,1.004883592350906,1.4068671810969842,6.234519727442062,-0.2115298291730857,-0.10577234971518774,-0.03132636754587464,1.0483253952892926,2.4992017801094972,0.5928294697639528,Other Industrial Metals & Mining,Basic Materials,GLG
2022Q1,2022,Q1,2022-05-13,2022-03-31,1593857.0,48159116.0,2795281.0,0.0373,556938.0,0.0115645395,279130880.0,245652228.0,186605653.0,28957218.0,33478652.0,133857.0,-40606746.0,54174436.68,55336604.68,6.189548277182012,6.444184417163279,0.016968778230484566,0.019281363896280233,0.0071742024024730395,6.189548277182012,0.006488266005061432,1.124905130733712,8.497380360973413,0.22053305651272173,0.0,355.61963886834457,0.0,0.1725323833751393,6.20324960084218,0.005710070487364207,14.684953094403205,0.011564539515218677,19.650000000000002,1.0208723113445997,5.937281862757789,0.9222550169106802,0.11581975801846817,8.326326579392513,0.46606236353747577,1.0226891222852759,2.1361565729507466,2.342550322792398,Other Industrial Metals & Mining,Basic Materials,GLG
2021Q4,2021,Q4,2022-03-16,2021-12-31,-217552.0,56938532.0,1906659.0,-0.002,499129.0,0.0087661024,227436233.0,195872355.0,134258763.0,26799020.0,31563878.0,0.0,-42200603.0,211890518.056,213644960.056,1.9185996453841243,5.009838531408985,0.02666905760789663,0.0309666466204483,-0.006559421401548024,1.9185996453841243,-0.001110682515661794,3.7213906051529393,-243.49410492204163,1.08177858001452,0.0,0.0,0.0,0.25034943310901564,4.887147365836512,-0.0009565406405583582,34.44393045363337,0.008766102364563948,-1.094944220270591,0.9983953744708268,36.7017180276761,-0.652815074024827,-0.7471169152792091,-1.4754039968095451,5.838695678655175,0.997654654809014,1.0676034322999381,-0.3706350558720948,Other Industrial Metals & Mining,Basic Materials,GLG
2021Q3,2021,Q3,2021-11-12,2021-09-30,457615.0,54773806.0,-394044.0,0.021065,1973754.0,0.0360346330506958,218785528.0,190655986.0,127050884.0,23816601.0,28129542.0,0.0,-41418576.0,70085684.315,69941289.315,9.337522752915993,5.334551475250394,0.01895461293948108,0.021751192223253876,-0.0008065751371225393,9.337522752915993,0.002400213125225452,1.2795474595101168,38.28856370256657,0.3676028525797244,0.0,0.0,0.0,0.25035388081061744,5.051447013786728,0.0020916145788216853,14.813429820304505,0.0360346330506958,0.20454025617566332,1.0228121950197693,11.947455768816342,0.5793411483204306,4.289920560897952,0.2787685549494769,0.7656227137383286,1.034722704170251,17.44662468251558,1.4765437449677976,Other Industrial Metals & Mining,Basic Materials,GLG
2021Q2,2021,Q2,2021-08-16,2021-06-30,357856.0,59839647.0,-1681238.0,0.017488,373116.0,0.006235264054950057,186587444.0,149256906.0,93497746.0,32795296.0,37330538.0,883961.0,-41876191.0,97789245.35,100755702.35,7.707875979636037,2.8509499045228925,0.05285978406992917,0.0660805068544031,-0.005184862234508359,7.707875979636037,0.0023975842029044874,1.634188205522001,68.31605823990655,0.6551740081628116,0.0,67.27279936558287,0.0,0.32070564726745493,2.6458049044594687,0.0019178996846111467,236.41491112916248,0.006235264054950057,1.186,1.0059472471045168,5.810576046243921,0.2675909087254479,1.2944887894031265,1.2827398798208796,-0.19426040567850458,-0.9982722717081627,27.29412420991496,0.6570400368883922,Other Industrial Metals & Mining,Basic Materials,GLG
2021Q1,2021,Q1,2021-06-25,2021-03-31,156766.0,29582257.0,-1407765.0,0.008,162614.0,0.0054970112659084806,205139861.0,146185402.0,112409992.0,54282058.0,58954459.0,0.0,-40539005.0,184553879.4,186890789.4,7.8418047049733275,2.070849856134784,0.03886573268176291,0.054539720730801836,-0.002569074538167454,7.8418047049733275,0.0010723779382567898,6.238667975874863,294.3142636158351,1.2624644928636581,0.0,0.0,0.0,0.14420530878686713,1.875960395606224,0.0007641908268622645,-19.832053749485002,0.0054970112659084806,1.2756821521012949,-0.9963117863034922,-0.5155640880628647,0.25433821165358317,1.0673489056330894,1.0594036069750716,0.6813164822423128,1.0172892398014524,11.54777557735606,2.865140218070114,Other Industrial Metals & Mining,Basic Materials,GLG
2020Q4,2020,Q4,2021-06-04,2020-12-31,-2638998.0,15877484.0,-4417439.0,-0.02901892610393049,-2414501.0,-0.15207075629866798,167178482.0,120029226.0,78282311.0,42255795.0,47149256.0,0.0,-39255945.0,741011820.3000001,739965054.3000001,1.28774240917463,1.8525816636511039,0.009889113600158183,0.013773703747785561,-0.0356803143190967,1.28774240917463,-0.021986295237794835,46.67060727631658,-70.19821730634128,6.173594923456393,0.0,0.0,0.0,0.09497325140205544,1.8215666987214416,-0.015785512396266403,25.62861459038311,-0.15207075629866798,-1.290189261039305,0.9993224409010646,-0.9915247050373875,-0.672029519574927,-1.6902155518406121,-3.2335202641971255,-2.3778214930020987,0.99065930245752,-0.8698065200113549,1.2196285740970307,Other Industrial Metals & Mining,Basic Materials,GLG
2020Q3,2020,Q3,2020-11-13,2020-09-30,1181542.0,7212829.0,3206104.0,0.1,3498184.0,0.4849947225977491,100365677.0,93908570.0,99718153.0,6457107.0,6457107.0,0.0,-35703655.0,148907855.6,146155956.6,8.009240574947881,15.443162549420352,0.0021487226156009487,0.002296467723872273,0.025552498362320333,8.009240574947881,0.012581833585582231,20.6448614822284,31.507101651909114,1.585668438993374,0.0,0.0,0.0,0.07186549441598446,14.03849308986207,0.011772371146363115,41.93576298222175,0.4849947225977491,1.2222222222222223,1.0013460823718314,0.8640988506641545,-0.8237448445876513,0.8341949786179139,1.2710919972999601,1.2649447240014893,1.0289935796348384,2.3598840186268015,19.87937345967426,Other Industrial Metals & Mining,Basic Materials,GLG
2020Q2,2020,Q2,2020-08-14,2020-06-30,-4358454.0,3709479.0,1415533.0,-0.45,1907204.0,0.514143360833152,95545667.0,88780643.0,92032769.0,6630733.0,6780669.0,0.0,-36885197.0,89274074.8,90106852.8,9.348044727090244,13.879727776702817,0.024285475970354575,0.026136012553997834,0.018964285110943137,9.348044727090244,-0.04909239055635135,24.066472623244394,-5.120742056701757,1.005557875943746,0.0,0.0,0.0,0.03882414678208275,13.13651492225671,-0.045616448519847586,-36.412834581436705,0.514143360833152,-8.0,0.9043997911085775,-0.7881361126316083,-0.9242924349243955,4.816667988264213,-31.11759504211403,15.558753046930443,0.9328262328908578,-0.2519160279263178,10.726693655896899,Other Industrial Metals & Mining,Basic Materials,GLG
2020Q1,2020,Q1,2020-06-26,2020-03-31,-135703.0,1483060.0,-97229.0,-0.05,327886.0,0.2210874812886869,12614181.0,7268155.0,8877001.0,5157000.0,5358867.0,0.0,-32526743.0,25154254.893999998,28000717.893999998,2.6578455235200416,1.7213498157843707,0.2278042466649242,0.39536361015966226,-0.014156357656667895,2.6578455235200416,-0.018670900661859852,16.961050054616805,-46.340638921026056,3.460885863606376,0.0,0.0,0.0,0.11757085140921951,1.6649094434748886,-0.010757971524270977,-160.66949133553484,0.2210874812886869,0.8137921360556076,0.9789755284885607,-0.7041931791803827,-0.9792966730689071,4.970862146222131,0.963038228576129,0.6906283906974376,0.9742084200584644,2.100536607912883,-0.17456708261009746,Other Industrial Metals & Mining,Basic Materials,GLG
2019Q4,2019,Q4,2020-05-29,2019-12-31,-3671442.0,987653.0,-314279.0,-0.26851712350307394,-82573.0,-0.0836052743220544,11388400.0,5809434.0,7879880.0,5435414.0,5587538.0,0.0,-32391040.0,104598603.0,105672728.0,0.42488301779709237,1.4497294962260465,0.3091573882195919,0.6060500902497559,-0.03382050195862157,0.42488301779709237,-0.6319792943684359,105.90622718707887,-7.122446915952915,18.004955904482262,0.0,0.0,0.0,0.0867244740262021,1.419075529481287,-0.32238435601138,-622.2551577669902,-0.0836052743220544,-0.07406849401229576,0.9752647615543767,-0.9892981198677988,-0.9969135599353096,-1.6049392665093993,-8.345706227344927,0.2515954964137051,0.7978044351975832,5.623933429818717,-0.92311424666585,Other Industrial Metals & Mining,Basic Materials,GLG
2019Q3,2019,Q3,2019-11-14,2019-09-30,-392848.0,564614.0,-419932.0,-0.25,136498.0,0.24175454381223277,8281871.0,5003107.0,3602725.0,3130755.0,3279250.0,0.0,-28719598.0,3916771.6350000002,4704832.635,2.8932085939700185,1.150752773691969,0.2758866927533645,0.45668781419226095,-0.057619925452441115,2.8932085939700185,-0.0785208071704243,6.93707849079194,-2.492549048868774,0.7828678529161979,0.0,0.0,0.0,0.0681746914435156,1.0941066931139614,-0.04743469199170091,-9.41074678881889,0.24175454381223277,0.6428571428571428,0.981916349777972,-0.8664999251821267,-0.9793972821144415,-0.1808170344542001,0.62220123596651,0.5760831819099536,0.7687668485735891,0.5758754394161778,-0.5106450068135907,Other Industrial Metals & Mining,Basic Materials,GLG
2019Q2,2019,Q2,2019-08-19,2019-06-30,-1039834.0,540895.0,-990600.0,-0.7,166627.0,0.30805794100518585,8034039.0,5453187.0,2570708.0,2581343.0,2581343.0,0.0,-28326750.0,3441525.33,6775775.33,3.620642331579178,0.9958800515855506,0.5777213677952023,0.8511419102260751,-0.09751819827794636,3.620642331579178,-0.19068372311457502,6.362649553055584,-0.8274218120392294,0.6311034868233935,0.0,0.0,0.0,0.06732541378004264,0.9339924992532956,-0.12942854770807063,-1.3865422111670318,0.30805794100518585,0.6045197740112994,0.9408224686308523,0.86438498444022,-0.9811097953199013,0.026356961588686032,0.4317306672874907,0.43074167360568777,0.7778191394266516,-0.2085149043878621,-0.40457094595429793,Other Industrial Metals & Mining,Basic Materials,GLG
2019Q1,2019,Q1,2019-04-05,2019-03-31,-1829826.0,399999.0,-1740159.0,-1.77,162348.0,0.40587101467753667,2941747.0,1914348.0,997264.0,1027399.0,1027399.0,0.0,-27286916.0,11992172.799999999,12468579.799999999,1.8517442310370977,0.9706686496677532,0.27855556579134777,0.4280517439880314,-0.6365376539804842,1.8517442310370977,-0.9558481530003949,29.980506951267376,-1.638430757897199,6.264364055020299,0.0,0.0,0.0,0.1359732839023886,0.9260452852299836,-0.6220201805253817,-10.290265747947037,0.40587101467753667,-13.706301005747127,-1.6755297828265128,-0.9415531762927302,-0.9909448259854675,-0.27683344023946976,-1.190894113477555,-2.1082482513235643,-1.7762865986987082,-0.881883103918524,-0.7038036989462602,Other Industrial Metals & Mining,Basic Materials,GLG
2018Q4,2018,Q4,2019-04-05,2018-12-31,-835196.0,247954.0,-559852.0,-0.12035657364202566,224496.0,0.905393742387701,3211580.0,2802223.0,1572038.0,409357.0,409357.0,0.0,-25457090.0,7606570.325,6302742.325,3.048469196266847,3.8402616786814443,0.06791049888217014,0.07783106483673854,-0.16205136319386135,3.048469196266847,-0.2980476571636162,30.677344688934237,-2.2768818112754374,2.7144771579563796,0.0,0.0,0.0,0.07720623493732057,3.7178501894434444,-0.2600576663200045,7.03687218941699,0.905393742387701,0.8148360405507298,-1.1914582433205927,-0.9447470146590481,-0.9863130579300305,1.083760302962798,-0.31523408034745526,0.11571132978471356,0.9782562898022913,-0.986579108004408,-0.22359634990860136,Other Industrial Metals & Mining,Basic Materials,GLG
2018Q3,2018,Q3,2018-11-15,2018-09-30,-635017.0,143072.0,-633110.0,-0.65,107736.0,0.753019458734064,5343384.0,3709395.0,3707038.0,1633989.0,1633989.0,0.0,-24621894.0,18825472.240000002,19172163.240000002,3.7703847436126785,2.268704379282847,0.26158067621567155,0.3768069995241812,-0.12415988739387934,3.7703847436126785,-0.17119152853767258,131.58040874524715,-7.4114048285321505,5.075078884831624,0.0,0.0,0.0,0.026775541492058217,1.5164606371279121,-0.1188417302593263,-35.95426281763577,0.753019458734064,-1.060747663551402,-1.1059788969084663,-0.9850841151979403,-0.9823495713670796,0.2738064272032916,-1.0668209083443716,-0.7620749350121626,0.9913780738144508,-0.5593290453183453,-0.9170271210196322,Other Industrial Metals & Mining,Basic Materials,GLG
2018Q2,2018,Q2,2018-08-17,2018-06-30,9503268.0,97036.0,-359298.0,10.7,84578.0,0.8716146584772662,4148019.0,4132773.0,2271960.0,15246.0,15246.0,0.0,-23986877.0,24876992.0,22605032.0,4.651593086495345,149.02007083825265,0.0,0.0,-0.0869431477694639,4.651593086495345,2.299489471112979,256.3686879096418,0.6544325594100893,6.019443119668077,0.0,0.0,0.0,0.023393335469292693,149.02007083825265,2.2910377218619296,-11.51728588822993,0.8716146584772662,23.52631578947368,0.9608000097092606,-0.9885903164626721,-0.9768139490029469,0.0,25.62637277207967,0.0,3.2282146264351677,-0.9407573366187032,-0.962327866780469,Other Industrial Metals & Mining,Basic Materials,GLG
2018Q1,2018,Q1,2018-04-16,2018-03-31,-385898.0,100337.0,0.0,-0.475,0.0,0.0,7310041.0,-3335716.0,0.0,0.0,11760282.0,0.0,-81920294.0,21818115.0,19552970.0,-4.204404917656727,0.0,0.0,0.0,0.0,-4.204404917656727,0.11568670714173508,217.44834906365548,-14.134638557338986,-6.540759165348609,0.0,0.0,0.0,0.013725914806770578,0.0,-0.05279012798970621,-35.84697015999448,0.0,0.2364694346658952,-1.1115391572725355,-0.9857020840175366,-1.021886768058426,0.0,0.8221255074911408,0.0,0.7939284304892663,-0.9310204294634419,-1.0327502741565129,Other Industrial Metals & Mining,Basic Materials,GLG
2017Q4,2017,Q4,2018-04-16,2017-12-31,-2169496.0,936465.0,0.0,-0.62211,0.0,0.0,7165284.0,-4196597.0,0.0,0.0,12437745.0,0.0,-81534396.0,24693133.5,22194939.5,-5.863273549304709,0.0,0.0,0.0,0.0,-5.863273549304709,0.516965531834484,26.36845317230222,-2.845491936836943,-5.884085009830584,0.0,0.0,0.0,0.13069474985220406,0.0,-0.30277878727486585,395.9898248821322,0.0,0.8209755395683452,-1.5541078171282336,-0.8047013809717913,-1.0277627407092207,0.0,0.1374774777640131,1.0,0.7207805784783844,-0.8061550080935848,-1.0425920586015407,Other Industrial Metals & Mining,Basic Materials,GLG
2017Q3,2017,Q3,2017-11-14,2017-09-30,-2515292.0,132502.0,-2515235.0,-3.475,0.0,0.0,7714013.0,277606.0,0.0,0.0,8488264.0,0.0,-78764900.0,51925044.5,48894576.5,0.3835958291764199,0.0,0.0,0.0,-9.060448981650252,0.3835958291764199,-9.060654308624454,391.8812131137643,-5.160936036452228,187.04582934086437,0.0,0.0,0.0,0.017176792416605986,0.0,-0.32606789747437553,-91.00476624457784,0.0,0.4908424908424908,-1.6016738856697783,-0.9800450117122378,0.0,0.0,0.4682117392108671,0.4682009661557926,0.7233344823917639,-0.9251386985814615,-0.9972683903030463,Other Industrial Metals & Mining,Basic Materials,GLG
2017Q2,2017,Q2,2017-08-21,2017-06-30,-4729875.0,361476.0,-4729672.0,-6.825,0.0,0.0,6758934.0,551899.0,0.0,0.0,7239879.0,0.0,-76249608.0,55386560.0,53479975.0,0.7971594552902365,0.0,0.0,0.0,-8.569814404447191,0.7971594552902365,-8.570182225370946,153.22333986212087,-2.9274853986627556,100.3563333146101,0.0,0.0,0.0,0.053481214641243724,0.0,-0.6997960033342536,-175.82700012063262,0.0,-2.5454545454545454,-1.7363189670548367,-0.9588522679299994,0.0,0.0,-2.6806160253432285,-2.6807301580878176,0.41441107484576145,1.7105190130970327,-0.9958409298975023,Other Industrial Metals & Mining,Basic Materials,GLG
2017Q1,2017,Q1,2017-04-06,2017-03-31,-1285077.0,116826.0,-1284982.0,-1.925,0.0,0.0,20270298.0,2150602.0,0.0,0.0,19135491.0,0.0,-71519733.0,17365426.0,16284658.0,3.2199412787224455,0.0,0.0,0.0,-0.5974987468625064,3.2199412787224455,-0.5975429205403883,148.6435040145173,-3.3782851144328316,8.074681414785255,0.0,0.0,0.0,0.005763408115657698,0.0,-0.06339704527284207,-47.83231418435028,0.0,-3.5525494276795,-1.2858550852583899,-0.9840994582055299,0.0,0.0,-0.6602633006899047,-0.6570064630604887,-1.734330644883861,-0.9735777796024594,-0.9842542354895966,Other Industrial Metals & Mining,Basic Materials,GLG
2016Q4,2016,Q4,2017-04-06,2016-12-31,-774020.0,-9105.0,-775484.0,-0.42284,0.0,0.0,21212612.0,3220884.0,0.0,0.0,18999681.0,0.0,-70234656.0,16028182.5,15259681.5,5.526160561248913,0.0,0.0,0.0,-0.24076744148500848,5.526160561248913,-0.24031290788491608,-1760.3714991762768,-5.176927760264593,4.976330255917319,0.0,0.0,0.0,-0.0004292257832274498,0.0,-0.03648867004214285,-47.794672809410926,0.0,0.5663179487179487,-1.2427689446063197,-1.0023318096563327,-0.9738334973646815,0.0,-0.23953270504207735,-0.2424163774844835,-1.2798382937843296,-1.0031998813627738,-0.9751887801379827,Other Industrial Metals & Mining,Basic Materials,GLG
2016Q3,2016,Q3,2016-11-14,2016-09-30,-624445.0,131689.0,-624174.0,-0.975,0.0,0.0,22452591.0,3757816.0,0.0,0.0,19744216.0,0.0,-69460635.0,31779700.0,30612339.0,5.912289920924364,0.0,0.0,0.0,-0.16610020288380273,5.912289920924364,-0.1661723192407505,241.32387670952016,-12.723178182225817,8.456960106615119,0.0,0.0,0.0,0.00586520281779506,0.0,-0.027811712242921095,127.67700386087976,0.0,0.6854838709677419,-1.1700756457056671,-0.9774184511465743,0.0,0.0,0.635285404816292,0.6354864782158767,-1.1613116967680321,-0.9787488960252777,-0.9723225987790252,Other Industrial Metals & Mining,Basic Materials,GLG
2016Q2,2016,Q2,2016-08-22,2016-06-30,-1712147.0,250008.0,-1712348.0,-3.1,0.0,0.0,21574820.0,3350457.0,0.0,0.0,19277893.0,0.0,-68836191.0,24932569.0,23562948.0,6.080728353744854,0.0,0.0,0.0,-0.5110789363958409,6.080728353744854,-0.5110189445797991,99.72708473328854,-3.6405415247639366,7.4415427507351986,0.0,0.0,0.0,0.011587952993350583,0.0,-0.07935857634038199,-176.0986064711159,0.0,-2.3626373626373627,-1.3349063120459945,-0.964240922978053,0.0,0.0,-2.5145363545975323,-2.5140619100713284,-1.5696298794843404,-0.9525991632706284,-0.9696903673456573,Other Industrial Metals & Mining,Basic Materials,GLG
2016Q1,2016,Q1,2016-04-14,2016-03-31,1130476.0,1624129.0,1130963.0,2.275,0.0,0.0,21484845.0,3099666.0,0.0,0.0,19470560.0,0.0,-67124044.0,4834128.0,4583861.0,6.25174664386214,0.0,0.0,0.0,0.36486608557180034,6.25174664386214,0.36470897186987244,2.9764433736482756,1.0690470209009302,1.5595641594933132,0.0,0.0,0.0,0.07559416881992866,0.0,0.05261736819604703,-23.750610454118906,0.0,1.273352734368429,-0.6612520448587783,-0.7022227599324812,0.0,0.0,1.0547838618097298,1.060365752635577,-0.4771378786531102,-0.6296578421396569,-0.9674554350891316,Other Industrial Metals & Mining,Basic Materials,GLG
2015Q4,2015,Q4,2016-04-14,2015-12-31,-20635201.0,9925301.0,-18735176.0,-8.32258,0.0,0.0,24446840.0,1938961.0,0.0,0.0,23586179.0,0.0,-68254520.0,4074072.75,6386400.75,3.9263973010791227,0.0,0.10711932503341945,1.3505836373191622,-4.527671250650108,3.9263973010791227,-10.642401265419986,0.41047347077937485,-0.049358287690049636,2.1011628134861917,0.0,0.0,0.0,0.40599525337426023,0.0,-0.8440845933462157,7.436298399417373,0.0,0.8888098864395457,-8.638822257498754,2.0000851841056457,-0.9814084147235173,0.0,0.44382429428364756,0.49584784074613925,-8.638822257498754,2.0000851841056457,-0.9814084147235173,Other Industrial Metals & Mining,Basic Materials,GLG
2015Q3,2015,Q3,2015-11-23,2015-09-30,-37101946.0,163552.0,-37161749.0,-74.85,0.0,0.0,41460443.0,22520735.0,0.0,0.0,20037905.0,0.0,-47619319.0,7557930.5,11451073.5,45.44117053603496,0.0,0.10991262201419315,0.20234801395247534,-1.3702439473058114,45.44117053603496,-1.647457154484523,46.211177484836625,-0.05092677955490529,0.3355987493303394,0.0,0.0,0.0,0.003944772128942279,0.0,-0.8948757735174224,50.742415087245796,0.0,-14.59375,-13.959593025971627,-0.9640327838751417,0.0,0.0,-14.651289834872788,-19.165237006352076,-13.959593025971627,-0.9640327838751417,0.0,Other Industrial Metals & Mining,Basic Materials,GLG
2015Q2,2015,Q2,2015-08-14,2015-06-30,-2370536.0,910393.0,-1842862.0,-4.8,0.0,0.0,75514326.0,60975018.0,0.0,0.0,15685304.0,0.0,-10517373.0,15308482.0,20835348.0,123.47570177108351,0.0,0.08237554818406245,0.10201774766183751,-0.035103381246096896,123.47570177108351,-0.03887716769513705,16.81524572355016,-1.6144536509886374,0.25106154130204605,0.0,0.0,0.0,0.01205589784380781,0.0,-0.03139187125897144,13.941275092913104,0.0,-1.0425531914893615,-1.5173766813330003,-0.8547087980349117,0.0,0.0,-1.0488094096009528,-0.802715525252624,-1.5173766813330003,-0.8547087980349117,0.0,Other Industrial Metals & Mining,Basic Materials,GLG
2015Q1,2015,Q1,2015-04-15,2015-03-31,-1157031.0,898734.0,-1022270.0,-2.35,0.0,0.0,79898547.0,62931006.0,0.0,0.0,18118374.0,0.0,-8146837.0,36520049.0,43875157.0,128.37770143736662,0.0,0.12258444449559264,0.15563582441380328,-0.015909602329037376,128.37770143736662,-0.01838570640361287,40.63499211112521,-7.890896829903434,0.5803188495032163,0.0,0.0,0.0,0.011248439849600769,0.0,-0.01448125208084197,-25.333331252284818,0.0,0.0068464204209280665,-1.3506701359472857,-0.8333364599815424,0.0,0.0,0.7703254542054724,0.8228940000831589,-1.3506701359472857,-0.8333364599815424,0.0,Other Industrial Metals & Mining,Basic Materials,GLG
2014Q4,2014,Q4,2015-04-15,2014-12-31,-5037698.0,3132246.0,-5772080.0,-2.3662,0.0,0.0,83089787.0,63883328.0,0.0,0.0,20353547.0,0.0,-6989806.0,34572619.0,40970168.0,137.66119182350633,0.0,0.1370748729925135,0.17828629716974043,-0.06692583049532468,137.66119182350633,-0.07885778899934581,11.037644872082206,-1.7156952937631433,0.5411837498509784,0.0,0.0,0.0,0.037697123955799765,0.0,-0.06062956931156894,46.14456958132681,0.0,0.8107040000000001,-2.984488808509825,0.007498915022242107,-0.3481709590760072,0.0,0.18140119108554528,0.0,-2.984488808509825,0.007498915022242107,-0.3481709590760072,Other Industrial Metals & Mining,Basic Materials,GLG
2014Q3,2014,Q3,2015-03-13,2014-09-30,-6154050.0,1198099.0,0.0,-12.5,0.0,0.0,88237972.0,68791986.0,0.0,0.0,20591452.0,0.0,-1952108.0,36495464.0,43736104.0,140.42849152431657,0.0,0.128894870793268,0.16533062441314023,0.0,140.42849152431657,-0.0894588215551736,30.461142192757027,-1.48257911456683,0.5305191218058452,0.0,0.0,0.0,0.013578043248772763,0.0,-0.06974378332267202,37.371565612657534,0.0,-0.0706638115631691,-3.1747339201185185,-0.7334405372383674,0.0,0.0,-0.16538527089211658,1.0,-3.1747339201185185,-0.7334405372383674,0.0,Other Industrial Metals & Mining,Basic Materials,GLG
2014Q2,2014,Q2,2015-02-17,2014-06-30,-5280700.0,87189.0,-5454333.0,-11.675,0.0,0.0,111295184.0,86755707.0,0.0,0.0,24539477.0,0.0,16113622.0,42095148.0,50938376.0,191.66771312931363,0.0,0.14594517405173615,0.18722681840400424,-0.05126957813507203,191.66771312931363,-0.06086861813021707,482.8034270378144,-1.9928772700588937,0.4852147421264171,0.0,0.0,0.0,0.0007834031704372761,0.0,-0.04744769549057936,154.03162220213767,0.0,-5.447619047619048,-2.2573990651563247,-0.9848192424140255,0.0,0.0,-5.828585092073849,-5.266670995135948,-2.2573990651563247,-0.9848192424140255,0.0,Other Industrial Metals & Mining,Basic Materials,GLG
2014Q1,2014,Q1,2014-05-16,2014-03-31,1093633.0,2763149.0,1278358.0,2.625,0.0,0.0,110110115.0,85355282.0,0.0,0.0,24754833.0,0.0,21208021.0,60104736.0,71132301.0,204.49570909021213,0.0,0.14735555402880107,0.19009177428527504,0.01076615806013153,204.49570909021213,0.012812716148017647,21.752260192989954,13.739695126244362,0.704171254451482,0.0,0.0,0.0,0.02509441571285254,0.0,0.009932175622557474,87.61585007645739,0.0,2.031072826576447,-0.6107270107138185,-0.3982132631082741,0.0,0.0,-0.3957862111259054,0.6570567869100656,-0.6107270107138185,-0.3982132631082741,0.0,Other Industrial Metals & Mining,Basic Materials,GLG
2013Q4,2013,Q4,2014-03-31,2013-12-31,1810010.0,1862010.0,771463.0,0.86603,0.0,0.0,113003448.0,84949906.0,0.0,0.0,28053542.0,0.0,20300689.0,71036867.5,77991723.5,222.72828953923116,0.0,0.14478072385897464,0.19259257332197638,0.006413987373437043,222.72828953923116,0.021306792264137408,38.15063694609589,9.811667822277226,0.8362206722159292,0.0,0.0,0.0,0.016477461820457017,0.0,0.01601729887038491,60.906423836176444,0.0,-0.7962282352941177,-0.13246703543218108,-0.2712824658251457,0.05462378636916671,0.0,-0.23345878847348608,-0.7592544800630369,-0.13246703543218108,-0.2712824658251457,0.05462378636916671,Other Industrial Metals & Mining,Basic Materials,GLG
2013Q3,2013,Q3,2013-11-14,2013-09-30,2361269.0,3779942.0,3204475.0,4.25,0.0,0.0,111640576.0,82818495.0,0.0,0.0,28822081.0,0.0,18785001.0,91012809.75,99503145.75,213.61434455933826,0.0,0.13850242943927485,0.18670335653889872,0.028008185003389433,213.61434455933826,0.02851137297290901,24.077832345046563,9.636006078722925,1.0989430531187507,0.0,0.0,0.0,0.033858137743753666,0.0,0.021150634335673796,70.14036869374628,0.0,-0.22727272727272727,0.05432928369873655,0.06260591827539452,0.0,0.0,0.20238381972306058,0.3819587957867717,0.05432928369873655,0.06260591827539452,0.0,Other Industrial Metals & Mining,Basic Materials,GLG
2013Q2,2013,Q2,2013-06-30,2013-06-30,1963823.0,3446053.0,2318792.0,5.5,0.0,0.0,108290102.0,72223317.0,0.0,0.0,36066785.0,0.0,17536917.0,57510000.0,74102022.0,200.620325,0.0,0.19423027231057552,0.2912247300965144,0.021058288752810485,200.620325,0.027190983211142185,16.688658009612737,7.321179149037363,0.7962802373089566,0.0,0.0,0.0,0.0318224190055708,0.0,0.018134833781946202,25.40431109083046,0.0,0.26436781609195414,-0.4120632991563406,-0.24560240938132552,0.0,0.0,0.2509478503925171,0.24083444638515017,-0.4120632991563406,-0.24560240938132552,0.0,Other Industrial Metals & Mining,Basic Materials,GLG
2013Q1,2013,Q1,2013-03-31,2013-03-31,1569868.0,3184244.0,1868736.0,4.35,0.0,0.0,102532448.0,69155289.0,0.0,0.0,33377159.0,0.0,15882180.0,57510000.0,77477846.0,192.098025,0.0,0.20208337364577506,0.29961704013701684,0.017467161645314436,192.098025,0.022700620917078373,18.060801873223284,9.158413318826806,0.8316066758104358,0.0,0.0,0.0,0.03105596386423935,0.0,0.01531093844555433,31.915974025469513,0.0,3.138457469008898,-0.3521275661189437,-0.19594020354601033,0.0,0.0,-0.09874611839797551,0.8122728277777562,-0.3521275661189437,-0.19594020354601033,0.0,Other Industrial Metals & Mining,Basic Materials,GLG
2012Q4,2012,Q4,2012-12-31,2012-12-31,1741871.0,2133260.0,1031156.0,1.0511162752245857,0.0,0.0,100004819.0,67249079.0,0.0,0.0,32755740.0,0.0,14558205.0,50868553.5,69887283.5,211.19217337780208,0.0,0.20605798006594062,0.30642488055486977,0.008779859255293395,211.19217337780208,0.025901782238534447,23.845454140611082,7.300849704139974,0.7564200767716089,0.0,0.0,0.0,0.0213315720315438,0.0,0.017417870632814206,30.338874346252325,0.0,-0.817197169526159,0.0,0.0,0.0,0.0,-0.09019299574312502,-0.5755419048822585,0.0,0.0,0.0,Other Industrial Metals & Mining,Basic Materials,GLG
2012Q3,2012,Q3,2012-09-30,2012-09-30,1914550.0,3040958.0,2429347.0,5.75,0.0,0.0,,,,,,,,52946262.0,,,0.0,0.0,0.0,0.0,,0.0,17.41104678196805,6.9136692695411455,0.0,0.0002867514559557076,0.0,1.0369003953480228e-05,0.0,0.0,0.0,20.314364247878064,0.0,-0.3783783783783784,0.0,0.0,0.0,0.0,-0.29050509752011233,-0.20479223459108134,0.0,0.0,0.0,Other Industrial Metals & Mining,Basic Materials,GLG
2012Q2,2012,Q2,2012-06-30,2012-06-30,2698469.0,3690348.0,3054984.0,9.25,0.0,0.0,,,,,,,,46461051.0,,,0.0,0.0,0.0,0.0,,0.0,12.589883393110894,4.304389915170417,0.0,0.00020344869627926057,0.0,1.1816349139411418e-05,0.0,0.0,0.0,20.185116268157937,0.0,0.37546468401487,0.0,0.0,0.0,0.0,0.3784725929323925,0.18771980707130478,0.0,0.0,0.0,Other Industrial Metals & Mining,Basic Materials,GLG
2012Q1,2012,Q1,2012-03-31,2012-03-31,1957579.0,3199364.0,2572142.0,6.725,0.0,0.0,,,,,,,,46461051.0,,,0.0,0.0,0.0,0.0,,0.0,14.52196467797975,5.933483527357006,0.0,0.4304061292034702,0.0,0.018134630660851817,0.0,0.0,0.0,33.041718670993426,0.0,0.0,0.0,0.0,0.0,0.0,0.0,0.0,0.0,0.0,0.0,Other Industrial Metals & Mining,Basic Materials,GLG
