Quarters,Year,Quarter,FillingDate,Date,NetIncome,Revenue,OperatingIncome,EPSDiluted,GrossProfit,GrossProfitRatio,TotalAssets,CommonStockEquity,CurrentAssets,CurrentLiability,TotalLiability,Inventory,RetainedEarnings,MarketCap,EnterpriseValue,bookValuePerShare,currentRatio,debtToAssets,debtToEquity,roic,shareholdersEquityPerShare,roe,priceToSalesRatio,peRatio,pbRatio,payoutRatio,inventoryTurnover,dividendYield,assetTurnover,quickRatio,returnOnAssets,priceToFreeCashFlowsRatio,grossProfitMargin,epsdilutedGrowth,fiveYNetIncomeGrowthPerShare,fiveYRevenueGrowthPerShare,fiveYShareholdersEquityGrowthPerShare,grossProfitGrowth,netIncomeGrowth,operatingIncomeGrowth,threeYNetIncomeGrowthPerShare,threeYRevenueGrowthPerShare,threeYShareholdersEquityGrowthPerShare,Industry,Sector,Symbol
2023Q1,2023,Q1,2023-03-31,2023-03-31,-71000000.0,731000000.0,-31000000.0,-0.61,29000000.0,0.0396716826,4665000000.0,164000000.0,1099000000.0,1649000000.0,4501000000.0,15000000.0,-227000000.0,26238439853.907333,28586439853.907333,1.4065461412144196,0.6664645239539114,0.6542336548767417,18.609756097560975,-0.0038442460317460315,1.4065461412144196,-0.4329268292682927,35.89389856895668,-92.38887272502583,159.9904869140691,0.0,46.8,0.0,0.15669882100750268,0.5997574287446937,-0.015219721329046088,126.14634545147756,0.03967168262653899,-2.3863636363636362,0.9448869725913221,-0.8915946334611468,-0.984097751512415,-0.768,-2.392156862745098,-1.7045454545454546,0.9587335201470787,-0.918922611393105,1.0363804525493796,Airlines,Industrials,VLRS
2022Q4,2022,Q4,2022-12-31,2022-12-31,51000000.0,820000000.0,44000000.0,0.44,125000000.0,0.1524390244,4517000000.0,277000000.0,1066000000.0,1421000000.0,4240000000.0,15758000.0,-106000000.0,18985337648.244,21262357648.244,2.3756900865111406,0.7501759324419423,0.6601726809829533,10.765342960288809,0.01342876292608196,2.3756900865111406,0.18411552346570398,23.152850790541464,93.06538062864705,68.53912508391335,0.0,44.104581799720776,0.0,0.1815364179765331,0.6650105559465166,0.011290679654638034,113.00796219192857,0.1524390243902439,0.46666666666666673,-0.9203212306955495,-0.8925970474968429,-0.9763468886072207,0.45348837209302323,0.275,0.2571428571428571,-0.9656193849982802,-0.9274015169064861,-0.9565272338817861,Airlines,Industrials,VLRS
2022Q3,2022,Q3,2022-09-30,2022-09-30,40000000.0,769000000.0,35000000.0,0.3,86000000.0,0.1118335501,4415000000.0,250000000.0,1069000000.0,1417000000.0,4165000000.0,14538000.0,-134000000.0,16401871776.009602,18559624776.0096,2.144125215265883,0.7544107268877911,0.6570781426953567,11.604,-0.02677376171352075,2.144125215265883,0.16,21.328831958400002,102.51169860006001,65.60748710403841,0.0,46.980327417801625,0.0,0.17417893544733862,0.6677819336626676,0.009060022650056626,186.38490654556367,0.11183355006501951,1.7142857142857142,-0.9524881288986561,-0.8986108205902958,-0.9771663365989425,3.0952380952380953,1.816326530612245,2.75,-0.9513176228547926,-0.9297639100960201,-0.9476479864938292,Airlines,Industrials,VLRS
2022Q2,2022,Q2,2022-06-30,2022-06-30,-49000000.0,691000000.0,-20000000.0,-0.42,21000000.0,0.0303907381,4417000000.0,210000000.0,1160000000.0,1461000000.0,4207000000.0,14969000.0,-174000000.0,24247214970.5331,26334891970.5331,1.8010646865246913,0.7939767282683093,0.6427439438532941,13.519047619047619,-0.002128190929129071,1.8010646865246913,-0.23333333333333334,35.090036136806226,-123.71028046190357,115.46292843110999,0.0,44.7591689491616,0.0,0.1564410233189948,0.7024798083504449,-0.011093502377179081,153.46338588945,0.030390738060781478,0.0,0.9182044126595265,-0.8997472620038094,-0.9788028794375567,1.1,0.0,0.375,-1.3561382188232518,-0.928003738970926,-0.9554950164982182,Airlines,Industrials,VLRS
2022Q1,2022,Q1,2022-03-31,2022-03-31,-49000000.0,566000000.0,-32000000.0,-0.42,10000000.0,0.0176678445,4064000000.0,258000000.0,1039000000.0,1329000000.0,3806000000.0,13000000.0,-125000000.0,42074431851.13287,44005431851.13287,2.2127372221543915,0.781790820165538,0.6596948818897638,10.391472868217054,-0.004485510770375033,2.2127372221543915,-0.18992248062015504,74.33645203380367,-214.66546862822895,163.07919322144525,0.0,42.76923076923077,0.0,0.1392716535433071,0.690744920993228,-0.012057086614173228,214.66546862822895,0.0176678445229682,0.7558139534883721,0.9687512292852823,-0.9131514080694385,-0.9757207417254974,-0.9975284231339595,0.755,-1.0105540897097625,-1.0818939049695486,-0.931706376345974,-0.9382175931339043,Airlines,Industrials,VLRS
2021Q4,2021,Q4,2021-12-31,2021-12-31,-200000000.0,14090000000.0,3032000000.0,-1.72,4046000000.0,0.2871540099,82103000000.0,6532000000.0,20184000000.0,25761000000.0,75571000000.0,296000000.0,-1735000000.0,42867149648.39857,83539149648.39856,56.02168824942516,0.7835099569116106,0.6811809556289051,8.562002449479486,0.009015035962025054,56.02168824942516,-0.03061849357011635,3.042381096408699,-53.583937060498215,6.5626377293935345,0.0,33.932432432432435,0.0,0.17161370473673312,0.676953534412484,-0.002435964581074991,8.421836866090091,0.2871540099361249,-1.1311638327017515,-1.1783203608182333,0.8903548622837801,-0.4748317703084212,-0.013170731707317073,-1.132013201320132,-0.029138648735190523,-1.336135439354683,0.5461295608097294,-0.3819337586923706,Airlines,Industrials,VLRS
2021Q3,2021,Q3,2021-09-30,2021-09-30,1515000000.0,12892000000.0,3123000000.0,13.113371,4100000000.0,0.31802668321439653,75272000000.0,4661000000.0,18232000000.0,24939000000.0,70613000000.0,286000000.0,-1535000000.0,51494202547.58788,90955202547.58789,40.34417380100422,0.7310637956614139,0.6925417153788925,11.184080669384253,0.021104646365623387,40.34417380100422,0.3250375455910749,3.9942757173121226,8.497393159667967,11.04788726616346,0.0,30.74125874125874,0.0,0.17127218620469764,0.6199125867115762,0.020127006058029546,12.202417665305186,0.31802668321439653,-0.00580962850644418,0.31419701798012845,0.6774305165353208,-0.5761926826941854,0.18121578795736099,-0.01495448634590377,0.17804602036967182,12.167599809196302,0.5433754775223475,-0.5393526035648082,Airlines,Industrials,VLRS
2021Q2,2021,Q2,2021-06-30,2021-06-30,1538000000.0,11598000000.0,2651000000.0,13.19,3471000000.0,0.2992757371960683,73794000000.0,3596000000.0,16438000000.0,24967000000.0,70198000000.0,264000000.0,-3050000000.0,44819458742.35171,84668458742.35172,30.841088632108523,0.6583890735771218,0.6827519852562539,14.010845383759733,0.018739984495027343,30.841088632108523,0.42769744160177975,3.864412721361589,7.285347649927131,12.46369820421349,0.0,30.78409090909091,0.0,0.15716724936986748,0.5365081908118716,0.020841802856600807,7.71817784438638,0.2992757371960683,3.0936507936507933,0.4280264040091129,0.9617613349115813,-0.6375813043450905,100.17142857142858,3.098226466575716,4.587280108254398,33.99559546431026,0.6155333549676157,-0.6587345434403303,Airlines,Industrials,VLRS
2021Q1,2021,Q1,2021-03-31,2021-03-31,-733000000.0,6517000000.0,-739000000.0,-6.3,-35000000.0,-0.0053705692803437165,67556000000.0,1154000000.0,13522000000.0,22534000000.0,66401000000.0,276000000.0,-4588000000.0,33738144038.863697,75098144038.8637,9.897281993667317,0.6000710038164552,0.74128130735982,43.39514731369151,-0.005398668335719439,9.897281993667317,-0.6351819757365684,5.176943998598081,-11.506870408889391,29.235826723452078,0.0,23.73913043478261,0.0,0.09646811534134644,0.48366912221531905,-0.010850257564094972,44.86455324316981,-0.0053705692803437165,-1.7411764705882353,-2.057035690261275,0.0914422057563985,-0.8661822152859472,-1.0232341082019056,-1.8171082172326227,-1.7699937900365512,0.431016209992101,-0.033546137163192394,-0.8881024710080908,Airlines,Industrials,VLRS
2020Q4,2020,Q4,2020-12-31,2020-12-31,897066000.0,8259348000.0,959748000.0,8.5,1506406000.0,0.1823880044768667,68189113000.0,2796185000.0,14402310000.0,20965950000.0,65392928000.0,278959000.0,-3855379000.0,25949653898.115597,65422483898.1156,26.620141621969495,0.6869381067874339,0.7257049230131503,17.69738947887926,0.006554525033701865,26.620141621969495,0.32081782857715063,3.1418525891045634,7.231812903988,9.280378050134592,0.0,24.20765058664535,0.0,0.1211241448469934,0.57426112339293,0.013155560477814104,190.05862158505582,0.1823880044768667,1.3953488372093024,0.3216156387941818,0.5626251182821848,-0.6053190321633807,2.49602359624208,1.4124342774333671,1.4309683572695835,0.5557194509544097,0.20083289606359928,-0.7349615681561038,Airlines,Industrials,VLRS
2020Q3,2020,Q3,2020-09-30,2020-09-30,-2175052000.0,4894819000.0,-2226957000.0,-21.5,-1006940000.0,-0.20571547180804847,67430266000.0,-5408768000.0,13119657000.0,24346497000.0,72839034000.0,254146000.0,-4752445000.0,16322885602.462818,63620986602.462814,-53.452820846802524,0.5388724710581567,0.821717461414137,-10.244223268589076,-0.01765906011091972,-53.452820846802524,0.4021344601950019,3.3347271068578466,-1.8761488923555412,-3.017856488291385,0.0,23.221923618707358,0.0,0.07259083035502188,0.43239132101837896,-0.032256316473673705,-10.16121579519732,-0.20571547180804847,-0.40552171298972056,-2.888065375132743,-0.06211583597566478,-1.8729448498240369,-1.6599098877693126,-0.4281365725541694,0.029225370531822146,-3.976966359031352,-0.25635776849249864,-1.56924087752103,Airlines,Industrials,VLRS
2020Q2,2020,Q2,2020-06-30,2020-06-30,-1523000000.0,1526000000.0,-2294000000.0,-15.296811,1525875000.0,0.9999180865006553,67731000000.0,-4218000000.0,15522000000.0,25124000000.0,71950000000.0,278230000.0,-2577000000.0,12120697639.498167,55787404639.49817,-42.365036073456594,0.6178156344531126,0.7912031861333806,-12.704832385016596,-0.01629667359271614,-42.365036073456594,0.3610715979137032,7.942790065201945,-1.989608936227539,-2.8735651113082428,0.0,0.0,0.0,0.022530303701407038,0.5051930425091546,-0.022486010836987494,20.75461924571604,0.9999180865006553,-0.033568310810810756,-5.409826637657245,-0.6216398883666998,-1.8221370206498133,-0.8049870406723514,-0.02000222351108474,-8.449309623702703,-1.977314327351245,-0.7407231644911341,-1.4986032894876842,Airlines,Industrials,VLRS
2020Q1,2020,Q1,2020-03-31,2020-03-31,-1493134000.0,7824480000.0,307948000.0,-14.8,7824480000.0,1.0,69293078000.0,-3912133000.0,14842702000.0,24428572000.0,73205211000.0,290905000.0,-1054722000.0,8400470399.3007,51737233399.3007,-38.66213976599923,0.6075959740913223,0.7792234889609031,-13.801880968770744,0.002166752472682619,-38.66213976599923,0.38166749443334363,1.0736138886291102,-1.4065164947186086,-2.1472865056736823,0.0,0.0,0.0,0.11291863813583226,0.5223424848574857,-0.02154809748817912,4.0432480091972485,1.0,-2.1653543307086616,-5.879521332697306,1.0765598528543996,-1.8140492347553039,1.4246167301210133,-2.159857163164751,-0.8434710563167298,-0.0972302749590138,0.38345161673032147,-1.4242203129342565,Airlines,Industrials,VLRS
2019Q4,2019,Q4,2019-12-31,2019-12-31,1287343000.0,9802211000.0,1967355000.0,12.7,-18427159000.0,-1.879898218881434,63295127000.0,5529683000.0,12117239000.0,17324216000.0,57765444000.0,301908000.0,438412000.0,19946365714.8618,57550447714.8618,54.647778336695076,0.6994393858862069,0.7187443355631469,8.227056415349669,0.015346315326951576,54.647778336695076,0.23280593118990728,2.034884345466732,3.8735530691629583,3.6071445171200227,0.0,93.50321952382845,0.0,0.15486517627178473,0.5970159342275575,0.020338737925275036,20.554321434243867,-1.879898218881434,0.8142857142857142,0.8307336243224227,1.47609162206324,0.2371260445192142,-2.9393424752224746,0.8053782290410344,0.1553714785734001,0.32259681818882313,0.5153698825095728,-0.4877113149842562,Airlines,Industrials,VLRS
2019Q3,2019,Q3,2019-09-30,2019-09-30,713060000.0,9501756000.0,1702790000.0,7.0,9501756000.0,1.0,61854086000.0,4144236000.0,11739161000.0,16562899000.0,57709850000.0,293549000.0,143455000.0,20063606742.2791,57361900742.2791,40.95592646141774,0.7087624575866821,0.7292629948488771,10.884490168996168,0.013231709153744008,40.95592646141774,0.17206066449883645,2.111568297720874,7.034333275698784,4.841328230892039,0.0,0.0,0.0,0.15361565604574612,0.6102637587779772,0.01152809856409486,38.1652160574755,1.0,4.833333333333333,1.054927304031915,1.3784112628603147,0.07726402116203607,0.14076983411109453,4.971876753515406,1.582496913664504,-0.29377274865674596,0.4115578088768201,-0.5697663457677344,Airlines,Industrials,VLRS
2019Q2,2019,Q2,2019-06-30,2019-06-30,119403000.0,8329249000.0,659358000.0,1.2,8329249000.0,1.0,60308648000.0,4094948000.0,12313535000.0,17390613000.0,56213700000.0,293982000.0,-569605000.0,18482099271.877842,53575798271.87784,40.46883168606461,0.7080564095124191,0.7166033965808685,10.553829254974666,0.004618947045127849,40.46883168606461,0.029158612026330983,2.2189394592331,38.696890513382925,4.513390468420562,0.0,0.0,0.0,0.13811035856748108,0.5944609313081718,0.001979865308869136,16.793618488217035,1.0,-0.7647058823529411,2.5920394965269495,1.5179100259749776,0.16135754537645663,0.15806173317548164,-0.7700502833856838,24.438194444444445,-0.8722510321835858,0.6234210417065816,-0.5244441151447485,Airlines,Industrials,VLRS
2019Q1,2019,Q1,2019-03-31,2019-03-31,519257000.0,7192405000.0,25920000.0,5.1,7192405000.0,1.0,58650161000.0,3624038000.0,10390440000.0,16905043000.0,55026123000.0,296211000.0,-689008000.0,16766241714.892803,52136076714.89281,35.81500518343633,0.6146355262154612,0.7236224978137741,11.71085292152014,0.00022022716969558704,35.81500518343633,0.1432813342464952,2.331103673234864,8.072227102808823,4.626397878524674,0.0,0.0,0.0,0.12263231468367154,0.5259667189252343,0.008853462482396254,5.001442813085419,1.0,0.0,2.403396853481364,1.5918568379983016,0.008638144703544058,1.3914297920510268,0.005608479339067048,-0.9269437280683211,-0.13716018610834163,0.3879994596524407,-0.5157574921845897,Airlines,Industrials,VLRS
2018Q4,2018,Q4,2018-12-31,2018-12-31,516361000.0,7908659000.0,354795000.0,5.1,-18374700000.0,-2.32336480811728,22310651000.0,9171680000.0,9189728000.0,9249260000.0,13138971000.0,297271000.0,4265876000.0,10635103461.82715,8295359461.82715,90.64026556587412,0.9935635931955638,0.15791551757050926,0.3841387837342777,0.018223004583303812,90.64026556587412,0.05629950020061755,1.3447416890559007,5.149064056845477,1.1595589316054582,0.0,88.41548284225505,0.0,0.35447907817660723,0.7992068554673563,0.023144147609139687,-11.330163683132604,-2.32336480811728,5.25,6.3056948758137645,1.484287276037469,1.3146947658879666,-3.5115516174998205,5.345814607214395,0.44311257901030693,-0.2103002125804824,0.5532440613201397,0.34386917419640145,Airlines,Industrials,VLRS
2018Q3,2018,Q3,2018-09-30,2018-09-30,-118818000.0,7316075000.0,245854000.0,-1.2,7316075000.0,1.0,21683505000.0,8862167000.0,10267252000.0,10436377000.0,12821338000.0,309061000.0,3749515000.0,13901224712.490599,11016533712.490599,87.58146494089696,0.9837946636078785,0.1474373723251845,0.36074235567892143,0.012108609493500531,87.58146494089696,-0.013407330283891062,1.9000932484276882,-29.24898734301747,1.568603335108738,0.0,0.0,0.0,0.3374027861270583,0.8005210045593408,-0.005479649161885959,-19.216405649527232,1.0,-4.0,-1.3886465422571395,0.6330822824722113,0.7806177682287687,0.17428424128629352,-4.115312008390141,1.4276993679859575,-1.1031405923823991,0.40181503857738926,0.4303040989982444,Airlines,Industrials,VLRS
2018Q2,2018,Q2,2018-06-30,2018-06-30,38140000.0,6230242000.0,-574829000.0,0.4,6230242000.0,1.0,23276596000.0,9144608000.0,11298697000.0,11505925000.0,14131988000.0,316266000.0,3868333000.0,10141521447.2188,6854830447.2188,90.37272316694619,0.9819894532599509,0.14968202395229954,0.38099916366015907,-0.020472705562669606,90.37272316694619,0.004170763798732543,1.6277893294062733,66.47562563724959,1.1090165316237501,0.0,0.0,0.0,0.2676612164424729,0.7759328346047797,0.0016385557407105403,-6.039121830960207,1.0,1.0360360360360361,-0.8246868457499736,0.6462531983605723,5.128381601171105,23.82139926739927,1.0341144901610018,0.3655309050772627,-0.8913390313390314,0.5199419370578189,0.7537754775814929,Airlines,Industrials,VLRS
2018Q1,2018,Q1,2018-03-31,2018-03-31,-1118000000.0,5852000000.0,-906000000.0,-11.1,-273000000.0,-0.04665071770334928,22841000000.0,8950000000.0,11757000000.0,11429000000.0,13891000000.0,305000000.0,3830000000.0,14981820422.41233,11087820422.41233,88.4495134328029,1.0286989237903579,0.14986209010113394,0.3824581005586592,-0.05126135386497383,88.4495134328029,-0.12491620111731844,2.5601196894074385,-3.350138734886478,1.6739464159119921,0.0,20.081967213114755,0.0,0.25620594544897335,0.8330562603902354,-0.048947068867387596,13.707063515473312,-0.04665071770334928,-3.0181818181818185,-13.396877242712204,0.5331147139871769,6.184919183192057,0.9825085035582701,-3.0126882169526676,-8.682784118854197,-4.6535947712418295,0.5530785562632695,0.8623454149263968,Airlines,Industrials,VLRS
2017Q4,2017,Q4,2017-12-31,2017-12-31,555476000.0,6625755000.0,117926000.0,5.5,-15607584000.0,-2.3555932871046394,22666267000.0,10163171000.0,11313030000.0,9371823000.0,12503096000.0,294850000.0,5080049000.0,15918840767.796299,12450675767.796299,100.43879839150411,1.207132272984669,0.15365185630258393,0.34267985848117677,0.005269397738069403,100.43879839150411,0.054655776233618426,2.4025700871517737,7.164504302524456,1.5663261759342926,0.0,75.40559267424113,0.0,0.2923178748401755,0.9493962914152348,0.02450672622889336,-124.79003463172735,-2.3555932871046394,-0.23611111111111113,2.447374879245909,0.6502142546801626,6.74709835813553,-3.371172170860817,-0.23972697422898415,-0.814027645263797,-0.21005622378486377,0.673701621536572,1.2737512329372924,Airlines,Industrials,VLRS
2017Q3,2017,Q3,2017-09-30,2017-09-30,730627000.0,6582223000.0,634105000.0,7.2,6582223000.0,1.0,20365060000.0,9501721000.0,9914864000.0,8297689000.0,10863339000.0,272775000.0,279245000.0,21771582769.073597,18796693769.073597,93.90193669783976,1.1948946266846106,0.11775526318115438,0.25238512054816176,0.05059801689320303,93.90193669783976,0.07689417527624733,3.307633723298891,7.449622984461838,2.2913304620366772,0.0,0.0,0.0,0.32321156922690136,0.862788422173933,0.03587649631280242,-25.66882987067906,1.0,2.4117647058823533,1.764245800810332,0.5764283856642274,0.0,0.1004062437830491,2.4053735374056755,15.353871150771136,1.1055526482524978,0.6476147480379637,1.4699033000098845,Airlines,Industrials,VLRS
2017Q2,2017,Q2,2017-06-30,2017-06-30,-519881000.0,5981630000.0,38774000.0,-5.1,5981630000.0,1.0,19850718000.0,8597658000.0,9903683000.0,8990666000.0,11253060000.0,260574000.0,3793946000.0,26668691076.364067,22763255076.364067,84.96742192974047,1.1015516536817183,0.1045594421320176,0.24141225436043165,0.003632824453085371,84.96742192974047,-0.06046774598384816,4.458432078942373,-12.82442091380723,3.101855304824182,0.0,0.0,0.0,0.3013306621956949,0.8090685384152854,-0.02618953128043026,-37.22940845522349,1.0,0.6194029850746269,-4.862998843045237,0.5936001068376182,0.0,0.057616058087258545,0.6179651842527415,1.0502147862562696,-5.931744474543579,0.8082309880125694,1.4383594103920867,Airlines,Industrials,VLRS
2017Q1,2017,Q1,2017-03-31,2017-03-31,-1360821000.0,5655767000.0,-772163000.0,-13.4,5655767000.0,1.0,20697959000.0,9221937000.0,10944723000.0,9075294000.0,11476022000.0,248756000.0,4566755000.0,26365543069.55888,21563467069.55888,91.13693660395482,1.2059910125225695,0.09839593362804516,0.22084243256053473,-0.048703120928720485,91.13693660395482,-0.14756346741470908,4.66170955584961,-4.843683164346906,2.8590027311571182,0.0,0.0,0.0,0.27325240135996015,0.9001005366878473,-0.06574662748148259,1042.940785979386,1.0,-2.3958333333333335,-3.895869216317572,0.8806335552356086,0.0,1.4519504390676428,-2.3980870092310536,-2.631986524158658,-2.6778934314826053,1.0381135896928966,1.5666390435897655,Airlines,Industrials,VLRS
2016Q4,2016,Q4,2016-12-31,2016-12-31,973345000.0,6468527000.0,473143000.0,9.6,-12514131000.0,-1.9346183451039163,21781771000.0,10794076000.0,11551116000.0,7887898000.0,10987695000.0,243884000.0,6065018000.0,31530018674.264313,26453050674.264313,106.67379533283196,1.4644099099658743,0.09155743121163104,0.18475717606583464,0.026896028196954212,106.67379533283196,0.09017399914545719,4.87437382177802,8.098366631118544,2.9210484226963302,0.0,77.83478210952748,0.0,0.29696974594030945,1.0874249388113284,0.04468621949978264,-15.673141219871878,-1.9346183451039163,-0.040000000000000036,5.040738217023974,0.6110549608585751,7.228019429879722,-2.859068927296964,-0.035981875355931364,-0.5463285774556054,11.001281233282429,1.0319094957570962,1.7241455458320525,Airlines,Industrials,VLRS
2016Q3,2016,Q3,2016-09-30,2016-09-30,1009675000.0,6731397000.0,1042920000.0,10.0,6731397000.0,1.0,19284532000.0,9632524000.0,10210551000.0,7841742000.0,9652008000.0,215057000.0,4954231000.0,34082618904.873898,28106136904.873898,95.19461357457477,1.3020768854675402,0.05272780277996894,0.10556225969434387,0.06853382429536717,95.19461357457477,0.10481935991023744,5.06323113981747,8.439007330297843,3.5382853865584862,0.0,0.0,0.0,0.34905679847454946,1.0753428256119621,0.05235672817986975,-117.07010237651185,1.0,0.08695652173913052,2.819992799243899,0.612155240862399,0.0,0.3119900161323739,0.0802487297642267,1.687799597958868,2.302586287881275,0.5025714166389212,0.9354006065660975,Airlines,Industrials,VLRS
2016Q2,2016,Q2,2016-06-30,2016-06-30,934669000.0,5130677000.0,388020000.0,9.2,5130677000.0,1.0,18379518000.0,8610866000.0,9848196000.0,8039249000.0,9768652000.0,185072000.0,3944556000.0,34694785862.2302,28624180862.2302,85.09795162850821,1.2250144260987563,0.04674975698492202,0.09978531776014166,0.02895142269100385,85.09795162850821,0.10854529614094564,6.762223749854104,9.279965919012561,4.0291865954284045,0.0,0.0,0.0,0.2791518798262283,0.9964303879628558,0.050853836319320236,-349.3619496946923,1.0,0.5593220338983048,5.945099485517358,0.3668928729040932,0.0,-0.009875430589461293,0.5531222997673646,-0.5356435074819772,3.2962708591955403,0.3557087222302162,4.770687247014834,Airlines,Industrials,VLRS
2016Q1,2016,Q1,2016-03-31,2016-03-31,601800000.0,5181850000.0,835608000.0,5.9,5181850000.0,1.0,16604400000.0,7483932000.0,8717855000.0,7739227000.0,9120468000.0,170650000.0,3009887000.0,36923258971.7376,31704739971.737602,73.96088655044042,1.1264503547964158,0.06911788441617885,0.15335000371462487,0.06679764947071372,73.96088655044042,0.08041227525851384,7.125497452017639,15.338675212586242,4.9336710931817125,0.0,0.0,0.0,0.3120769193707692,0.9043938109064381,0.036243405362434054,32.92589115594955,1.0,-0.09230769230769226,3.1651150991790358,0.7230485251951927,0.0,3.330170429143843,-0.07963356630522887,0.13636678892420168,8.749586748402116,0.3575474997120967,5.0079809595094,Airlines,Industrials,VLRS
2015Q4,2015,Q4,2015-12-31,2015-12-31,653870000.0,5091704000.0,735333000.0,6.5,1196685000.0,0.23502642730213696,15260965000.0,6824831000.0,7241437000.0,7102833000.0,8436134000.0,163073000.0,2408087000.0,29986881964.216324,26420587964.216324,67.4472391407256,1.0195139038183778,0.10425415430806637,0.2331221095438114,0.06235605949127122,67.4472391407256,0.09580750058133308,5.889360804205492,11.465154374805513,4.3937911377170105,0.0,23.885125066687927,0.0,0.3336423351996417,0.7929022123989118,0.04284591439663219,-56.95752142390817,0.23502642730213696,-0.4298245614035088,3.0580241311821257,0.2681426526353604,4.202376013810302,-0.18648198504418761,-0.4324045138888889,-0.3191361111111111,3.0580241311821257,0.2681426526353604,4.202376013810302,Airlines,Industrials,VLRS
2015Q3,2015,Q3,2015-09-30,2015-09-30,1152000000.0,5219000000.0,1080000000.0,11.4,1471000000.0,0.28185476144855337,13743000000.0,6196000000.0,5921000000.0,6789000000.0,7547000000.0,156000000.0,0.0,25549293615.016193,22595293615.016193,61.23275812621751,0.8721461187214612,0.10579931601542604,0.23466752743705616,0.0988063755271246,61.23275812621751,0.18592640413169786,4.895438516002336,5.544551565758723,4.123514140577178,0.0,24.025641025641026,0.0,0.3797569671832933,0.6986301369863014,0.08382449246889326,105.14112598772095,0.28185476144855337,2.2853025936599423,3.3584649480304596,0.2499397766744854,0.0,1.0865248226950355,2.282051282051282,2.0945558739255015,3.3584649480304596,0.2499397766744854,0.0,Airlines,Industrials,VLRS
2015Q2,2015,Q2,2015-06-30,2015-06-30,351000000.0,4099000000.0,349000000.0,3.47,705000000.0,0.17199316906562576,12746136000.0,5214241000.0,5479346000.0,7092066000.0,7531895000.0,158339000.0,640338000.0,19055553726.6498,16477200726.6498,51.530383633583924,0.7726022290260695,0.1137106963239683,0.27796413706232603,0.03662006067138017,51.530383633583924,0.06731564574786628,4.648829891839424,13.572331714138034,3.654521094565786,0.0,21.435022325516773,0.0,0.321587656055137,0.6083469894386205,0.02753775732504345,20.122020830675606,0.17199316906562576,0.15666666666666673,1.6081210775328942,0.09203792911420422,0.0,0.03676470588235294,0.14705882352941177,0.008670520231213872,1.6081210775328942,0.09203792911420422,0.0,Airlines,Industrials,VLRS
2015Q1,2015,Q1,2015-03-31,2015-03-31,306000000.0,3768000000.0,346000000.0,3.0,680000000.0,0.18046709129511676,11084711000.0,4805768000.0,4464918000.0,5642817000.0,6278943000.0,137720000.0,288851000.0,17061323067.384327,15156275067.384327,47.493613549825064,0.7912569200808744,0.11284028965662704,0.260270991025784,0.040002703873871344,47.493613549825064,0.06367348569469021,4.527951981789895,13.938989434137522,3.550176177331974,0.0,22.422306128376416,0.0,0.3399276715468721,0.609983276083559,0.027605591160653625,17.978211872902346,0.18046709129511676,-0.5652173913043479,2.1009063307883973,0.25292104096670154,0.0,-0.07580065563788782,-0.564836515051537,-0.18798975834481335,2.1009063307883973,0.25292104096670154,0.0,Airlines,Industrials,VLRS
2014Q4,2014,Q4,2014-12-31,2014-12-31,703184000.0,3958742000.0,426103000.0,6.9,735772000.0,0.18586005352205323,9905040000.0,4469780000.0,3688669000.0,4768367000.0,5435260000.0,139673000.0,-55783000.0,13491364139.57303,12474377139.57303,44.17316940242165,0.7735707004095952,0.1259833377755163,0.279179288466099,0.06896159136582056,44.17316940242165,0.15731959962235278,3.4079927763852838,4.796526989938989,3.018350822540042,0.0,23.07511115247757,0.0,0.39966946120358926,0.5821900872982302,0.07099254520930759,-11.909633769069183,0.18586005352205323,1.0294117647058825,3.3640762583931516,-0.014033186413983621,2.4071881945183695,0.019074792243767312,1.0264668587896253,0.18034072022160666,3.3640762583931516,-0.014033186413983621,2.4071881945183695,Airlines,Industrials,VLRS
2014Q3,2014,Q3,2014-09-30,2014-09-30,347000000.0,3995000000.0,361000000.0,3.4,722000000.0,0.18072590738423028,8701300000.0,3847000000.0,3365000000.0,4022000000.0,4854000000.0,127000000.0,-759000000.0,11791912580.642769,10865812580.642769,38.018466835306455,0.8366484336151169,0.10204222357578753,0.23080322329087602,0.055814562357814713,38.018466835306455,0.09020015596568755,2.951667729822971,8.495614251183552,3.0652229219242964,0.0,25.771653543307085,0.0,0.4591267971452542,0.5870213823968174,0.03987909852550768,-280.7598233486373,0.18072590738423028,5.857142857142857,0.31283623000570254,-0.04320570840878151,0.0,2.4545454545454546,5.626666666666667,4.8,0.31283623000570254,-0.04320570840878151,0.0,Airlines,Industrials,VLRS
2014Q2,2014,Q2,2014-06-30,2014-06-30,-75000000.0,3308000000.0,-95000000.0,-0.7,209000000.0,0.06318016928657799,8853900000.0,3526000000.0,3837000000.0,4473000000.0,5328000000.0,124000000.0,-1106000000.0,11784315815.279999,10454315815.279999,34.84614350436458,0.857813547954393,0.08561199019641062,0.2149744753261486,-0.014718276691207455,34.84614350436458,-0.02127056154282473,3.5623687470616683,-39.2810527176,3.3421201971866137,0.0,24.991935483870968,0.0,0.37362066434000835,0.6213056114464565,-0.008470843357164639,-1473.0394769099998,0.06318016928657799,0.8108108108108107,-1.5572910047725896,-0.11869660601871034,0.0,1.9047619047619047,0.7972972972972973,0.805327868852459,-1.5572910047725896,-0.11869660601871034,0.0,Airlines,Industrials,VLRS
2014Q1,2014,Q1,2014-03-31,2014-03-31,-370000000.0,2775000000.0,-488000000.0,-3.7,-231000000.0,-0.08324324324324324,8703000000.0,3593000000.0,3886000000.0,4340000000.0,5109000000.0,123000000.0,-1031000000.0,10958462544.1312,9385462544.1312,35.50827952671071,0.8953917050691245,0.07664023899804664,0.18563874199833008,-0.08885739313589433,35.50827952671071,-0.10297801280267187,3.948995511398631,-7.4043665838724335,3.0499478274787646,0.0,24.4390243902439,0.0,0.3188555670458463,0.6711981566820276,-0.04251407560611283,-127.42398307129304,-0.08324324324324324,-2.854166666666667,-0.33116124964610116,-0.07726754546640215,0.0,-4.5677879714576965,-2.80181253981628,-1.4819069996897616,-0.33116124964610116,-0.07726754546640215,0.0,Airlines,Industrials,VLRS
2013Q4,2013,Q4,2013-12-31,2013-12-31,-97322000.0,3183471000.0,-196623000.0,-0.96,64746000.0,0.020338178045284535,8377784000.0,3962370000.0,3999960000.0,3871529000.0,4415414000.0,113835000.0,-661000000.0,17880285417.867264,15991804417.867264,39.15862553527768,1.0331731984959946,0.0671170323799229,0.14190799950534655,-0.023856581209949556,39.15862553527768,-0.024561562903010068,5.616600690839421,-45.9307387277986,4.5125229137781835,0.0,27.396890235867705,0.0,0.3799896249413926,0.7914353734661422,-0.011616675722362859,-11.489391706736843,0.020338178045284535,-1.3265306122448979,-1.6039964356688128,-0.20712267735217674,2.0204037528276,-0.8997739938080496,-1.3831574803149607,-1.5257299465240641,-1.6039964356688128,-0.20712267735217674,2.0204037528276,Airlines,Industrials,VLRS
2013Q3,2013,Q3,2013-09-30,2013-09-30,254000000.0,3722000000.0,374000000.0,2.94,646000000.0,0.17356260075228372,8452000000.0,4135000000.0,4555000000.0,3794000000.0,4317000000.0,112000000.0,-564000000.0,16059409135.249302,13494409135.249302,49.18599965899293,1.2005798629414866,0.048390913393279694,0.09891172914147521,0.0647238695329874,49.18599965899293,0.061426844014510276,4.314725721453332,15.806505054379233,3.883774881559686,0.0,27.464285714285715,0.0,0.4403691433980123,0.9652082235108065,0.030052058684335067,-83.64275591275678,0.17356260075228372,0.3674418604651163,0.15666706824927754,0.0729308590659898,0.0,0.8223260327454498,0.45562910112037597,2.653235653235653,0.15666706824927754,0.0729308590659898,0.0,Airlines,Industrials,VLRS
2013Q2,2013,Q2,2013-06-30,2013-06-30,174495000.0,3035464000.0,102375000.0,2.15,354492000.0,0.11678346374722283,6248965000.0,1196840000.0,2538293000.0,4341485000.0,5052125000.0,103382000.0,-817436000.0,14717398001.16081,14323382001.16081,14.746588748598224,0.5846600875046211,0.11705730468965661,0.6111819457905818,0.04187946644362042,14.746588748598224,0.14579643060058153,4.848483790669502,21.08570159769737,12.296880118613023,0.0,25.93267686831363,0.0,0.4857546809751695,0.3908837644262274,0.027923824185285082,41.45745915819947,0.11678346374722283,3.8015109916958,0.6165413478650648,0.008249670810908752,0.0,0.25576353562977344,3.8015123783835856,1.695710561655739,0.6165413478650648,0.008249670810908752,0.0,Airlines,Industrials,VLRS
2013Q1,2013,Q1,2013-03-31,2013-03-31,-62286000.0,3061587000.0,37977000.0,-0.767443,282292000.0,0.09220446781358818,6027846000.0,999121000.0,2234344000.0,4199941000.0,5008423000.0,108945000.0,-991931000.0,14053810885.45107,14066904885.45107,12.31043957177919,0.5319941399176797,0.15577571158918127,0.9398181001099967,0.015090120471397,12.31043957177919,-0.06234079756105617,4.590367964539656,-56.4083858549717,14.066175053322942,0.0,25.510991784845565,0.0,0.5079073022104413,0.37248189915048807,-0.010333044341212433,371.96122291641933,0.09220446781358818,-1.4826685534591193,0.7206154122185342,0.2692362702304044,0.0,-0.27664546679854657,-1.4819443047377339,-0.7756026943984874,0.7206154122185342,0.2692362702304044,0.0,Airlines,Industrials,VLRS
2012Q4,2012,Q4,2012-12-31,2012-12-31,129239000.0,3220415000.0,169240000.0,1.59,390254000.0,0.12118127632618778,5701558000.0,1052221000.0,1815018000.0,3721897000.0,4626891000.0,97150000.0,-929645000.0,14596756135.196445,14934603135.196445,12.964699007084299,0.48765938444830687,0.203439656318501,1.1023568242793103,0.0750648158554763,12.964699007084299,0.12282495787481908,4.532569912634379,28.235973922725425,13.87232923045296,0.0,29.131868244981987,0.0,0.5648307006611175,0.3255737598326875,0.022667313039698975,-21.162171801368373,0.12118127632618778,-0.39129645814933445,0.0,0.0,0.0,-0.36749756888168555,-0.3903820754716981,-0.4948059701492537,0.0,0.0,0.0,Airlines,Industrials,VLRS
2012Q3,2012,Q3,2012-09-30,2012-09-30,212000000.0,3349000000.0,335000000.0,2.612109,617000000.0,0.18423409973126306,,,,,,,,14575265736.82956,,,0.0,0.0,0.0,0.0,,0.0,4.352124734795329,17.18781336890278,0.0,0.0,0.0,0.0,0.0,0.0,0.0,33.88406800595502,0.18423409973126306,0.963991729323308,0.0,0.0,0.0,1.1814607655265559,1.1860402767609481,7.535901747948835,0.0,0.0,0.0,Airlines,Industrials,VLRS
2012Q2,2012,Q2,2012-06-30,2012-06-30,96979000.0,2704821000.0,39246000.0,1.33,282838000.0,0.1045681026581796,,,,,,,,13648766571.035187,,,0.0,0.0,0.0,0.0,,0.0,5.046088658375244,35.18485076932941,0.0,0.0,0.0,0.0,0.0,0.0,0.0,-90.38559110919557,0.1045681026581796,1.4841814639317574,0.0,0.0,0.0,6.828558775498907,1.4350004485511796,1.236724008975318,0.0,0.0,0.0,Airlines,Industrials,VLRS
2012Q1,2012,Q1,2012-03-31,2012-03-31,-222940000.0,2412149000.0,-165788000.0,-2.746904,36129000.0,0.014977930467811068,,,,,,,,14551728633.856306,,,0.0,0.0,0.0,0.0,,0.0,6.032682323461903,-16.31798761309804,0.0,0.0,0.0,0.0,0.0,0.0,0.0,280.62344294390715,0.014977930467811068,0.0,0.0,0.0,0.0,0.0,0.0,0.0,0.0,0.0,0.0,Airlines,Industrials,VLRS
