Quarters,Year,Quarter,FillingDate,Date,NetIncome,Revenue,OperatingIncome,EPSDiluted,GrossProfit,GrossProfitRatio,TotalAssets,CommonStockEquity,CurrentAssets,CurrentLiability,TotalLiability,Inventory,RetainedEarnings,MarketCap,EnterpriseValue,bookValuePerShare,currentRatio,debtToAssets,debtToEquity,roic,shareholdersEquityPerShare,roe,priceToSalesRatio,peRatio,pbRatio,payoutRatio,inventoryTurnover,dividendYield,assetTurnover,quickRatio,returnOnAssets,priceToFreeCashFlowsRatio,grossProfitMargin,epsdilutedGrowth,fiveYNetIncomeGrowthPerShare,fiveYRevenueGrowthPerShare,fiveYShareholdersEquityGrowthPerShare,grossProfitGrowth,netIncomeGrowth,operatingIncomeGrowth,threeYNetIncomeGrowthPerShare,threeYRevenueGrowthPerShare,threeYShareholdersEquityGrowthPerShare,Industry,Sector,Symbol
2023Q1,2023,Q1,2023-05-10,2023-03-31,14101000.0,37879000.0,33962000.0,1.08,37879000.0,1.0,3977407000.0,369546000.0,502749000.0,140150000.0,3607861000.0,0.0,271712000.0,265264908.25,458258908.25,28.907251813244695,3.587220834819836,0.06632713222458753,0.7138759450785559,0.04277709499948422,28.907251813244695,0.038157631255648826,7.002954361255577,4.702944972874264,0.7178129603621741,0.1972909722714701,0.0,0.010487629209432001,0.009523541342387138,3.7032679272208346,0.0035452745972438826,16.79529620425478,1.0,-0.06896551724137918,0.8315476401224372,0.649759162531137,0.7426569573280557,-0.017125509224422013,-0.06529232400901498,0.04963530720731858,2.176279785487489,0.5111489800324017,0.4650287803451921,Banks—Regional,Financial Services,SMMF
2022Q4,2022,Q4,2023-03-10,2022-12-31,15086000.0,38539000.0,32356000.0,1.16,38539000.0,1.0,3916692000.0,354530000.0,465784000.0,225999000.0,3562162000.0,0.0,260393000.0,317987247.67,622812247.6700001,27.75033201695437,2.061000269912699,0.08924418871843892,0.9859306687727414,0.0367420151825744,27.75033201695437,0.04255211124587482,8.251050823062354,5.269575229848866,0.8969262055961413,0.18407795306907065,0.0,0.008733054612560777,0.009839681036956698,2.061000269912699,0.003851719767599801,18.335192738857177,1.0,0.04504504504504488,5.265119733969121,0.7361484002573392,0.6973509410744535,0.006923760255003396,0.04596824516397421,0.21561408122628395,0.7971842422193767,0.5732387605333441,0.3889426241087243,Banks—Regional,Financial Services,SMMF
2022Q3,2022,Q3,2022-11-04,2022-09-30,14423000.0,38274000.0,26617000.0,1.11,38274000.0,1.0,3887299000.0,341674000.0,442858000.0,273148000.0,3545625000.0,0.0,248084000.0,343928782.62,694852782.62,26.763382494131307,1.6213115234231992,0.10201813650043384,1.1606824048654565,0.028448502329124072,26.763382494131307,0.04221275250677546,8.985963908136071,5.9614640265548084,1.006599222124013,0.19253969354503225,0.0,0.00807434602839929,0.0098459110040159,1.6213115234231992,0.0037102883004368845,16.836145614842373,1.0,0.20652173913043484,1.3433363614231575,0.734418456724585,0.6560315156998253,0.12534180118197055,0.20051606459131013,0.28516247404760753,0.739690039343147,0.6376619797107927,0.37039288991414554,Banks—Regional,Financial Services,SMMF
2022Q2,2022,Q2,2022-08-04,2022-06-30,12014000.0,34011000.0,20711000.0,0.92,34011000.0,1.0,3762799000.0,333891000.0,429444000.0,291300000.0,3428908000.0,0.0,236438000.0,354326232.72,719483232.72,26.177830269004644,1.4742327497425334,0.11022592490324357,1.2421958064158662,0.021848626007073827,26.177830269004644,0.03598180244451033,10.417989259945312,7.37319445480273,1.0612033050306837,0.20975528550024972,0.0,0.007112089840639558,0.00903875014317799,1.4742327497425334,0.0031928359713075294,24.759012837677314,1.0,0.010989010989010999,1.1930399591971184,0.5106648710975622,0.6656309350614468,0.018750936049123857,0.027452321901992646,0.07763151048441647,0.37913282842820817,0.3060943881857273,0.39263855748140575,Banks—Regional,Financial Services,SMMF
2022Q1,2022,Q1,2022-05-06,2022-03-31,11693000.0,33385000.0,19219000.0,0.91,33385000.0,1.0,3643691000.0,330466000.0,447134000.0,140000000.0,3313225000.0,0.0,226944000.0,326152150.23,528301150.23,25.928466005931444,3.1938142857142857,0.07229098186426895,0.7970744342837085,0.025311780415414226,25.928466005931444,0.03538336772920664,9.769421902950427,6.97323506007868,0.9869461615718409,0.2154280338664158,0.0,0.00772338921642436,0.009162412509732576,3.1938142857142857,0.003209108566011772,22.46845895770185,1.0,-0.06185567010309272,7.096390740014117,0.718792984698124,0.8124667642790541,-0.02042193597605704,-0.0705826245926397,0.04781376076763712,0.6451634146234739,0.4895453060778064,0.4113996163116857,Banks—Regional,Financial Services,SMMF
2021Q4,2021,Q4,2022-03-04,2021-12-31,12581000.0,34081000.0,18342000.0,0.97,34081000.0,1.0,3576719000.0,327473000.0,490139000.0,140000000.0,3249246000.0,0.0,217770000.0,354559434.75,539260434.75,25.352967567590586,3.5009928571428572,0.07357553109427942,0.8036051827173538,0.02543959629782707,25.352967567590586,0.03841843449688982,10.40343401748775,7.045533637032032,1.0827134901197961,0.1998251331372705,0.0,0.007090489643217709,0.009528565145878107,3.5009928571428572,0.003517469502077183,21.29869854928816,1.0,0.054347826086956444,1.214376590398145,0.6700740476715389,0.7477757501002591,0.0,0.028027455466579507,0.0,0.6157123245240406,0.4927439152510864,0.42525865400041607,Banks—Regional,Financial Services,SMMF
2021Q3,2021,Q3,2021-11-04,2021-09-30,12238000.0,31899000.0,0.0,0.92,0.0,0.0,3508951000.0,323289000.0,0.0,140000000.0,3185662000.0,0.0,207703000.0,317761733.25,296391733.25,24.936336131342525,0.0,0.054072855391825075,0.5869021216311102,0.0,24.936336131342525,0.03785467491934461,9.961495133076271,6.491292148431117,0.9829030163414159,0.20893936917797026,0.0,0.008046909783149604,0.009090751053519983,4.616671428571428,0.003487652007679788,22.27249830027336,0.0,0.15,1.3576702748075669,0.7591727869523842,0.7333887269958252,0.0,0.15890151515151515,0.0,0.693122632253717,0.4470896730076735,0.4449181994740412,Banks—Regional,Financial Services,SMMF
2021Q2,2021,Q2,2021-08-05,2021-06-30,10560000.0,30841000.0,0.0,0.8,0.0,0.0,3272533000.0,315207000.0,0.0,140000000.0,2957326000.0,0.0,198022000.0,285081377.57,279802377.57,24.33587956230669,0.0,0.05797038563094704,0.6018584612651369,0.0,24.33587956230669,0.03350179405914209,9.243584111085893,6.749085643229167,0.9044259092279042,0.2215909090909091,0.0,0.00820818258963768,0.009424198319772483,3.9366285714285714,0.0032268582165557993,22.82842549407431,0.0,0.0,1.0525533333612178,0.6894730003487357,0.7253432610899538,0.0,0.019305019305019305,0.0,0.6054731349245722,0.39806579740959097,0.433922355245718,Banks—Regional,Financial Services,SMMF
2021Q1,2021,Q1,2021-05-06,2021-03-31,10360000.0,30653000.0,0.0,0.8,0.0,0.0,3248135000.0,293445000.0,0.0,140000000.0,2954690000.0,0.0,189803000.0,343612728.45,356696728.45,22.67367913040999,0.0,0.058396895449234716,0.6463937023973828,0.0,22.67367913040999,0.03530474194482782,11.209758537500408,8.29181294522201,1.170961265143383,0.21235521235521235,0.0,0.006402556767684256,0.009437107755681337,3.5616785714285712,0.0031895226029706276,24.707897350255266,0.0,0.012658227848101276,1.1030765225432426,0.7323002442539035,0.6559806641842651,0.0,0.010633108964979026,0.0,0.32918381649332673,0.3187182351472472,0.3668696332706777,Banks—Regional,Financial Services,SMMF
2020Q4,2020,Q4,2021-03-11,2020-12-31,10251000.0,31410000.0,0.0,0.79,0.0,0.0,3106384000.0,281580000.0,0.0,140000000.0,2824804000.0,0.0,181643000.0,285555517.44,375420517.44,21.772601194114053,0.0,0.061052336092382656,0.6735279494282265,0.0,21.772601194114053,0.0364052844662263,9.091229463228272,6.964089294702955,1.0141186072874493,0.21422300263388938,0.0,0.0076902734000277775,0.010111435031856976,2.842164285714286,0.0032999783671303997,17.28439667332486,0.0,0.06756756756756763,1.0383178468402343,0.7360032463662853,0.6149052631851473,0.0,0.0655925155925156,0.0,3.2054727734563446,0.3978084438225329,0.33172262962078214,Banks—Regional,Financial Services,SMMF
2020Q3,2020,Q3,2020-11-05,2020-09-30,9620000.0,30384000.0,0.0,0.74,0.0,0.0,2946862000.0,271963000.0,0.0,140000000.0,2674899000.0,0.0,173588000.0,191377159.98000002,272019159.98,21.046252491263456,0.0,0.06434912798766959,0.6972566121126771,0.0,21.046252491263456,0.03537245875358045,6.2986163763823075,4.973418918399169,0.7036882222214051,0.22817047817047817,0.0,0.01146949824226355,0.01031062872981497,2.9853785714285714,0.0032644894806746973,17.347458301305295,0.0,0.37037037037037024,1.176542564382833,0.7645171616439603,0.6057503492276883,0.0,0.3843718520650453,0.0,0.5441517722555137,0.36028799555927277,0.30227400892061723,Banks—Regional,Financial Services,SMMF
2020Q2,2020,Q2,2020-08-07,2020-06-30,6949000.0,26104000.0,0.0,0.54,0.0,0.0,2861351000.0,263431000.0,0.0,90800000.0,2597920000.0,0.0,166163000.0,212789413.92000002,281096413.92,20.40206230199104,0.0,0.03882676400064165,0.4217309276432918,0.0,20.40206230199104,0.026378824056394273,8.151601820410665,7.655396960713772,0.8077614780340963,0.3157288818535041,0.0,0.01031066329655315,0.009122963243586683,4.146850220264318,0.0024285730761448,98.51361755555557,0.0,0.542857142857143,0.4317386149463075,0.5172110464050681,0.5538223000664788,0.0,0.5421660008877053,0.0,0.25302427104865616,0.1453389863586825,0.2981330293627629,Banks—Regional,Financial Services,SMMF
2020Q1,2020,Q1,2020-05-08,2020-03-31,4506000.0,25442000.0,0.0,0.35,0.0,0.0,2513322000.0,256025000.0,0.0,161600000.0,2257297000.0,0.0,161408000.0,275208849.09000003,415655849.09000003,19.731524869042865,0.0,0.07237472954122075,0.7104813983009471,0.0,19.731524869042865,0.0175998437652573,10.817107502947882,15.269021809254328,1.07492959316473,0.48845983133599646,0.0,0.007997562604828232,0.010122857317924245,2.2001361386138614,0.001792846280739197,43.470044083083245,0.0,-0.46153846153846156,-0.21815707144366692,0.30374578977052313,0.40080351708310824,0.0,-0.44698085419734906,0.0,3.3076304819274296,0.28662407836779724,0.37928456799197674,Banks—Regional,Financial Services,SMMF
2019Q4,2019,Q4,2020-03-06,2019-12-31,8148000.0,23778000.0,0.0,0.65,0.0,0.0,2403492000.0,247764000.0,0.0,199200000.0,2155728000.0,0.0,165859000.0,335941247.88,493559247.88,19.979466059486498,0.0,0.09132795116438915,0.8859479181802038,0.0,19.979466059486498,0.03288613357872815,14.128238198334595,10.307475695876288,1.3558920903763259,0.22790868924889543,0.0,0.005527752283230579,0.009893105531451738,1.740371485943775,0.003390067451857547,35.51926917741594,0.0,0.0,0.7528695057731328,0.24468036826077788,0.2948341913344931,0.0,0.010792705619650168,0.0,0.49375616622217844,0.21364338255184823,0.3773388139130674,Banks—Regional,Financial Services,SMMF
2019Q3,2019,Q3,2019-11-07,2019-09-30,8061000.0,22724000.0,0.0,0.65,0.0,0.0,2323609000.0,242422000.0,0.0,206550000.0,2081187000.0,0.0,159568000.0,317772339.2,491963339.2,19.529714938763306,0.0,0.09763303550640405,0.9358102812451016,0.0,19.529714938763306,0.03325193258037637,13.983996620313325,9.855239399578217,1.3108230243129748,0.2302443865525369,0.0,0.005840659399973349,0.009779614384347797,1.5818010167029775,0.0034691723091105258,33.421575431215814,0.0,-0.04411764705882357,0.5885286821450025,0.0732698447965478,0.31317161494621626,0.0,-0.05873423633815974,0.0,0.6219732936476006,0.3088755920449153,0.35756061106927817,Banks—Regional,Financial Services,SMMF
2019Q2,2019,Q2,2019-08-02,2019-06-30,8564000.0,25600000.0,0.0,0.68,0.0,0.0,2299114000.0,235701000.0,0.0,225343000.0,2063413000.0,0.0,153362000.0,338430174.04999995,527613174.04999995,18.797289597056245,0.0,0.10684898617467424,1.0422441992185014,0.0,18.797289597056245,0.03633416913801808,13.219928673828123,9.879442259750116,1.4358453042201773,0.21870621205044372,0.0,0.005534376493637596,0.011134724071968593,1.4879716698543997,0.0037249131622007436,152.10344901123594,0.0,0.21428571428571425,1.2916864793933651,0.28442461662355445,0.3058553014747505,0.0,0.20755781161872533,0.0,0.7194510016815974,0.44858966727678456,0.3326733003425179,Banks—Regional,Financial Services,SMMF
2019Q1,2019,Q1,2019-05-06,2019-03-31,7092000.0,22364000.0,0.0,0.56,0.0,0.0,2249641000.0,233630000.0,0.0,186292000.0,2016011000.0,0.0,146671000.0,332181126.12,480838126.12,18.370747523432474,0.0,0.0918417649749449,0.8843513247442537,0.0,18.370747523432474,0.030355690621923555,14.853386072258989,11.709712567681894,1.4218256479048068,0.25028200789622107,0.0,0.0053434703552627,0.009941141719945538,1.9534279518175768,0.003152502999367455,31.58215688533942,0.0,-0.06666666666666654,0.9038585111872841,0.12527238760013634,0.3082863704153229,0.0,-0.04805369127516779,0.0,0.46509904037580085,0.28618251763330593,0.3417144394803413,Banks—Regional,Financial Services,SMMF
2018Q4,2018,Q4,2019-03-01,2018-12-31,7450000.0,21844000.0,0.0,0.6,0.0,0.0,2200586000.0,219830000.0,0.0,303950000.0,1980756000.0,0.0,141354000.0,238634988.23999998,503368988.24,17.788327400384397,0.0,0.14735802190870978,1.4751125869990447,0.0,17.788327400384397,0.03388982395487422,10.924509624610875,8.007885511409397,1.0855433209298093,0.23140939597315435,0.0,0.007224422590815303,0.009926446864607882,1.1889949004770521,0.003385461872428526,26.026282935979932,0.0,0.09090909090909079,0.7641392943500562,0.11496010764997248,0.3056900084888966,0.0,0.07986664734019423,0.0,0.5502494552733402,0.2634393693966575,0.3193859238971945,Banks—Regional,Financial Services,SMMF
2018Q3,2018,Q3,2018-11-02,2018-09-30,6899000.0,21040000.0,0.0,0.55,0.0,0.0,2138727000.0,213556000.0,0.0,233300000.0,1925171000.0,0.0,135628000.0,285228767.5,485022767.5,17.25795698359914,0.0,0.11858830042356971,1.1876416490288262,0.0,17.25795698359914,0.03230534379741145,13.556500356463879,10.335873586751704,1.335615798666392,0.23293230903029424,0.0,0.005634074059517856,0.009837627710315528,1.502374624946421,0.0032257506451267505,30.656574322871883,0.0,0.07843137254901968,0.9988725925111901,0.11532484144080624,0.2920229253459963,0.0,0.09856687898089173,0.0,0.6300123272127878,0.27596665788835245,0.3167175707349469,Banks—Regional,Financial Services,SMMF
2018Q2,2018,Q2,2018-08-07,2018-06-30,6280000.0,21062000.0,0.0,0.51,0.0,0.0,2107652000.0,209879000.0,0.0,199900000.0,1897773000.0,0.0,130336000.0,331917450.48,505738450.48,16.97154624396415,0.0,0.10449163334364496,1.0493284225672888,0.0,16.97154624396415,0.029922002677733362,15.759066113379546,13.21327430254777,1.581470516249839,0.25589171974522296,0.0,0.004841565267737652,0.009993110817155773,1.6911305652826414,0.0029796190262908677,57.43510131164562,0.0,-0.14999999999999997,2.396505253724791,0.18650967893459594,0.288525045765602,0.0,-0.15625419857584308,0.0,0.3509718724105399,0.27815575637346246,0.29255398940270144,Banks—Regional,Financial Services,SMMF
2018Q1,2018,Q1,2018-05-09,2018-03-31,7443000.0,22197000.0,0.0,0.6,0.0,0.0,2134895000.0,205009000.0,0.0,190000000.0,1929886000.0,0.0,125663000.0,309094813.49,472023813.49,16.588033400197705,0.0,0.09852287817433644,1.0259842250828013,0.0,16.588033400197705,0.03630572316337331,13.925071563274317,10.382064137108694,1.5077133857050178,0.2159075641542389,0.0,0.005199051973261241,0.010397232650786105,1.8560157894736842,0.003486354129828399,35.43040044589638,0.0,2.1578947368421053,1.7317530512509656,0.17176593131017845,0.22628321542693003,0.0,2.2040464916056823,0.0,0.35587621910495865,0.1942071092428802,0.17763709002264128,Banks—Regional,Financial Services,SMMF
2017Q4,2017,Q4,2018-03-02,2017-12-31,2323000.0,21415000.0,0.0,0.19,0.0,0.0,2134240000.0,201505000.0,0.0,247000000.0,1932735000.0,0.0,119827000.0,324395763.44,539104763.44,16.349201184869827,0.0,0.12526238848489393,1.3267164586486688,0.0,16.349201184869827,0.01152824991935684,15.148062733597945,34.911296108480414,1.6098645861889282,0.5832974601808006,0.0,0.00417699659709218,0.010034016792863034,1.577663967611336,0.0010884436614438863,38.6415441858249,0.0,-0.6041666666666666,-0.2724495730372278,-0.23211388758278784,0.22377615126133948,0.0,-0.6082630691399663,0.0,-0.49717968878360347,0.12788710892025298,0.05956308502670501,Banks—Regional,Financial Services,SMMF
2017Q3,2017,Q3,2017-11-03,2017-09-30,5930000.0,21261000.0,0.0,0.48,0.0,0.0,2101136000.0,198782000.0,0.0,199500000.0,1902354000.0,0.0,119157000.0,315617666.42,484247666.42,16.16115529227795,0.0,0.10463101864895942,1.1059552675795594,0.0,16.16115529227795,0.029831674900141863,14.844911641973567,13.3059724460371,1.5877577769616968,0.2278246205733558,0.0,0.004280495497366082,0.010118811918885784,1.944456140350877,0.002822282803207408,30.497407133056335,0.0,0.11627906976744183,2.929254522679247,0.30291340790145105,0.22353006633374173,0.0,0.12353164077302008,0.0,0.17932174442946647,0.013396283912189888,0.08667077123764232,Banks—Regional,Financial Services,SMMF
2017Q2,2017,Q2,2017-08-09,2017-06-30,5278000.0,21691000.0,0.0,0.43,0.0,0.0,2095300000.0,193132000.0,0.0,202250000.0,1902168000.0,0.0,114578000.0,270347308.0,439409308.0,15.716464985107232,0.0,0.10623681573044433,1.1525692272642545,0.0,15.716464985107232,0.027328459292090383,12.46357051311604,12.805385941644563,1.3998058737029595,0.2557787040545661,0.0,0.004993576632913985,0.010352216866319859,1.967451174289246,0.0025189710304013746,-62.8422380288238,0.0,3.8666666666666667,2.822561829931527,0.328164731549601,0.20810978207301664,0.0,4.266089108910891,0.0,0.4411684761793134,0.11049102677604182,0.09182917118320295,Banks—Regional,Financial Services,SMMF
2017Q1,2017,Q1,2017-05-08,2017-03-31,-1616000.0,16365000.0,0.0,-0.15,0.0,0.0,1776442000.0,153619000.0,0.0,225400000.0,1622823000.0,0.0,110650000.0,231304382.1,419287382.1,14.305622876480731,0.0,0.13859388598107902,1.6026923752921187,0.0,14.305622876480731,-0.0105195320891296,14.134089954170486,-35.783474953589106,1.5057016521393838,-0.7314356435643564,0.0,0.005110149618734785,0.009212234342579156,1.536259982253771,-0.0009096835134499184,61.74703206086492,0.0,-1.3409090909090908,-1.7201463899917466,0.03625161830548882,0.11343716250407766,0.0,-1.343026958182976,0.0,-1.5137725750855633,-0.02481321605863164,0.018785512441925504,Banks—Regional,Financial Services,SMMF
2016Q4,2016,Q4,2017-02-28,2016-12-31,4711000.0,16921000.0,0.0,0.44,0.0,0.0,1758647000.0,155360000.0,0.0,221000000.0,1603287000.0,0.0,113448000.0,294850814.92,490493814.92,14.505846969290106,0.0,0.1377530567532882,1.5593395983522143,0.0,14.505846969290106,0.030323120494335738,17.42514123987944,15.646933502441096,1.89785539984552,0.2428359159414137,0.0,0.003879928228485291,0.009621601151339637,1.4449095022624434,0.0026787638451605126,49.14999415235873,0.0,0.09999999999999995,1.4149633650725537,0.06527588796544788,0.1491982393397693,0.0,0.10044382153702407,0.0,0.2871982175109784,-0.0034274715168030622,0.064751003630715,Banks—Regional,Financial Services,SMMF
2016Q3,2016,Q3,2016-11-03,2016-09-30,4281000.0,14955000.0,0.0,0.4,0.0,0.0,1657636000.0,153820000.0,0.0,231200000.0,1503816000.0,0.0,109808000.0,204866824.68,423302824.68,14.385888025567263,0.0,0.1525877816360166,1.6443570406969186,0.0,14.385888025567263,0.027831231309322586,13.698884966900703,11.963724870357394,1.3318607767520478,0.2429338939500117,0.0,0.005076468586968486,0.00902188417722588,1.3065354671280276,0.00258259352475453,29.291796494137834,0.0,0.0,0.6804245687219603,-0.09745087392931588,0.18165388159481294,0.0,0.00895592740985152,0.0,0.435457901613739,-0.08253750167771479,0.07700448831557258,Banks—Regional,Financial Services,SMMF
2016Q2,2016,Q2,2016-08-04,2016-06-30,4243000.0,15055000.0,0.0,0.4,0.0,0.0,1565181000.0,150669000.0,0.0,202100000.0,1414512000.0,0.0,106594000.0,186934912.5,398190912.5,14.104949496793436,0.0,0.14331505429723462,1.488786678082419,0.0,14.104949496793436,0.02816106830203957,12.416799236134175,11.01431254419043,1.2406992314278318,0.2453452745698798,0.0,0.005568783198804557,0.009618695856900896,1.3856655121227115,0.002710868583250116,76.8330918618989,0.0,0.05263157894736847,2.566377911399468,-0.2069209542491089,0.24768542348921987,0.0,0.04455933037912359,0.0,1.6566900108537526,-0.018144356215526635,0.07088537689021542,Banks—Regional,Financial Services,SMMF
2016Q1,2016,Q1,2016-05-06,2016-03-31,4062000.0,14591000.0,0.0,0.38,0.0,0.0,1508568000.0,146119000.0,0.0,150000000.0,1362449000.0,0.0,103418000.0,165093612.32,321125612.32,13.69199509438658,0.0,0.11447412380482683,1.1818586220820018,0.0,13.69199509438658,0.027799259507661562,11.314756515660338,10.160857479074348,1.1298572555246067,0.25775480059084194,0.0,0.006341856509691035,0.009672086375953884,1.9560333333333333,0.0026926197559539906,27.854498451155727,0.0,-0.025641025641025664,13.471065518409569,0.03654133947742347,0.24547324761510753,0.0,-0.020260492040520984,0.0,0.72651917676685,-0.10799002305252545,0.012191340882760273,Banks—Regional,Financial Services,SMMF
2015Q4,2015,Q4,2016-02-26,2015-12-31,4146000.0,14916000.0,0.0,0.39,0.0,0.0,1492429000.0,143744000.0,0.0,167950000.0,1348685000.0,0.0,100423000.0,126660996.00000001,308293996.0,13.482277685547333,0.0,0.1280596932919422,1.3295859305431879,0.0,13.482277685547333,0.028842943009795192,8.49161946902655,7.637541968162084,0.8811567508904721,0.19922817173178967,0.0,0.006521344581879018,0.009994445296895195,1.7613754093480203,0.0027780216010275865,38.793566921898936,0.0,0.14705882352941171,2.4722958910022697,-0.05456379782899289,0.2196652799996699,0.0,0.13247746517344988,0.0,0.5010875348275847,-0.3817075549383123,0.009180186217588747,Banks—Regional,Financial Services,SMMF
2015Q3,2015,Q3,2015-11-05,2015-09-30,3661000.0,14263000.0,0.0,0.34,0.0,0.0,1469304000.0,140289000.0,0.0,141850000.0,1329015000.0,0.0,97129000.0,125980501.02,279189501.02,13.106802375217288,0.0,0.11263700364254096,1.1796933473044928,0.0,13.106802375217288,0.02609613013137167,8.832679031059385,8.60287496722207,0.8980069785941877,0.22862605845397432,0.0,0.006643885309418816,0.009707317205969629,2.042375749030666,0.0024916559132759455,19.3845977873519,0.0,-0.1052631578947368,22.712916887884656,-0.09337881987599495,0.18027122880132188,0.0,-0.08703241895261846,0.0,1.7876162102800761,0.004431980911038383,-0.0077091340595327375,Banks—Regional,Financial Services,SMMF
2015Q2,2015,Q2,2015-08-07,2015-06-30,4010000.0,14215000.0,0.0,0.38,0.0,0.0,1479969000.0,140072000.0,0.0,171160000.0,1339897000.0,0.0,94318000.0,119587069.32000001,304110069.32,13.130241663488906,0.0,0.13364131275722668,1.4120238163230339,0.0,13.130241663488906,0.02862813410246159,8.412737905029898,7.455552950124688,0.853754278656691,0.21271820448877807,0.0,0.007132878202052756,0.00960493091409347,1.7258471605515306,0.002709516212839593,28.809219301373165,0.0,0.014217731194935388,2.0612806643230535,-0.06797074706777753,0.20074563069890447,0.0,-0.06417736289381563,0.0,2.345417033868289,0.002628375897178195,0.009309244138235594,Banks—Regional,Financial Services,SMMF
2015Q1,2015,Q1,2015-05-04,2015-03-31,4285000.0,14509000.0,0.0,0.374673,0.0,0.0,1460492000.0,135889000.0,0.0,141550000.0,1324603000.0,0.0,91176000.0,115282967.73089999,274147967.7309,14.085861884563082,0.0,0.11718790654108342,1.2594985613257879,0.0,14.085861884563082,0.031533089506876937,7.9456177359500995,6.725960777765461,0.8483612929000875,0.23453908984830804,0.0,0.008717679808052199,0.009934323501943182,2.1192935358530556,0.0029339428083139107,16.134775049811054,0.0,0.28124871763305825,29.07627051318185,-0.04354842199604668,0.2642326316259099,0.0,0.33989993746091307,0.0,1.1255314850305196,0.022642829469164235,0.09633269544363575,Banks—Regional,Financial Services,SMMF
2014Q4,2014,Q4,2015-03-02,2014-12-31,3198000.0,13143000.0,0.0,0.292428,0.0,0.0,1443568000.0,131644000.0,0.0,120950000.0,1311924000.0,0.0,87719000.0,101526242.3,251845242.3,15.43013475640081,0.0,0.11279621050064839,1.2368888821366717,0.0,15.43013475640081,0.02429278964479961,7.72473881914327,7.936698116010006,0.7712181512260339,0.060662914321450906,0.0,0.0019108360124936881,0.009104524345233476,2.490136420008268,0.00221534420269776,14.44802081969546,0.0,-0.08571392839611924,8.017988594335051,-0.3211386682851063,0.3829589310192605,0.0,-0.04136690647482014,0.0,1.0579777364469,0.038712479917925896,0.2224231878615345,Banks—Regional,Financial Services,SMMF
2014Q3,2014,Q3,2014-11-05,2014-09-30,3336000.0,13919000.0,0.0,0.319843,0.0,0.0,1428669000.0,121362000.0,0.0,125000000.0,1307307000.0,0.0,84712000.0,83643495.25,238265495.25,14.872172621217667,0.0,0.11749047540053015,1.3830935548194658,0.0,14.872172621217667,0.02748801107430662,6.009303488037934,6.268247545713429,0.6892066318122642,0.0578537170263789,0.0,0.002307411944265923,0.009742634578058318,2.408808,0.002335040516732707,13.032641827672172,0.0,0.4000017508612048,1.3676382244121283,0.00959626732980218,0.3144357683462416,0.0,0.3717105263157895,0.0,0.715803940521806,0.10067801444595972,0.22159719819708465,Banks—Regional,Financial Services,SMMF
2014Q2,2014,Q2,2014-08-08,2014-06-30,2432000.0,12971000.0,0.0,0.228459,0.0,0.0,1435958000.0,117465000.0,0.0,86050000.0,1318493000.0,0.0,81569000.0,86826028.24000001,245488028.24,14.394619048395159,0.0,0.12004599020305608,1.4675094709062273,0.0,14.394619048395159,0.020704039501127997,6.693857701025365,8.92537296875,0.7391650980292003,0.07935855263157894,0.0,0.002222835754579484,0.009032994001217307,3.571005229517722,0.0016936428502783507,18.704443825937098,0.0,0.0,1.7014065012191546,0.47247133950971765,0.39551150797687745,0.0,0.01799916282963583,0.0,1.6758512245332104,-0.10555582932650792,0.2733088032286717,Banks—Regional,Financial Services,SMMF
2014Q1,2014,Q1,2014-05-12,2014-03-31,2389000.0,12746000.0,0.0,0.228459,0.0,0.0,1406117000.0,114527000.0,0.0,60000000.0,1291590000.0,0.0,79330000.0,83601096.8625,214231096.8625,14.041839721681558,0.0,0.10516976894525847,1.291232635099147,0.0,14.041839721681558,0.020859709937394676,6.559006501059155,8.748545088164503,0.7299684516533219,0.08120552532440352,0.0,0.002320543716299258,0.009064679539469333,5.075433333333334,0.0016990051325743163,11.936193155696744,0.0,-0.13793285612403922,0.34662942680636305,-0.0794922685791402,0.36287959259450997,0.0,-0.14249820531227567,0.0,10.597008399584915,0.18476323095721026,0.27729637646624256,Banks—Regional,Financial Services,SMMF
2013Q4,2013,Q4,2014-03-07,2013-12-31,2786000.0,12925000.0,0.0,0.265013,0.0,0.0,1386227000.0,111072000.0,0.0,53800000.0,1275155000.0,0.0,77134000.0,80794763.32000001,250717763.32,13.62369879889884,0.0,0.13107882042407196,1.6359208441371362,0.0,13.62369879889884,0.025082829155862865,6.251045517988395,7.250068496051687,0.7274089178190724,0.06963388370423547,0.0,0.0024011457182148473,0.009323869755819213,5.692026022304833,0.0020097718483336425,10.437251430047798,0.0,0.20833390327419632,-0.22022315520244726,-0.046675353710852435,0.2671265709801507,0.0,0.2262323943661972,0.0,2.051303732541881,0.07133996174391066,0.2324588469203863,Banks—Regional,Financial Services,SMMF
2013Q3,2013,Q3,2013-11-12,2013-09-30,2272000.0,12418000.0,0.0,0.219321,0.0,0.0,1387787000.0,108805000.0,0.0,45200000.0,1278982000.0,0.0,74541000.0,70460512.60000001,227486512.60000002,13.35731483168347,0.0,0.12475185313019937,1.5911860668167823,0.0,13.35731483168347,0.02088139331832177,5.674062860363988,7.75313738996479,0.6475852451633657,0.08538732394366197,0.0,0.002753315195155137,0.008948059032113717,6.918694690265487,0.0016371388404704756,8.029688045584047,0.0,0.8461519036355524,1.294749198733053,-0.026855636793454842,0.34544245511876415,0.0,0.866885784716516,0.0,18.706142112106914,0.03720311266376171,0.2028299457453145,Banks—Regional,Financial Services,SMMF
2013Q2,2013,Q2,2013-08-07,2013-06-30,1217000.0,11684000.0,0.0,0.118799,0.0,0.0,1369970000.0,107211000.0,0.0,15800000.0,1262759000.0,0.0,72462000.0,66501716.65,197948716.65,13.171297135229667,0.0,0.10493222479324364,1.3408512186249546,0.0,13.171297135229667,0.011351447146281632,5.691690914926395,13.660993559983567,0.6202881854473887,0.15940838126540674,0.0,0.0029172179271856435,0.008528653912129463,19.56993670886076,0.0008883406205975313,15.39748012271359,0.0,-0.31578826117756825,-0.5326180181841146,-0.0690450265679887,0.1676992983737387,0.0,-0.32124930284439485,0.0,1.4221281049576702,0.004019247287948084,0.2045001067833836,Banks—Regional,Financial Services,SMMF
2013Q1,2013,Q1,2013-05-01,2013-03-31,1793000.0,12466000.0,0.0,0.173629,0.0,0.0,1390198000.0,110016000.0,0.0,5960000.0,1280182000.0,0.0,71440000.0,57337776.9,179453776.9,13.527081828664342,0.0,0.09634383015944491,1.2174320098894706,0.0,13.527081828664342,0.01629762943571844,4.59953288143751,7.994670510317903,0.5211767097513088,0.10819854991634133,0.0,0.0033834586984135408,0.008967068000385556,50.40570469798658,0.0012897443385762315,8.615744087152517,0.0,-0.13636318417858775,-0.5360657462572596,-0.10535367960545208,0.18378964035779022,0.0,-0.14821852731591448,0.0,13.928033091979714,-0.025230855771876986,0.2140810692750733,Banks—Regional,Financial Services,SMMF
2012Q4,2012,Q4,2013-02-28,2012-12-31,2105000.0,18386000.0,0.0,0.201044,0.0,0.0,1387104000.0,108555000.0,0.0,3000000.0,1278549000.0,0.0,69841000.0,39327889.48,195182889.48,13.359633759833278,0.0,0.1230311497912197,1.5720786697987195,0.0,13.359633759833278,0.019391092073142647,2.139012807570978,4.6707707220902615,0.36228538049836484,0.09216152019002376,0.0,0.0049328861163184905,0.013254954206750179,100.654,0.0015175502341569197,7.101460722282412,0.0,1.1999912457322943,1.7528693758659817,0.39647594102022843,0.20228008572509534,0.0,1.111334002006018,0.0,5.850230414746544,-0.002874342426378755,0.19738583719391142,Banks—Regional,Financial Services,SMMF
2012Q3,2012,Q3,2012-11-07,2012-09-30,997000.0,10780000.0,0.0,0.091384,0.0,0.0,1404086000.0,107328000.0,0.0,20957000.0,1296758000.0,0.0,67929000.0,40627985.0,284524985.0,13.208629470548441,0.0,0.18595014835273624,2.432636404293381,0.0,13.208629470548441,0.009289281454979129,3.7688297773654917,10.18755892678034,0.3785404088401908,0.1945837512537613,0.0,0.004775033760596298,0.007677592398186436,1.0757742043231378,0.0007100704657691907,5.990561043939841,0.0,0.11111921697367631,-0.7259845682139278,-0.16779604436736145,0.14363019976381355,0.0,0.09200438116100766,0.0,-0.2893799002138275,-0.2147435897435898,0.1674081164275537,Banks—Regional,Financial Services,SMMF
2012Q2,2012,Q2,2012-08-10,2012-06-30,913000.0,10799000.0,0.0,0.082245,0.0,0.0,1416441000.0,105707000.0,0.0,10957000.0,1310734000.0,0.0,67126000.0,42334360.37,324761360.37,13.009136436375075,0.0,0.21249102504093004,2.84731380135658,0.0,13.009136436375075,0.008637081744822955,3.920211164922678,11.592103058598028,0.40048776684609344,0.21248630887185105,0.0,0.0045825659890559485,0.007624037993816897,2.1966779227890845,0.0006445732649647956,9.366008931415928,0.0,-0.5000030396799825,-0.7140577991597382,-0.02272385805709322,0.20920038284576356,0.0,-0.4623085983510012,0.0,1.2644417496740346,0.23114713925783376,0.2611934740868837,Banks—Regional,Financial Services,SMMF
2012Q1,2012,Q1,2012-05-03,2012-03-31,1698000.0,11950000.0,0.0,0.164491,0.0,0.0,1444365000.0,104399000.0,0.0,15956000.0,1339966000.0,0.0,66408000.0,35752626.800000004,324304626.8,12.848163648775591,0.0,0.22118093418214924,3.060048467897202,0.0,12.848163648775591,0.016264523606547957,2.991851615062762,5.263932096584218,0.3424613913926379,0.08775029446407538,0.0,0.004167525950848456,0.008273531967335126,2.267673602406618,0.0011756031197100456,7.8353335086565865,0.0,0.17493571428571417,-0.3819666121395353,0.12713242587284537,0.19164853927707579,0.0,0.1472972972972973,0.0,-0.03927690548552147,-0.13373648027168694,0.24702320965773905,Banks—Regional,Financial Services,SMMF
2011Q4,2011,Q4,2011-12-31,2011-12-31,1480000.0,12051000.0,0.0,0.14,0.0,0.0,1450121000.0,102566000.0,0.0,15956000.0,1347555000.0,0.0,64904000.0,22182879.81,312089879.81,12.622580223951545,0.0,0.22246350476960197,3.1452820622818476,0.0,12.622580223951545,0.014429733049938576,1.840750129449838,3.7471080760135136,0.2162790769845758,0.05,0.0,0.003335905916356313,0.008310340999130417,2.4113812985710705,0.001020604487487596,5.661786577335375,0.0,-0.36166623351161076,6.728616753730039,2.6627230947507092,0.21556678118304612,0.0,-0.23553719008264462,0.0,-0.5843715978484048,-0.1081585869438733,0.1740135356919635,Banks—Regional,Financial Services,SMMF
2011Q3,2011,Q3,2011-09-30,2011-09-30,1936000.0,12592000.0,0.0,0.219321,0.0,0.0,1464584000.0,98924000.0,0.0,955000.0,1365660000.0,0.0,63572000.0,21939111.900000002,288615111.9,12.174367003433717,0.0,0.21123745718920867,3.1274008329626786,0.0,12.174367003433717,0.01957057943471756,1.7423055829097842,2.8330464746900827,0.22177744430067528,0.038739669421487606,0.0,0.0034185522341038787,0.008597663227237222,50.36020942408377,0.0013218770654329147,3.2632919678714862,0.0,1.1818208949284732,-0.25087473852810577,-0.15520730493831494,0.17768544865233465,0.0,1.1392265193370166,0.0,1.251781647442507,-0.010775776181069834,0.22628765115004146,Banks—Regional,Financial Services,SMMF
2011Q2,2011,Q2,2011-06-30,2011-06-30,905000.0,14440000.0,0.0,0.100522,0.0,0.0,1467986000.0,91859000.0,0.0,2047000.0,1376127000.0,0.0,61711000.0,25758142.49,317652142.49,11.304892428211737,0.0,0.2187125762779754,3.4952154933103996,0.0,11.304892428211737,0.009852055868232835,1.7838048815789473,7.1155089751381215,0.2804095678158917,0.08176795580110498,0.0,0.002872877965821052,0.009836606071175065,17.057156814851,0.0006164908929649193,6.522700048113446,0.0,3.7500341969195414,-0.6698055809466732,-0.12648074560297198,0.15292669676173692,0.0,4.649193548387097,0.0,-0.6518346980631543,0.15255017727521106,0.002233479442589233,Banks—Regional,Financial Services,SMMF
2011Q1,2011,Q1,2011-03-31,2011-03-31,-248000.0,10718000.0,0.0,-0.036553,0.0,0.0,1482195000.0,89328000.0,0.0,1879000.0,1392867000.0,0.0,60879000.0,31608572.330000002,302681572.33,10.993407622849126,0.0,0.21709963938618063,3.6022747626723985,0.0,10.993407622849126,-0.0027762851513523194,2.949111058966225,-31.86348017137097,0.35384842748074513,-0.29838709677419356,0.0,0.0023411370569801373,0.007231167289054409,30.07344332091538,-0.00016731941478685328,9.701833127685697,0.0,-1.3322999999999998,-1.0801142385742204,-0.36561406011795516,0.13102982798710516,0.0,-1.2725274725274724,0.0,-1.0642279831393275,-0.2300997430226802,-0.03793869062118758,Banks—Regional,Financial Services,SMMF
2010Q4,2010,Q4,2011-03-01,2010-12-31,910000.0,12024000.0,0.0,0.11,0.0,0.0,1478470000.0,89821000.0,0.0,1582000.0,1388649000.0,0.0,61201000.0,32908667.849999998,324640667.85,11.054080087900003,0.0,0.2313743261615048,3.808463499627036,0.0,11.054080087900003,0.01013126106367108,2.7369151571856287,9.040842815934065,0.36638055521537277,0.08131868131868132,0.0,0.0022486476917661074,0.008132731810587972,35.541719342604296,0.0006155011599829553,2.844555955570922,0.0,7.985269843749999,-0.6423258184914218,-0.16135464326755355,0.168290319812367,0.0,8.109375,0.0,1.3254684712769802,-0.08673845780337072,-0.00520473879679624,Banks—Regional,Financial Services,SMMF
2010Q3,2010,Q3,2010-11-15,2010-09-30,-128000.0,11943000.0,0.0,-0.015747423143348056,0.0,0.0,1496412000.0,90234000.0,0.0,1610000.0,1406178000.0,0.0,60365000.0,31283548.45,353641548.45,11.104907122516659,0.0,0.24568568014691142,4.074373296096815,0.0,11.104907122516659,-0.0014185340337345125,2.6194045424097796,-61.100680566406254,0.3466935794711528,-0.5859375,0.0,0.0023974262420988243,0.007981090769119735,31.832919254658385,-8.553794008601908e-05,15.380308972468043,0.0,0.9569195203103724,-1.0375285605034918,-0.29583205713437954,0.19549874291403097,0.0,0.9555246699096595,0.0,-1.0351795138100475,-0.07801374377359895,-0.038514390974508574,Banks—Regional,Financial Services,SMMF
2010Q2,2010,Q2,2010-08-16,2010-06-30,-2878000.0,11617000.0,0.0,-0.365535,0.0,0.0,1519606000.0,88854000.0,0.0,2739000.0,1430752000.0,0.0,60567000.0,21207808.169999998,392510808.17,10.93507344752638,0.0,0.26342551950966236,4.505177031985054,0.0,10.93507344752638,-0.03239021315866478,1.8255839003184986,-1.8422349001042388,0.2386815244108312,-0.02571230020847811,0.0,0.0034892809010163735,0.007644744756206543,12.817816721431178,-0.0018939119745512982,5.6994915802203705,0.0,-25.69831081081081,-1.8807106796675506,-0.299690827458947,0.21327675361790605,0.0,-24.983333333333334,0.0,-1.901359971542468,0.05130261514498999,0.0164160445133954,Banks—Regional,Financial Services,SMMF
2010Q1,2010,Q1,2010-05-17,2010-03-31,120000.0,12777000.0,0.0,0.0148,0.0,0.0,1536496000.0,90534000.0,0.0,27456000.0,1445962000.0,0.0,63519000.0,31446060.39,442431060.39,11.141827486644981,0.0,0.27672053815955266,4.696357169682108,0.0,11.141827486644981,0.0013254688846179336,2.46114583939892,65.5126258125,0.3473397882563457,0.6166666666666667,0.0,0.0023532359564994144,0.00831567410523685,0.7544434731934732,7.809978027928481e-05,9.389686590026875,0.0,1.277101666354615,-0.9528114774098215,-0.12364898559749904,0.2926446193625025,0.0,1.2764976958525345,0.0,-0.956322728773112,0.205135648985552,0.03338833566328015,Banks—Regional,Financial Services,SMMF
2009Q4,2009,Q4,2009-12-31,2009-12-31,-434000.0,18439000.0,0.0,-0.05341,0.0,0.0,1584625000.0,90660000.0,0.0,49739000.0,1493965000.0,0.0,63474000.0,30877268.599999998,457437268.6,11.157334039578876,0.0,0.2950982093555258,5.157952790646371,0.0,11.157334039578876,-0.0047871166997573355,1.6745630782580398,-17.78644504608295,0.3405831524376792,0.0,0.0,0.0,0.011636191527964029,0.9526327429180321,-0.0002738818332413032,3.983649671010192,0.0,-1.3076099038755045,-1.1745600778311138,0.2806981598209537,0.3080747408183175,0.0,-1.309337134711333,0.0,-3.2663646426478627,3.544100169621469,0.07446214517535008,Banks—Regional,Financial Services,SMMF
2009Q3,2009,Q3,2009-09-30,2009-09-30,1403000.0,13728000.0,0.0,0.173629,0.0,0.0,1577793000.0,91937000.0,0.0,73733000.0,1485856000.0,0.0,63982000.0,40745806.1565,536905806.1565,11.3144917228851,0.0,0.32118915472435233,5.512144185692376,0.0,11.3144917228851,0.015260450090823064,2.968080285292832,7.260478645135424,0.4431926879983032,0.008553100498930863,0.0,0.0002945088373981206,0.008700761126459554,0.2343048567127338,0.0008892167730494431,22.216906301254088,0.0,1.4042556163752058,-0.5753208923815805,-0.16763487829318366,0.3324236832281105,0.0,1.4066666666666667,0.0,-0.45711635235275433,-0.07899347857315653,0.09450555065251792,Banks—Regional,Financial Services,SMMF
2009Q2,2009,Q2,2009-06-30,2009-06-30,-3450000.0,8765000.0,0.0,-0.429503,0.0,0.0,1583910000.0,83753000.0,0.0,104718000.0,1500157000.0,0.0,62579000.0,45307261.980000004,567630261.98,10.314941128119788,0.0,0.33910323187554847,6.41301207120939,0.0,10.314941128119788,-0.04119255429656251,5.1691114637763835,-3.2831349260869565,0.5409628548231109,0.0,0.0,0.0,0.005533774014937718,0.20575259267747664,-0.0021781540617838136,13.855431798165139,0.0,-2.958330483629019,-2.220897360032483,-0.4171088331942629,0.3438869149098019,0.0,-2.954674220963173,0.0,-2.2596848461229344,-0.4693857978066808,0.05196675489429,Banks—Regional,Financial Services,SMMF
2009Q1,2009,Q1,2009-03-31,2009-03-31,1765000.0,13776000.0,0.0,0.219321,0.0,0.0,1598968000.0,83604000.0,0.0,120480000.0,1515364000.0,0.0,66475000.0,63942078.76,599637078.76,10.30306697523451,0.0,0.3447017076014029,6.592591263575906,0.0,10.30306697523451,0.02111143007511602,4.641556239837398,9.056951665722378,0.7648208071384145,0.0,0.0,0.0,0.008615557034287116,0.18644588313413016,0.0011038369748487774,15.784270244384102,0.0,-0.5015431818181818,-0.3183131655931136,0.12977076513614408,0.3044984646163115,0.0,-0.5036557930258717,0.0,-0.42905078025322224,-0.18349720469121758,0.06000582062643653,Banks—Regional,Financial Services,SMMF
2008Q4,2008,Q4,2009-03-16,2008-12-31,3556000.0,13494000.0,0.0,0.44,0.0,0.0,1627116000.0,87244000.0,0.0,153100000.0,1539872000.0,0.0,64709000.0,73030293.0,627003293.0,10.751647949707664,0.0,0.34750872095167157,6.481098986749805,0.0,10.751647949707664,0.040759249919765254,5.41205669186305,5.134300688976378,0.8370809797808446,0.375140607424072,0.0,0.01826639255028047,0.008293200976451587,0.12201828870019595,0.002185461884708896,11.423477709995307,0.0,1.462967347123447,0.35049732239642334,0.2741228394421306,0.4442743868605906,0.0,1.4633828511858222,0.0,0.39959601564513164,-0.05753586892377869,0.13632668858836083,Banks—Regional,Financial Services,SMMF
2008Q3,2008,Q3,2008-11-10,2008-09-30,-7674000.0,12704000.0,0.0,-0.950391,0.0,0.0,1567325000.0,80510000.0,0.0,98316000.0,1486815000.0,0.0,62487000.0,95287001.0,603221001.0,9.927823208540271,0.0,0.3396436603767566,6.611998509501925,0.0,9.927823208540271,-0.09531735188175382,7.50055108627204,-3.1042155655459998,1.1835424295118617,0.0,0.0,0.0,0.008105530122980237,0.3201920338500346,-0.004896240409615109,14.322411092740117,0.0,-3.971429732712612,-4.938134771568999,0.7796773931574444,0.37206923916235235,0.0,-3.9583654587509636,0.0,-3.2544116435052186,-0.24947910115650232,0.0687797776910071,Banks—Regional,Financial Services,SMMF
2008Q2,2008,Q2,2008-08-11,2008-06-30,2594000.0,12503000.0,0.0,0.319843,0.0,0.0,1525978000.0,91466000.0,0.0,147900000.0,1434512000.0,0.0,70161000.0,101361300.0,647161300.0,11.27969945136852,0.0,0.37200732907027495,6.206404565630945,0.0,11.27969945136852,0.028360265016508866,8.1069583300008,9.768822282189667,1.1081855552883038,0.0,0.0,0.0,0.008193433981354909,0.19938471940500338,0.0016998934453838785,225.24733333333333,0.0,-0.31372557433961945,0.2215743488866263,0.8199192304534232,0.5483467169351658,0.0,-0.321652719665272,0.0,-0.2045634091848744,-0.244728361360579,0.25151396538976556,Banks—Regional,Financial Services,SMMF
2008Q1,2008,Q1,2008-05-09,2008-03-31,3824000.0,13787000.0,0.0,0.466057,0.0,0.0,1465110000.0,91955000.0,0.0,93950000.0,1373155000.0,0.0,68901000.0,114270495.6,618123495.6,11.426930400046327,0.0,0.35892731603770367,5.718753738241531,0.0,11.426930400046327,0.04158555815344462,8.288278494233698,7.470612944560669,1.2426784361916154,0.0,0.0,0.0,0.009410214932667171,0.3072485364555615,0.0026100429319300257,16.63568140922987,0.0,2.3809914661609577,0.9549960734354033,1.1049123310846396,0.6416318741490782,0.0,2.3810039725532683,0.0,0.5183871876346408,-0.045164654591274604,0.3257214864576506,Banks—Regional,Financial Services,SMMF
2007Q4,2007,Q4,2008-03-17,2007-12-31,-2769000.0,13039000.0,0.0,-0.33748,0.0,0.0,1435536000.0,89420000.0,0.0,172055000.0,1346116000.0,0.0,65077000.0,109844525.7,595864525.7,11.111914701453347,0.0,0.3534442884051671,5.674144486692015,0.0,11.111914701453347,-0.03096622679490047,8.42430598205384,-9.917346126760565,1.2284111574591814,-0.4539544962080173,0.0,0.011443446926367855,0.009083018468363036,0.1659527476678969,-0.001928896245026248,-29.832842395437265,0.0,-1.7536736790388139,-2.290662445880213,1.0112816445367974,0.6361995772547219,0.0,-1.7640728476821192,0.0,-2.124573034629191,-0.08554314667831639,0.3027498228104909,Banks—Regional,Financial Services,SMMF
2007Q3,2007,Q3,2007-11-09,2007-09-30,3624000.0,12902000.0,0.0,0.44778,0.0,0.0,1340679000.0,93475000.0,0.0,124699000.0,1247204000.0,0.0,69104000.0,147701940.25,542054940.25,11.549738257416019,0.0,0.30429879188083053,4.364450387804226,0.0,11.549738257416019,0.038769724525274135,11.447987928228182,10.189151507312362,1.5801223883391282,0.0002759381898454746,0.0,6.770391765385086e-06,0.009623481832713126,0.16722668184989456,0.002703107902786573,30.217254551963993,0.0,0.16666492970516822,0.7879753848878917,0.9924266582101657,0.7261488777164787,0.0,0.1944627554383652,0.0,0.10134494201958724,-0.21459151561319495,0.3601269209592712,Banks—Regional,Financial Services,SMMF
2007Q2,2007,Q2,2007-08-09,2007-06-30,3034000.0,10500000.0,0.0,0.383812,0.0,0.0,1279720000.0,83067000.0,0.0,100901000.0,1196653000.0,0.0,66636000.0,153263537.25,473337537.25,10.75846205552717,0.0,0.2620706091957616,4.037427618669267,0.0,10.75846205552717,0.03652473304681763,14.596527357142858,12.628834644858275,1.8450592563834014,0.0,0.0,0.0,0.008204919826211984,0.21917523116718368,0.0023708311193073486,159.66315586331334,0.0,0.16666919974101835,0.8396774447943968,0.7614263488538439,0.7181263311984359,0.0,0.16654708982258795,0.0,0.1290961358997143,-0.26568882456820664,0.4016712457584345,Banks—Regional,Financial Services,SMMF
2007Q1,2007,Q1,2007-05-10,2007-03-31,2600838.0,10036459.0,0.0,0.328981,0.0,0.0,1253924774.0,82934591.0,0.0,79886486.0,1170990183.0,0.0,64807164.0,160464126.243,429826815.24300003,10.781839800324049,0.0,0.22465518254446737,3.3966610988652493,0.0,10.781839800324049,0.03136011124718756,15.988121532006458,15.424271546613053,1.9348274864344601,0.0,0.0,0.0,0.008004035974170808,0.23776679825421285,0.002074157919141647,15.846615328910037,0.0,13.303521739130435,0.5923095421212999,0.8080123028170377,0.8388932015882196,0.0,13.347155489604422,0.0,0.05967136712203702,-0.1317087708348897,0.3651171538600648,Banks—Regional,Financial Services,SMMF
