Year,Date,FillingDate,NetIncome,Revenue,OperatingIncome,EPSDiluted,GrossProfit,GrossProfitRatio,TotalAssets,CommonStockEquity,CurrentAssets,CurrentLiability,TotalLiability,Inventory,RetainedEarnings,EnterpriseValue,bookValuePerShare,currentRatio,debtToAssets,debtToEquity,roic,shareholdersEquityPerShare,roe,priceToSalesRatio,peRatio,pbRatio,payoutRatio,inventoryTurnover,dividendYield,assetTurnover,quickRatio,returnOnAssets,priceToFreeCashFlowsRatio,grossProfitMargin,epsdilutedGrowth,fiveYNetIncomeGrowthPerShare,fiveYRevenueGrowthPerShare,fiveYShareholdersEquityGrowthPerShare,grossProfitGrowth,netIncomeGrowth,operatingIncomeGrowth,threeYNetIncomeGrowthPerShare,threeYRevenueGrowthPerShare,threeYShareholdersEquityGrowthPerShare,Industry,Sector,Price,MarketCap,AvgVolume,Symbol
2022,2022-12-31,2023-03-16,15867000.0,326648000.0,22783000.0,1.11,154435000.0,0.4727872205,430963000.0,231711000.0,74559000.0,44455000.0,199252000.0,784000.0,53921000.0,528999320.0,16.140359431596544,1.6771791699471374,0.33687346709578314,0.6265563568410649,0.05226418248965913,16.140359431596544,0.06847754314641946,1.196304033699885,24.62786412050167,1.686455627915809,0.0,219.6594387755102,0.0,0.7579490582718238,1.4112248341019007,0.03681754582179909,30.040768757687577,0.47278722049423233,-0.11904761904761897,1.8515950118663762,0.10255790090897933,0.5915486031817676,0.09619329514561728,-0.13906673901247965,-0.07790998866763801,-0.256001355682981,0.14150661304260082,0.20632216552771224,Health Information Services,Healthcare,24.55,356669765,77727,CPSI
2021,2021-12-31,2022-03-15,18430000.0,280630000.0,24708000.0,1.26,140883000.0,0.5020240174,383350000.0,222572000.0,68998000.0,46427000.0,160778000.0,855000.0,38054000.0,512131000.0,15.575367389783064,1.486161070066987,0.27354897613147255,0.47115090847006813,0.05926984801217471,15.575367389783064,0.08280466545657136,1.4919894523037451,22.718231144872494,1.8811755297162267,0.0,163.446783625731,0.0,0.7320464327637929,1.1275766256704074,0.0480761706012782,11.177474038281854,0.5020240173894451,0.28571428571428575,3.346592157618414,-0.026069119983571542,0.3069031762459614,0.034034026687022004,0.2936964762038467,0.17355371900826447,-0.008064929659033347,-0.05027354142238663,0.3219025626809369,Health Information Services,Healthcare,24.55,356669765,77727,CPSI
2020,2020-12-31,2021-03-12,14246000.0,264488000.0,21054000.0,0.98,136246000.0,0.5151311213,326272000.0,200000000.0,67144000.0,37442000.0,126272000.0,1084000.0,19624000.0,446017920.0,14.247043738424278,1.793280273489664,0.2510451402510789,0.409545,0.055636021859541925,14.247043738424278,0.07123,1.4245633828377846,26.44812017408395,1.8838996,0.30450652814825213,118.30442804428044,0.011513352410075357,0.8106365241271086,1.493136050424657,0.04366295606120047,8.87000141249588,0.5151311212606999,-0.3146853146853147,-0.38685169765368976,0.14623047263536137,1.095097391426461,-0.05479898713101391,-0.30398671096345514,-0.14355448887442543,1.7819148095500088,-0.08703193499648815,0.40485487064000264,Health Information Services,Healthcare,24.55,356669765,77727,CPSI
2019,2019-12-31,2020-03-11,20468000.0,274634000.0,24583000.0,1.43,144145000.0,0.5248621802,339589000.0,184347000.0,66832000.0,41930000.0,155242000.0,1426000.0,9715000.0,470501200.0,13.379808390187256,1.5938945862151204,0.33605034320899674,0.6190445193032704,0.06968373783592019,13.379808390187256,0.11102974282196076,1.3244507235083784,17.77111588821575,1.9731224267278555,0.2799003322259136,91.5070126227209,0.01575029581634314,0.8087246642264619,1.3882184593369902,0.06027285925044686,8.693367749336774,0.5248621802107533,0.13492063492063486,-0.5024420053042548,0.07344272785950125,0.8262437067827407,-0.037287614874973285,0.16084392014519056,-0.012016718913270637,4.006624422570582,-0.01145967368690582,0.12267747174737023,Health Information Services,Healthcare,24.55,356669765,77727,CPSI
2018,2018-12-31,2019-03-18,17632000.0,280411000.0,24882000.0,1.26,149728000.0,0.5339590814910969,327746000.0,159783000.0,69938000.0,38503000.0,167963000.0,1498000.0,-5024000.0,465718100.0,11.782538160902588,1.8164298885801107,0.3999102963880566,0.8202937734302147,0.0832998697995807,11.782538160902588,0.11034966172871957,1.213865005295798,19.304735707803996,2.1302710551185045,0.3187386569872958,87.23831775700934,0.016510904982679705,0.8555741336278704,1.591174713658676,0.053797758019930066,14.830774258202258,0.5339590814910969,1.9921259842519687,-0.5591911156400865,0.14278562873669606,0.8933574658759995,-0.010370331202865886,2.0124023886081766,6.168674698795181,-0.2144249360884287,0.2579823439838454,0.7326798049136869,Health Information Services,Healthcare,24.55,356669765,77727,CPSI
2017,2017-12-31,2018-03-14,-17416000.0,276927000.0,-4814000.0,-1.27,151297000.0,0.5463425379251572,318216000.0,136086000.0,57877000.0,40849000.0,182130000.0,1417000.0,-19006000.0,545154950.0,10.141292197630225,1.4168523097260644,0.4476016290821329,1.0466469732375117,-0.022326033956899295,10.141292197630225,-0.12797789633026174,1.456127246530674,-23.153476688102895,2.9631332392751646,-0.6681212677997244,88.6591390261115,0.02885619627669263,0.8702485104457349,1.313030918749541,-0.05473012042134902,17.595712789632152,0.5463425379251572,-5.379310344827587,-1.4791614564604287,0.2458078723849922,0.9618748082062323,0.09624385931861985,-5.428171878972794,-1.3348869565217392,-1.4346930974988077,0.11136292394612893,0.3842104845200932,Health Information Services,Healthcare,24.55,356669765,77727,CPSI
2016,2016-12-31,2017-03-15,3933000.0,267272000.0,14375000.0,0.29,138014000.0,0.5163803166811338,339150000.0,157970000.0,44549000.0,30945000.0,181180000.0,1697000.0,10046000.0,463404000.0,11.917766880422482,1.43961867830021,0.4505558012678756,0.9673102487814141,0.022780068272229507,11.917766880422482,0.02489713236690511,1.17041066778413,79.53674040172896,1.9802367538140155,6.379862700228833,76.16853270477313,0.08021277547967189,0.7880642783429161,1.2761673937631282,0.011596638655462186,151.41239109390125,0.5163803166811338,-0.8209876543209876,-0.873265226344583,0.28252680352849147,1.2915892055238578,0.8623229574369727,-0.7855902939620854,-0.4269776605397324,-0.8994030781222285,0.11438477859454052,0.9150876145254166,Health Information Services,Healthcare,24.55,356669765,77727,CPSI
2015,2015-12-31,2016-03-14,18343386.0,182173884.0,25086282.0,1.62,74108521.0,0.4068010154518087,92787873.0,75366418.0,74557419.0,17421455.0,17421455.0,1494859.0,31206022.0,526428633.0,6.80018208066408,4.279632154719568,0.0,0.0,0.23952404378061026,6.80018208066408,0.2433893833192391,3.026664623344145,30.05874978589013,7.315980573735108,1.5778508940497682,72.29134185899807,0.052492232886892275,1.963337213258461,3.957449535644411,0.19769163153465108,18.12058146316352,0.4068010154518087,-0.44897959183673464,-0.03165133458825643,0.17588682839882772,0.6044757069425589,-0.2114068807554028,-0.4427937260191507,-0.4940914065677838,-0.38895135558844207,-0.007718927588402763,0.3155232740841245,Health Information Services,Healthcare,24.55,356669765,77727,CPSI
2014,2014-12-31,2015-03-13,32920279.0,204742137.0,49586590.0,2.94,93975612.0,0.4589949747374181,99324820.0,80780986.0,81516032.0,18160784.0,18543834.0,1431560.0,41805764.0,646037752.0,7.326409033194268,4.488574502069954,0.0,0.0,0.4062762851639254,7.326409033194268,0.40752509507621015,3.271576187563188,20.34701771512933,8.291920328875412,0.7755291199081271,77.37469962837743,0.03811512481907709,2.0613391194668162,4.168767273483348,0.3314406107154284,17.873609155965454,0.4589949747374181,-0.0033898305084746542,1.1540340729522713,0.5923120583081656,0.8798569981580077,0.0025470663844952,0.005406948451463475,-0.01308318947353274,0.2752551858003366,0.18108719912189472,0.4087471272239969,Health Information Services,Healthcare,24.55,356669765,77727,CPSI
2013,2013-12-31,2014-03-12,32743238.0,200863332.0,50243941.0,2.95,93736858.0,0.4666698349900917,92534638.0,69082547.0,72752310.0,21451014.0,23452091.0,1588673.0,34416120.0,674423625.0,6.223092243941987,3.3915557558258085,0.0,0.0,0.4696107921008829,6.223092243941987,0.4739726518768916,3.4160182606151333,20.955557602458256,9.932361208396095,0.6915149320296301,67.43141854868811,0.03299911866570947,2.1706826367008643,3.165166924043777,0.35384844754026057,26.99607381160221,0.4666698349900917,0.08856088560885617,1.058123453303771,0.6288365757324614,0.6527987467816061,0.16210924765855467,0.09240724598071254,0.21722696020854618,0.7257151380333954,0.2944202582282499,0.46831367293219545,Health Information Services,Healthcare,24.55,356669765,77727,CPSI
2012,2012-12-31,2013-03-11,29973472.0,183309403.0,41277381.0,2.71,80660969.0,0.44002635805867524,77838987.0,57202192.0,50946180.0,18460665.0,20636795.0,1682008.0,24315320.0,548149983.0,5.169184167720947,2.7597153190310317,0.0,0.0,0.5150013670032705,5.169184167720947,0.5239916680116035,3.0389190673432065,18.585182257163936,9.738480651230988,1.0489821799756798,61.027316160208514,0.05644185596142507,2.354981867890958,2.3785689193753314,0.385070170556048,20.006741911358446,0.44002635805867524,0.15811965811965817,1.2435715809372272,0.610865488842008,0.4409333022641315,0.01573787981179734,0.16026088716966685,-0.000425185275125361,0.954129929828617,0.4204731116108815,0.32634241255584195,Health Information Services,Healthcare,24.55,356669765,77727,CPSI
2011,2011-12-31,2012-03-12,25833390.0,173476344.0,41294939.0,2.34,79411205.0,0.4577638839333621,75644513.0,57384037.0,54168534.0,16670638.0,18260476.0,1838937.0,25783486.0,557283258.0,5.20065588181983,3.2493377877919247,0.0,0.0,0.4430224619354593,5.20065588181983,0.45018425594560385,3.250862492236982,21.830187211202247,9.827606586828319,0.6152855664703704,51.15190949989043,0.028185079702597978,2.2933103422848395,2.906490501443316,0.34151042786143654,24.85067458648215,0.4577638839333621,0.36842105263157887,0.5748995123953948,0.44214344119459864,0.42933970218338174,0.23339717049221337,0.37867396013833604,0.41919569924815336,0.6336549020850305,0.415292594135624,0.38124861193915704,Health Information Services,Healthcare,24.55,356669765,77727,CPSI
2010,2010-12-31,2011-03-07,18737853.0,153247244.0,29097424.0,1.71,64384131.0,0.4201323907658659,62735329.0,46464023.0,49619994.0,14485452.0,16271306.0,1782743.0,15845008.0,510567081.00000006,4.2382580498038855,3.425505396724935,0.0,0.0,0.39415702617921566,4.2382580498038855,0.40327659531332444,3.3508395100403896,27.404789652261655,11.051710266241907,0.8428743143624833,49.846283508054725,0.03075645991294528,2.442758274209417,3.101628585701019,0.29868103505123883,35.293462041276236,0.4201323907658659,0.23021582733812956,0.2388037976770248,0.35637327261174734,0.22991315336953697,0.20889163297318072,0.23411076510923232,0.24513973801481137,0.415741480460518,0.35934113400650886,0.18143346597844287,Health Information Services,Healthcare,24.55,356669765,77727,CPSI
2009,2009-12-31,2010-03-05,15183283.0,127742025.0,23368802.0,1.39,53258811.0,0.4169247434428881,54450721.0,42691271.0,45673715.0,11247347.0,11759450.0,1703668.0,12900810.0,500044936.99999994,3.8973225305824357,4.060843414895975,0.0,0.0,0.3449109307998367,3.8973225305824357,0.3556531029493125,3.9488312479781023,33.22283461356809,11.815804219087315,1.0384750781500944,43.71932442236398,0.031257870986300035,2.3460116349974505,3.633757898640453,0.2788444803145949,63.186828603846735,0.4169247434428881,-0.027972027972028,1.05836145503435,0.4798369945461744,0.4687967193555896,0.0007070869286830342,-0.016499033715194233,-0.014433282738033733,-0.06761049162793331,0.06970059593864762,0.07113370924015093,Health Information Services,Healthcare,24.55,356669765,77727,CPSI
2008,2008-12-31,2009-03-09,15437995.0,119664090.0,23711030.0,1.43,53221179.0,0.44475480488758157,52867088.0,40559170.0,45074418.0,11851524.0,12307918.0,1374302.0,13484988.0,276949422.0,3.7651845126696966,3.8032592264083505,0.0,0.0,0.3661118801135083,3.7651845126696966,0.38062896750599184,2.412535690531721,18.700219037511022,7.117845064383714,1.011590365199626,48.3466596133892,0.05409510782576734,2.2634893376385703,3.505708717292392,0.292015232615044,19.781766115371592,0.44475480488758157,0.19166666666666665,0.9109663286212052,0.4330611228798001,0.533505173906167,0.13827370821147478,0.1952975810352869,0.2448303851839804,0.038724116997352384,0.07789637582178978,0.09263048700161387,Health Information Services,Healthcare,24.55,356669765,77727,CPSI
TTM,,,,,,,,,,,,,,,,493804765.0,16.522212790039614,1.674499989826853,0.32952269329994255,0.6163394103391877,0.04552919036546362,16.522212790039614,0.04655698268825981,1.064654084952688,32.02055729839454,1.485878454174124,0.0,150.91370558375635,0.0,0.7668817686741582,1.342265356365338,0.0248096015309708,40.841608267491125,0.46753828243933016,,,,,,,,,,,Health Information Services,Healthcare,24.55,356669765,77727,CPSI
