Quarters,Year,Quarter,FillingDate,Date,NetIncome,Revenue,OperatingIncome,EPSDiluted,GrossProfit,GrossProfitRatio,TotalAssets,CommonStockEquity,CurrentAssets,CurrentLiability,TotalLiability,Inventory,RetainedEarnings,MarketCap,EnterpriseValue,bookValuePerShare,currentRatio,debtToAssets,debtToEquity,roic,shareholdersEquityPerShare,roe,priceToSalesRatio,peRatio,pbRatio,payoutRatio,inventoryTurnover,dividendYield,assetTurnover,quickRatio,returnOnAssets,priceToFreeCashFlowsRatio,grossProfitMargin,epsdilutedGrowth,fiveYNetIncomeGrowthPerShare,fiveYRevenueGrowthPerShare,fiveYShareholdersEquityGrowthPerShare,grossProfitGrowth,netIncomeGrowth,operatingIncomeGrowth,threeYNetIncomeGrowthPerShare,threeYRevenueGrowthPerShare,threeYShareholdersEquityGrowthPerShare,Industry,Sector,Symbol
2023Q3,2023,Q3,2023-02-16,2022-12-31,264557.0,5758661.0,418067.0,0.11,1698239.0,0.2949017141,9341705.0,5074182.0,8942427.0,4057384.0,4267523.0,4437580.0,-7834788.0,4695160.609999999,7507228.609999999,2.1938737171336085,2.2039883333694816,0.3224489533762841,0.5936371616154091,0.03836763046548357,2.1938737171336085,0.05213786182679297,0.8153215843057959,4.436813815170265,0.9253039425862137,0.0,0.9150081801342173,0.0,0.6164464623963184,1.0330720483937434,0.0283199908367905,6.466174744632707,0.2949017141311149,0.926444833625219,1.155113448809812,0.6196801456701031,-0.6060867582592081,0.08748891372073142,1.0030512504069595,0.5534190177871414,1.1717928254772636,0.7863635884229133,-0.38617112751262817,Security & Protection Services,Industrials,UUU
2023Q2,2023,Q2,2022-11-21,2022-09-30,132077.0,5857141.0,269127.0,0.0571,1561615.0,0.2666172797,11485450.0,4732870.0,11045308.0,6504547.0,6752580.0,5171217.0,-8176100.0,8927743.82,12502001.82,2.046304034740997,1.698090274388055,0.326773091171874,0.7929936803673036,0.019950621655463508,2.046304034740997,0.027906323224597337,1.524249428176648,16.898748116628937,1.8863277081348102,0.0,0.8306605582399655,0.0,0.5099618212608126,0.8526194060862348,0.011499505896590904,48.63824171633416,0.26661727965913745,1.8168812589413448,1.7332071323888616,0.6347869943642095,-0.6564103338464936,0.0987825274429136,1.817136246086838,6.314304332372339,1.1118981778008221,0.6169812346901901,-0.4893949168962816,Security & Protection Services,Industrials,UUU
2023Q1,2023,Q1,2022-08-17,2022-06-30,-161634.0,4635304.0,-50642.0,-0.0699,1421223.0,0.3066083692,11439809.0,4532268.0,10958802.0,6621787.0,6907541.0,6753229.0,-8376702.0,8372650.94,12166377.940000001,1.9595717386971347,1.6549614175146377,0.3539926234782416,0.893505856229155,-0.008556244885725333,1.9595717386971347,-0.03566293961433878,1.8062787122484307,-12.950015064899713,1.8473424210571838,0.0,0.4759324761532594,0.0,0.4051906810681892,0.591040454789621,-0.01412908205023353,-14.88749178068795,0.3066083691598221,0.5339999999999999,0.8067113034556241,0.3969177005741301,-0.6725396516438303,-0.040431920178623154,0.5324767733799216,0.597926194105691,0.8510635749201801,0.06723311884927809,-0.5519409340431202,Security & Protection Services,Industrials,UUU
2022Q4,2022,Q4,2022-07-14,2022-03-31,-345724.0,4290550.0,-125952.0,-0.15,1481107.0,0.3452021303,11521121.0,4638406.0,10999251.0,6547304.0,6882715.0,6229061.0,-8270564.0,9829769.75,13096851.75,2.0054615724849505,1.6799664411489066,0.32165420361438785,0.7989419209961353,-0.02095416109371377,2.0054615724849505,-0.07453508813156934,2.2910278985211687,-7.108104839409471,2.119212882615278,0.0,0.4510219116492839,0.0,0.37240733779291096,0.6917118862970163,-0.03000784385477767,39.02917032284193,0.3452021302630199,-17.304347826086957,0.7799720354133239,0.2211667962626272,-0.67409205201311,-0.1371972762802316,-17.31158292050012,-3.5441250732219687,0.5379330991751001,-0.05158788929094837,-0.5734351922868237,Security & Protection Services,Industrials,UUU
2022Q3,2022,Q3,2022-02-16,2021-12-31,21195.0,5319014.0,49507.0,0.0092,1716623.0,0.3227333111,10053655.0,4874244.0,9954372.0,5179411.0,5179411.0,5123468.0,-8034726.0,7863815.8,10959428.8,2.107428508180469,1.9219119702993255,0.5809098283161696,1.1981892986891916,0.0027589737724836574,2.107428508180469,0.004348366639011096,1.4784348753359176,92.75555319650861,1.6133406124108682,0.0,0.7031157411347158,0.0,0.5290627140079901,0.8935832665142812,0.0021081885145253143,28.63015411276846,0.32273331109863596,-0.8160000000000001,1.0222145827022868,0.6738923827554606,-0.6714074920195252,0.08910478385055495,-0.803196033278859,-0.594221548297201,1.0198625412807238,0.1841445707815599,-0.5580194641240668,Security & Protection Services,Industrials,UUU
2022Q2,2022,Q2,2021-11-19,2021-09-30,107696.0,5272223.0,122005.0,0.05,1576178.0,0.2989589022,9690434.0,4838893.0,9546447.0,4851541.0,4851541.0,4966226.0,-8070077.0,12813393.98,16227618.98,2.092144147120028,1.9677143818840241,0.3697249266647913,0.7404162480964138,0.01243241613037702,2.092144147120028,0.022256330115173036,2.4303588789776156,29.744359075545983,2.6480010985983777,0.0,0.744236166457185,0.0,0.5440646930777301,0.8349975811809073,0.011113640524253093,-5.850958339516842,0.2989589021556941,21.727272727272727,3.8718167515532915,0.25120837837485077,-0.6904769108516051,0.2526000834442612,19.903726708074533,4.056154164939909,1.2245285143040607,0.16480986918094712,-0.586580705904064,Security & Protection Services,Industrials,UUU
2022Q1,2022,Q1,2021-08-20,2021-06-30,5152.0,4667998.0,24130.0,0.0022,1258325.0,0.2695641686,7633978.0,4731197.0,7445287.0,2902781.0,2902781.0,4106328.0,-8177773.0,19428250.8,20692943.8,2.0455806963331975,2.5648807126683,0.4810722535485431,0.7762295672744128,0.0009951989498967664,2.0455806963331975,0.0010889421852440303,4.162009238221611,942.7528532608696,4.106413408699743,0.0,0.8303459928188883,0.0,0.6114764805452675,1.0180327072555595,0.0006748775016118726,-98.81518320346673,0.2695641686221802,1.02,1.0089322401510437,0.4685672056973384,-0.7008474623961443,0.34119045208187887,1.0205725329531887,1.0363817292252486,1.008763603827953,0.15373272736799534,-0.6032783058282455,Security & Protection Services,Industrials,UUU
2021Q4,2021,Q4,2021-07-08,2021-03-31,-250431.0,2997338.0,-663245.0,-0.11,938215.0,0.3130160829,7495354.0,4716556.0,7261959.0,1697358.0,2778798.0,4181193.0,-8192414.0,15611987.25,15641409.25,2.0392505124547804,4.2783897091833305,0.025352505031783688,0.04028914317989652,-0.07160320636826506,2.0392505124547804,-0.053096157450478694,5.208617529954913,-15.58511850569618,3.310039624251255,0.0,0.49247260291500533,0.0,0.3998927869184031,1.616669553506096,-0.033411497308866264,-35.54617625562667,0.3130160829375933,-4.956834532374101,0.8017496750332092,-0.12184396074320471,-0.7121926885667744,-0.38288442653304594,-4.197617405960315,-8.177665469027314,0.7673540824583096,-0.32136332401643297,-0.6301708039371032,Security & Protection Services,Industrials,UUU
2021Q3,2021,Q3,2021-02-09,2020-12-31,78318.0,5124750.0,92404.0,0.0278,1520323.0,0.2966628616,7538096.0,5173394.0,7263134.0,1239662.0,2364702.0,3039779.0,-7735576.0,11587563.87,12521025.87,2.2367690250323515,5.8589631689928385,0.20089502707314952,0.292721953904922,0.010984403543622312,2.2367690250323515,0.01513861113226636,2.2610983696765694,36.988827185321384,2.239837883988731,0.0,1.1857529774368465,0.0,0.6798467411399377,1.9608449722585672,0.01038962623983563,7.272649822036807,0.29666286160300503,-0.9103225806451614,1.213165888232028,0.24601620070276306,-0.6954618082092369,-0.27742263886222046,-0.8921009306394616,-0.8764766351767016,1.0459189327210652,0.44138643106841335,-0.5983848428490814,Security & Protection Services,Industrials,UUU
2021Q2,2021,Q2,2020-11-09,2020-09-30,725845.0,6457295.0,748069.0,0.31,2104028.0,0.3258373669,8709188.0,5095076.0,8392657.0,2454888.0,3614112.0,3460325.0,-7813894.0,4394485.3,6961137.3,2.2029074485696882,3.4187535235823385,0.31151526410958175,0.5324837156501689,0.08997603373723001,2.2029074485696882,0.14246009284257977,0.6805458477582331,1.5135756600927195,0.862496516244311,0.0,1.2580514836034187,0.0,0.7414347927728739,1.943174189616797,0.08334244248717561,-8.56704974344578,0.32583736688505016,7.262626262626262,4.518344376960102,0.9697534488938376,-0.7079040389360688,0.95334138549849,7.33815054139015,18.219155694687412,5.029427765688147,0.8022960152014504,-0.6301154559777169,Security & Protection Services,Industrials,UUU
2021Q1,2021,Q1,2020-08-19,2020-06-30,-114520.0,2940768.0,-43444.0,-0.0495,1077143.0,0.3662794889,7257678.0,4369231.0,6899580.0,1677863.0,2888447.0,4620029.0,-8539739.0,1836200.9893,3929290.9893,1.8890810489228398,4.112123576239538,0.3267331507404985,0.5427325769683498,-0.008958680619326587,1.8890810489228398,-0.026210561995921023,0.62439505234687,-4.008472295887182,0.4202572464811314,0.0,0.4033795025961958,0.0,0.40519405793423185,1.2683484885237948,-0.01577915140352052,2.4580345764504297,0.3662794888954178,0.9817343173431734,0.8932206487321117,0.001456841330976729,-0.7557233552522152,0.6477962694684153,0.981706961561777,0.9400172586379483,0.8630521949078663,-0.11375588904590005,-0.6843192182570458,Security & Protection Services,Industrials,UUU
2020Q4,2020,Q4,2020-08-11,2020-03-31,-6260305.0,3613786.0,-724275.0,-2.71,653687.0,0.1808870254,8177097.0,4448213.0,7777431.0,2717933.0,3728884.0,5123959.0,-8460757.0,878897.06,2676466.06,1.9232297124762257,2.8615241803237974,0.23130005673162493,0.42519614056251354,-0.19467497451861088,1.9232297124762257,-1.4073752763188274,0.24320672557810563,-0.03509801279650113,0.19758430183087006,0.0,0.5776976357539161,0.0,0.44193996964937554,0.9346540183293701,-0.765590159930841,-2.9243248476943706,0.1808870254077026,-3.044776119402985,-5.209449607712832,0.29889045039734613,-0.762850471213489,-0.151047023865183,-3.0651938308169537,-0.49739812152023305,-2.984224892809843,0.028547732108642126,-0.6874555674861993,Security & Protection Services,Industrials,UUU
2020Q3,2020,Q3,2020-02-19,2019-12-31,-1539977.0,3223678.0,-483689.0,-0.67,769992.0,0.2388551214,16461638.0,8266444.0,9016632.0,7983666.0,8195194.0,6563829.0,-4968467.0,1433989.94,2968405.94,3.574080359308518,1.129384921663807,0.10398436656182089,0.20707247275854043,-0.07115885946802021,3.574080359308518,-0.1862925582027774,0.44483038938752567,-0.2327940514695999,0.17347119753064316,0.0,0.3738193057741145,0.0,0.1958297224128,0.2889765178052288,-0.09354943900479405,-66.3730590141171,0.23885512138619303,-0.3137254901960785,-0.2430517214101906,0.35961883007115936,-0.5836019928405151,-0.293809487997388,-0.3046981696675173,-1.1857105415371267,-0.6140573921264264,0.014490664746578582,-0.44272556604877644,Security & Protection Services,Industrials,UUU
2020Q2,2020,Q2,2019-11-19,2019-09-30,-1180332.0,3622269.0,-221296.0,-0.51,1090346.0,0.3010118796,17178093.0,9269140.0,9293097.0,7645729.0,7908953.0,7051113.0,-3956634.0,1973355.1883999999,3523074.1884,4.007606078463842,1.2154625150852194,0.0925176618848204,0.17145894872663484,-0.03309355120610599,4.007606078463842,-0.12733996897231026,0.5447842742767033,-0.41796612910604813,0.21289517564736318,0.0,0.35908132517518865,0.0,0.2108656065606351,0.2765230104284366,-0.0687114687293869,6.0520486419843955,0.3010118795705123,-0.08510638297872349,-0.1541173778788594,0.6287598198335118,-0.5555401687751857,-0.12409977595316304,-0.08760798153429378,-0.6682321545686867,-30.47468067518199,-0.14036008690689072,-0.40709314164439014,Security & Protection Services,Industrials,UUU
2020Q1,2020,Q1,2019-08-19,2019-06-30,-1085255.0,4343291.0,-132653.0,-0.47,1244829.0,0.2866096239,18781339.0,10115336.0,10335559.0,8382219.0,8666003.0,7487800.0,-3255820.0,2937366.49,4855839.49,4.373467445664228,1.233033758721885,0.11405315669984978,0.21176469076262025,-0.018608894895110695,4.373467445664228,-0.10728808217542156,0.6762997206496181,-0.6766535261298036,0.2903874364628125,0.0,0.41380138358396323,0.0,0.23125566286833968,0.32420961561610356,-0.057783686243030916,550.4809763868067,0.2866096239004018,-0.4687499999999999,-0.45139762829145785,0.7273770723258374,-0.5356865052075287,-0.3069718191064888,-0.4504645742115871,-1.6422629999031664,-0.8815524621740781,0.3664133376664685,-0.3604095468618967,Security & Protection Services,Industrials,UUU
2019Q4,2019,Q4,2019-07-15,2019-03-31,-748212.0,4523930.0,206540.0,-0.32,1796217.0,0.3970479207,18906926.0,10873860.0,10387379.0,8033066.0,8033066.0,6852305.0,-2646866.0,3145526.3200000003,4622645.32,4.701422940247405,1.2930777613429294,0.09793189014438412,0.1702790913254355,0.044838313367238855,4.701422940247405,-0.06880831645800112,0.6953083535775311,-1.0510143916430104,0.2892741234483431,0.0,0.39807232748688215,0.0,0.2392736926140188,0.4219913044409196,-0.03957343462390449,-33.55049138712602,0.39704792072379547,0.30434782608695654,0.6036956036977223,0.715602937200149,-0.5174511079019662,0.6923442920429856,0.29882558449006824,5.240256208834371,0.40768805721315443,0.32541490171445253,-0.3364699981297171,Security & Protection Services,Industrials,UUU
2019Q3,2019,Q3,2019-02-19,2018-12-31,-1067084.0,4491862.0,33098.0,-0.46,1061378.0,0.2362890935,19346314.0,11028187.0,10654815.0,8318127.0,8318127.0,7244161.0,-2376030.0,2451660.22,3835024.22,4.768147773756349,1.280915162752384,0.07896656696464247,0.13852793754766762,0.005440864161391026,4.768147773756349,-0.09675969404581188,0.5458004319812141,-0.5743831366602816,0.22230854627329044,0.0,0.4735515955539917,0.0,0.23218179959241847,0.3855644425722281,-0.05515696685167004,16.299198356557813,0.23628909347615754,-1.1904761904761905,-4.327696590567333,0.188395736051628,-0.5448206018935354,-0.27127783743405387,-1.224695301196279,-0.8603495270161937,-1.904388629410676,0.09213772834208797,-0.350812227386818,Security & Protection Services,Industrials,UUU
2019Q2,2019,Q2,2018-11-19,2018-09-30,-479654.0,4526252.0,237006.0,-0.21,1456492.0,0.3217876512,18938616.0,11704565.0,9829572.0,7234051.0,7234051.0,6673098.0,-1859037.0,2891108.75,4424888.75,5.060586617504444,1.3587921898808841,0.08167687649403736,0.13215758125141772,0.07070962499562707,5.060586617504444,-0.04098007914006202,0.6387423302988875,-1.5068720108661662,0.2470069370369595,0.0,0.4600202184952177,0.0,0.23899592240531198,0.39994313006640403,-0.025326771502204807,-7.113021062705897,0.32178765123992215,0.16000000000000003,0.8146037504433041,0.40108659454735274,-0.5246433132569133,0.17445393438181372,0.18410372078940476,1.8178825315756781,-1.3249976975613535,0.38070205675327357,-0.3289881912438103,Security & Protection Services,Industrials,UUU
2019Q1,2019,Q1,2018-08-20,2018-06-30,-587886.0,4045996.0,-289780.0,-0.25,1240144.0,0.3065114251,18197225.0,11925733.0,8716495.0,6271492.0,6271492.0,5863773.0,-1737713.0,2659820.05,3787147.05,5.1562108308793295,1.3898598610984436,0.06618586075624168,0.10099161200405879,-0.029566039654219695,5.1562108308793295,-0.049295586275493505,0.6573956202626003,-1.131095165559309,0.22303199727849013,0.0,0.4785062450405225,0.0,0.22234137347864852,0.4191771272290549,-0.03230635440293781,7.478420906131032,0.30651142512251617,0.4680851063829787,-28.776320486599793,0.33157138111655726,-0.5607381966549106,-0.07187771762314528,0.4538644262095579,-64.06420021762786,0.45185045669338325,0.3778340808243855,-0.3332515393674693,Security & Protection Services,Industrials,UUU
2018Q4,2018,Q4,2018-07-16,2018-03-31,-1076447.0,4416705.0,4595.0,-0.47,1336186.0,0.3025300535,18903943.0,12753336.0,8782951.0,6150607.0,6150607.0,5491892.0,-1298880.0,3262789.6909000003,4745782.6909,5.514033327179408,1.4279811732402996,0.08522846265459011,0.12633196522070775,0.0006425147900734972,5.514033327179408,-0.0844051313319119,0.73873842398349,-0.7577683088205922,0.25583813450065146,0.0,0.5609212635645421,0.0,0.23363935238272776,0.4898636833730394,-0.05694298803165033,-21.146849421227284,0.3025300535127431,0.3648648648648649,-7.29332483626348,0.061981116861222825,-0.5083118922240649,0.25164020727873593,0.3688641516536104,1.0141811796149014,-0.06770251639075962,0.5874808156106117,-0.3200758095765543,Security & Protection Services,Industrials,UUU
2018Q3,2018,Q3,2018-02-20,2017-12-31,-1705571.0,3555431.0,-324021.0,-0.74,1067548.0,0.3002583934,18460890.0,12881471.0,8271863.0,5579419.0,5579419.0,5552737.0,-762954.0,3931907.9,5260608.9,5.569433785567561,1.4825670916631284,0.0748190363519852,0.10722579742639642,-0.03818234156070878,5.569433785567561,-0.13240498697703082,1.1058878375083077,-0.5763330726190818,0.3052374918982467,0.0,0.4480462517853808,0.0,0.19259261064878236,0.45521944130741926,-0.09238834097381003,-7.075658229784324,0.30025839342684474,-8.499358151476253,-74.26558081053523,-0.25279274164942006,-0.49699955089768877,-0.07873743946261093,-8.468240662610473,-1.0808726254543586,-0.37671729352925415,0.4995390161854665,-0.3511334675850102,Security & Protection Services,Industrials,UUU
2018Q2,2018,Q2,2017-11-17,2017-09-30,-180136.0,3582816.0,-155714.0,-0.0779,1158788.0,0.3234293919,19437014.0,13774774.0,8685071.0,5662240.0,5662240.0,5851393.0,251842.0,4047552.25,4836664.25,5.955662338886422,1.5338578018593347,0.053853385092998335,0.07599028484968247,-0.01126989803104548,5.955662338886422,-0.013077238145613132,1.1297125640836705,-5.617356122596261,0.2938380150556372,0.0,0.41426511601596405,0.0,0.1843295477381454,0.4489746107547543,-0.009267678667103908,5.847238795404903,0.3234293918526656,0.7836111111111111,0.1737668331976998,0.03726934163843789,-0.46127998580468316,0.18058995469332156,0.7845858381236763,0.3798602122702563,0.8238647363779121,0.6110197068899698,-0.3394927979079008,Security & Protection Services,Industrials,UUU
2018Q1,2018,Q1,2017-08-21,2017-06-30,-836231.0,3318237.0,-251095.0,-0.36,981533.0,0.2957995466,18408747.0,13840662.0,7762979.0,4568085.0,4568085.0,4424193.0,419767.0,6476083.6,7957411.6,5.9841496795995655,1.6993946040846437,0.09385951145941655,0.12483767033686684,-0.024807776214474647,5.9841496795995655,-0.06041842507244234,1.9516639709580719,-1.9360928977758536,0.46790273471023275,0.0,0.5281650235421466,0.0,0.18025327850939557,0.6170865909894409,-0.045425742447326806,12.443430007570488,0.29579954656644475,0.4705882352941177,-1.320019943253126,0.09108060248331788,-0.4612714024742391,0.24211979630679517,0.46780031223091084,0.5345170541442896,-0.11835807262237365,0.31970123907038916,-0.36468683358997106,Security & Protection Services,Industrials,UUU
2017Q4,2017,Q4,2017-07-14,2017-03-31,-1571273.0,3513484.0,-539429.0,-0.68,790208.0,0.2249072431,18387273.0,14232258.0,7711539.0,4155015.0,4155015.0,4700104.0,963430.0,6823016.65,8824786.65,6.15346015607334,1.8559593647676362,0.12313544265101192,0.15908403290609263,-0.0486855725068819,6.15346015607334,-0.11040222851496931,1.941951820472215,-1.0855873947429888,0.47940507050954256,0.0,0.5794076045976855,0.0,0.19108238617004272,0.6063773536316956,-0.08545437923285307,-4.661071743303526,0.2249072430669956,-0.6585365853658539,-5.05248675097682,-0.02082772646651249,-0.45452815372026467,-0.24654551002116745,-0.6468588821123086,-2.707186497055165,0.16774604297836893,0.3324130723078667,-0.3684156012719148,Security & Protection Services,Industrials,UUU
2017Q3,2017,Q3,2017-02-21,2016-12-31,-954103.0,3177632.0,-145509.0,-0.41,1048780.0,0.3300508051,18181061.0,14833704.0,7449502.0,3347357.0,3347357.0,5561469.0,1446989.0,9020259.299999999,9558199.299999999,6.413501394577426,2.225487750484935,0.03815871911985775,0.04676957285921304,-0.016262036956023317,6.413501394577426,-0.06431994328591159,2.8386733580225774,-2.363544423400828,0.6080921730674955,0.0,0.3827859150163383,0.0,0.17477703858977206,0.5522440540402472,-0.052477850440081575,-75.59594458691606,0.3300508051278436,-24.308641975308642,-15.587178801959741,0.025048211151378435,-0.42795088817746735,-0.15869842838532475,-24.44206821151436,-0.6055102558727147,-3.7636093317396426,-0.15930535721239733,-0.3877510003766298,Security & Protection Services,Industrials,UUU
2017Q2,2017,Q2,2016-12-02,2016-09-30,-37501.0,4213705.0,-90631.0,-0.0162,1246616.0,0.2958479533,18701218.0,15633383.0,7241296.0,3067835.0,3067835.0,4996042.0,1996795.0,8788970.6,9310169.6,6.759250668104408,2.360392915525118,0.035451755067504157,0.04240867123897624,-0.0032553750315909473,6.759250668104408,-0.002398777027339508,2.0858058644352178,-58.59157489133622,0.5621924953799187,0.0,0.5938879216788009,0.0,0.22531714244494663,0.6630372885112791,-0.002005270458854605,-10.240488105544143,0.29584795328576635,0.9352,0.8750825313790339,0.31529083056826746,-0.395287866741385,0.17274039176138342,0.9349829313073977,0.5525963736171515,0.9855050833421055,0.30433868659481456,-0.3650825002496293,Security & Protection Services,Industrials,UUU
2017Q1,2017,Q1,2016-10-12,2016-06-30,-576787.0,3178607.0,-202571.0,-0.25,1062994.0,0.3344213361,18883704.0,15815333.0,7347253.0,3068371.0,3068371.0,4506545.0,2060861.0,8210748.85,8728761.85,6.8379185840034555,2.3945125931642557,0.03673887283977762,0.043866670401438906,-0.018161945222449585,6.8379185840034555,-0.0364701141607325,2.5831280337581837,-3.5588305778389593,0.5191638298099698,0.0,0.4694534282915182,0.0,0.168325398449372,0.7833889708904171,-0.030544166546986756,28.487684276995775,0.33442133613875513,0.5454545454545455,-1025.9405772005682,0.025107817819089186,-0.39527217091419314,0.17590563497603373,0.5433943473986033,0.29485090888837834,-28.214158126753205,0.04610635132035639,-0.4174721424600817,Security & Protection Services,Industrials,UUU
2016Q4,2016,Q4,2016-09-28,2016-03-31,-1263206.0,3413218.0,-287274.0,-0.55,903979.0,0.2648465466,18510039.0,16387895.0,6585745.0,2122144.0,2122144.0,3883247.0,2450540.0,9520305.4694,9471468.4694,7.085471534061111,3.1033450133449945,0.016957878911006075,0.0191538327527727,-0.02802666443515677,7.085471534061111,-0.0770816508160444,2.789246239003779,-1.8841553692351052,0.5809352250182223,0.0,0.6461703311687359,0.0,0.18439820683251937,1.0801962543540873,-0.06824437268878795,11.638415648521345,0.2648465465727651,-2.4375,-6.2588903243203,0.043099990599107144,-0.37336569823539706,-0.30907894415026965,-2.438193378406332,-16.07208814270724,-8.385190067989456,-0.17930378783938947,-0.36818624687840834,Security & Protection Services,Industrials,UUU
2016Q3,2016,Q3,2016-02-18,2015-12-31,-367404.0,4112908.0,19060.0,-0.16,1308368.0,0.3181126347,20213695.0,16987669.0,7977168.0,3226026.0,3226026.0,4597465.0,3225780.0,10361733.760000002,11762809.760000002,7.344789866517473,2.4727537843774354,0.08055004292881633,0.09584681688817931,0.002159756535913618,7.344789866517473,-0.021627687706889036,2.5193205780435646,-7.050640276099335,0.6099561841003613,0.0,0.6100187820896951,0.0,0.20347135939272853,0.9817602213993316,-0.018175994047599908,-96.44115151571562,0.3181126346614123,-0.7937219730941704,-20.407409138548594,0.7153134408530952,-0.3444102813919985,0.9109831638324007,-0.7808950912008066,1.0309264466551247,-16.782437349200876,-0.13563370783228051,-0.3366592110325436,Security & Protection Services,Industrials,UUU
2016Q2,2016,Q2,2015-12-02,2015-09-30,-206303.0,3278225.0,-616301.0,-0.0892,684657.0,0.2088499112,19904680.0,17443158.0,7000897.0,2461522.0,2461522.0,4508651.0,3399953.0,12720878.5,13573068.5,7.541725125351995,2.844133426392289,0.05029003229391279,0.057386798881257625,-0.016760176806222934,7.541725125351995,-0.011827158820667679,3.880416536387832,-15.415285405447326,0.7292761150245844,0.0,0.575242572556625,0.0,0.16469619205131658,0.8753677602718968,-0.010364547433065993,-18.73969314398515,0.2088499111561897,0.8060869565217391,-1.7936357519411268,-0.088803557188682,-0.3274406023250984,-0.2241205221508408,0.8076414556006012,-0.2795300438896986,0.05374616394937734,-0.05091350281659239,-0.31781252270482596,Security & Protection Services,Industrials,UUU
2016Q1,2016,Q1,2015-09-28,2015-06-30,-1072492.0,2936490.0,-481662.0,-0.46,882427.0,0.3005040031,20427152.0,17886405.0,7671740.0,2540747.0,2540747.0,4683601.0,3811255.0,13969837.48,14143207.48,7.733367432131358,3.0194820657074475,0.02089043054068428,0.0238578965420944,-0.036300252570262606,7.733367432131358,-0.05996129462572272,4.757325064958505,-3.2563966630986525,0.7810310389371146,0.0,0.4385648991022079,0.0,0.1437542541417423,0.9885832788546046,-0.05250325645004257,-16.344668826481247,0.3005040030785053,-0.0454545454545455,-4.928341041088615,-0.17648332585331905,-0.3025372430543311,0.049545000957454524,-0.06377964470982653,-1.0071340764662986,-1.9754969966186757,-0.03444290495638556,-0.3037964599939109,Security & Protection Services,Industrials,UUU
2015Q4,2015,Q4,2015-08-25,2015-03-31,-1008190.0,2782210.0,-239975.0,-0.44,840771.0,0.3021953771,19906028.0,18756997.0,6760583.0,1149031.0,1149031.0,3852182.0,4588332.0,13252842.510000002,13203415.510000002,8.10977665575534,5.88372550435976,0.0,0.0,-0.012484319733428069,8.10977665575534,-0.05375007523858963,4.763422786202336,-3.2862958643708033,0.7065545998647865,0.0,0.5039842354281288,0.0,0.1397672102139111,2.1493380074166843,-0.05064747221293972,-18.913880395721957,0.30219537705636884,0.18518518518518523,-3.22304880987505,-0.544197696699664,-0.2603751914042735,1.1990427243124484,0.18620062831552675,0.6844925059163818,-2.8835114060174907,-0.22462635630399788,-0.28111099558106256,Security & Protection Services,Industrials,UUU
2015Q3,2015,Q3,2015-02-17,2014-12-31,-1238868.0,2371016.0,-760600.0,-0.54,382335.0,0.1612536567,20904282.0,19852266.0,6855464.0,1027016.0,1052016.0,3707674.0,5738321.0,13882872.9288,12530845.9288,8.583327244262257,6.675128722434704,0.0,0.0,-0.04747738695260926,8.583327244262257,-0.06240436230302374,5.85524219524457,-2.8015238364377804,0.6993092339584811,0.0,0.5363688932737883,0.0,0.1134225035808453,2.8373589116430513,-0.059263838863252996,-9.867704121685977,0.16125365666026717,-0.22727272727272735,-5.854228926083445,-0.6127651946904871,-0.2020477510630822,-0.22528347611830213,-0.2113533206742061,0.1412539092931095,-19.940920454108475,-0.2351519277841812,-0.23441433555876112,Security & Protection Services,Industrials,UUU
2015Q2,2015,Q2,2014-11-19,2014-09-30,-1022714.0,2223943.0,-885710.0,-0.44,493516.0,0.2219103637,21950388.0,20854843.0,7633363.0,1070545.0,1095545.0,2841982.0,6738055.0,10616151.33,7857224.33,9.016801512568492,7.1303522971944195,0.0,0.0,-0.045519129755954464,9.016801512568492,-0.04903964033677933,4.773571683267062,-2.595092892538872,0.5090496883625544,0.0,0.6088803518108137,0.0,0.10131679676915051,4.118690947134404,-0.0465920693520315,-62.977702616123864,0.22191036370986128,-0.375,-2.141649694267666,-0.709389256866557,-0.1528715097254599,-0.19292610811659427,-0.3677565862589621,-0.20020271909177512,-2.406704994619416,-0.3058052626829632,-0.1933174924900455,Security & Protection Services,Industrials,UUU
2015Q1,2015,Q1,2014-08-20,2014-06-30,-747731.0,2514385.0,-737967.0,-0.32,611488.0,0.2431958511,22814804.0,21785574.0,8440424.0,1004230.0,1029230.0,3530159.0,7692267.0,10523635.85,7596138.85,9.419212438826454,8.404871394003365,0.0,0.0,-0.034096733715615814,9.419212438826454,-0.03432229970162824,4.1853717111739055,-3.5185233225585137,0.4830552479360883,0.0,0.5390400262424441,0.0,0.1102084856832432,4.545995439291795,-0.032773939236997174,11.609034102441909,0.24319585107292638,0.6097560975609756,-2.2780761984913984,-0.5557095610478253,-0.07010458104417039,2.8939599452351388,0.6039503742903103,0.3414754287070657,-1329.705124648714,-0.18910525255023647,-0.16698922049834813,Security & Protection Services,Industrials,UUU
2014Q4,2014,Q4,2014-08-04,2014-03-31,-1887973.0,2636933.0,-1120637.0,-0.82,157035.0,0.0595521388,23344775.0,22534214.0,8940340.0,785561.0,810561.0,4194213.0,8435116.0,10338604.889999999,8317611.889999999,9.742894486414597,11.380834842870254,0.0,0.0,-0.062414058433398575,9.742894486414597,-0.08378250956523267,3.920693051359287,-1.3690085729509902,0.4587958954326075,0.0,0.5912665856502758,0.0,0.11295602549178564,5.524860577345362,-0.08087347168691923,92.69631038625685,0.05955213879154305,-8.468822170900692,-55.2350739577272,-0.5351134535533704,-0.01727579374341475,-0.8604716251876994,-8.529201261829654,-10.43670524360623,-8.859876332346403,-0.19413738369173156,-0.13834501284611975,Security & Protection Services,Industrials,UUU
2014Q3,2014,Q3,2014-02-13,2013-12-31,-198125.0,3738914.0,-97986.0,-0.0866,1125470.0,0.3010152146,24442382.0,23966338.0,9659566.0,451044.0,476044.0,4751345.0,9939421.0,9906779.4987,8018913.4987,10.475315432973744,21.416017062636904,0.0,0.0,-0.0022060207894572938,10.475315432973744,-0.008266803213740872,2.6496409114250823,-12.500668137160883,0.41336225412075883,0.0,0.5500429878276573,0.0,0.15296847909504074,10.308442191892587,-0.008105797544609196,14.522407103633688,0.30101521457835084,0.9226785714285715,-1.7303543421645922,-0.2794218488620314,0.07595756597457201,0.39092015744820213,0.9225837736371032,0.6909924030034784,-11.5799302700755,0.5763760066255948,-0.06498222252210777,Security & Protection Services,Industrials,UUU
2014Q2,2014,Q2,2013-11-14,2013-09-30,-2559218.0,3195611.0,-317099.0,-1.12,809155.0,0.2532082284,24963849.0,24356553.0,9703060.0,582296.0,607296.0,6043640.0,10306612.0,11210646.3,10223244.3,10.645872370444868,16.663449517084096,0.0,0.0,-0.42006843488167883,10.645872370444868,-0.10507307828000127,3.508138600098698,-1.0951242039560523,0.4602722848343935,0.0,0.39487064087205725,0.0,0.12800954692523578,5.6632073721955845,-0.10251696363008765,-15.393530284097931,0.25320822841077967,-130.76470588235296,-5.237420026572785,-0.5856801631808004,0.10978119349393006,0.0798466351004372,-130.04034818228368,0.3210685656537974,-10.952743382768451,-0.10206063808475509,-0.050617545696336995,Security & Protection Services,Industrials,UUU
2014Q1,2014,Q1,2013-08-16,2013-06-30,-19530.0,3005669.0,-467056.0,-0.0085,749324.0,0.249303566,27747502.0,26856029.0,10008881.0,866473.0,891473.0,5002976.0,12865830.0,12354589.8,10896555.8,11.738354647760138,11.551290115214208,0.0,0.0,-0.0018009303799884746,11.738354647760138,-0.0007272110109800671,4.110429258843872,-158.14887096774197,0.4600304013672312,0.0,0.45100056446403103,0.0,0.10832214734140752,5.041932062510892,-0.000703847142708558,-12.993096550694215,0.2493035660280623,-1.1148648648648647,-1.052634780967862,-0.4722276711119182,0.48114583885742307,-0.35551058217213416,-1.1154275785031649,-4.412979458811666,-1.0723164686716218,-0.14787193847993538,0.05866755543210922,Security & Protection Services,Industrials,UUU
2013Q4,2013,Q4,2013-06-27,2013-03-31,169197.0,4113976.0,136847.0,0.074,1162663.0,0.2826129759,26410485.0,25657495.0,10298661.0,727990.0,752990.0,4341652.0,12885360.0,9837914.1,7429022.1,11.214493985061326,14.146706685531395,0.0,0.0,0.0043530687861279725,11.214493985061326,0.006594447353492615,2.3913396918212455,14.536182822390467,0.3834323693719905,0.0,0.6797672867378592,0.0,0.15577055854900052,7.360434896083738,0.006406432899660874,-37.570656976677576,0.28261297586568324,6.4,-0.9451016236313746,-0.27761749729937824,0.43638091391536094,0.1320302611337215,6.275099969901535,1.3136045722876104,-0.6228456547028773,-0.31865322206574775,0.02278007388926821,Security & Protection Services,Industrials,UUU
2013Q3,2013,Q3,2013-02-13,2012-12-31,23257.0,4753736.0,-436368.0,0.01,1027060.0,0.2160532263,26441401.0,25584738.0,10337134.0,831663.0,856663.0,4901441.0,12780387.0,10051423.2,7532412.199999999,11.072423087309666,12.42947443856466,0.0009454869656868787,0.000977145046394456,-0.0019135151625590027,11.072423087309666,0.0009090184937598345,2.114426043011223,108.04728898826158,0.3928679355637724,0.0,0.7603225255593202,0.0,0.1797838170526592,6.018643368768359,0.0008795676144391895,7.685291135717551,0.216053226346604,1.1060445387062565,1.015315671255124,-0.4385250063533854,0.13524530476176314,-0.12466377802702049,1.1065891206409004,-1.2594755809618492,-0.9087852599357534,-0.22287465425803843,0.029351981145301822,Security & Protection Services,Industrials,UUU
2013Q2,2013,Q2,2012-11-14,2012-09-30,-218193.0,3456813.0,-193128.0,-0.0943,1173332.0,0.3394259394,26533174.0,25589647.0,10815366.0,918527.0,943527.0,6453652.0,12757130.0,10184741.600000001,8939348.600000001,11.055208980461517,11.774684903111178,0.0009422167133114191,0.0009769575953900418,-0.008042417630981043,11.055208980461517,-0.008526612344437577,2.9462807505063195,-11.669418358975769,0.3980024265281972,0.0,0.3538277242094863,0.0,0.13028267933568746,4.163494377410789,-0.008223403653102338,-6.675520569449134,0.3394259394419079,0.410625,-1.7359043586926795,-0.728851682081382,0.04247690267923098,0.1993029043946665,0.3982343596588966,0.5792509967103113,-1.2433753302861863,-0.5486421747678439,0.03863686920842202,Security & Protection Services,Industrials,UUU
2013Q1,2013,Q1,2012-08-13,2012-06-30,-362588.0,3059352.0,-459010.0,-0.16,978345.0,0.3197883081,27523651.0,25844356.0,11643794.0,1654295.0,1679295.0,5636350.0,12975323.0,11842709.58,9048187.58,11.107911677759812,7.038523358893063,0.0009083097296939276,0.0009673291917198479,-0.01180773488021103,11.107911677759812,-0.014029678278692647,3.8709862676802147,-8.165403695102981,0.4582319474317719,0.0,0.36921181260922403,0.0,0.11115356752634308,3.3095100934234827,-0.013173688330810472,-36.25337755804877,0.31978830811230613,-0.4545454545454546,-1.4885967251347598,-0.7482947411188733,0.07391537300672738,0.19445251588989518,-0.38840684040834145,0.0595502740357527,-1.6160924772073917,-0.462614731251006,0.09660932380475476,Security & Protection Services,Industrials,UUU
2012Q4,2012,Q4,2012-06-28,2012-03-31,-261154.0,3609589.0,-488075.0,-0.11,819074.0,0.2269161392,27565806.0,26247041.0,11786272.0,1293765.0,1318765.0,5398540.0,13337921.0,12517441.56,9356167.56,11.280985807134856,9.110056308525891,0.0009069206973305986,0.0009524883204929653,-0.009671096071427392,11.280985807134856,-0.009949845394000794,3.4678301490834555,-11.982816231036095,0.47690867553412974,0.0,0.516901791965976,0.0,0.13094443891827434,4.473653252329441,-0.009473838711627006,-8.214827223674039,0.22691613920587636,-4.900709219858156,-1.1606330403756546,-0.6555009766495861,0.13394709957430867,0.0006682736183412398,-4.884717222503198,-0.6165438436697855,-8.457654476219131,-0.36740354239170203,0.13786491669049258,Security & Protection Services,Industrials,UUU
2012Q3,2012,Q3,2012-02-13,2011-12-31,67226.0,3186197.0,-301925.0,0.0282,818527.0,0.2568978001,28053962.0,26651988.0,12338297.0,1376974.0,1401974.0,4928140.0,13599075.0,12551674.08,7823436.08,11.211452412091312,8.960442971326982,0.0,0.0,0.015470150729221479,11.211452412091312,0.0025223634349527697,3.9393904645569626,46.67715645732306,0.470947010782085,0.0,0.48043886740230596,0.0,0.11357386881753101,5.031851000817735,0.0023963103678546365,104.39371625330605,0.25689780010463886,1.216923076923077,-0.9600797632437092,-0.6240726650898102,0.15848006521959834,-0.18201205405637685,1.216899345359278,-0.2905425044453563,-0.7614944735342238,-0.4090168786392589,0.1515688597196773,Security & Protection Services,Industrials,UUU
2012Q2,2012,Q2,2011-11-14,2011-09-30,-309941.0,3307514.0,-233952.0,-0.13,1000659.0,0.302541123,28136170.0,26690926.0,12783811.0,1420244.0,1445244.0,4987278.0,13531849.0,13109499.63,8420040.63,11.177633614990993,9.001137128549741,0.0,0.0,-0.012599143557030476,11.177633614990993,-0.011612223569912861,3.9635507604805302,-10.574189628025978,0.49115941612516556,0.0,0.46254790689430186,0.0,0.11755381062880982,5.142198805275713,-0.011015749478340513,-13.759946039219967,0.30254112303077174,-651.0,-1.2210945107168543,-0.583269180894825,0.24364830130816958,0.14631165099926913,-534.4612736660929,0.4503278738596075,-1.4916930418757786,-0.5891301153879034,0.16521475573205743,Security & Protection Services,Industrials,UUU
2012Q1,2012,Q1,2011-08-15,2011-06-30,581.0,3201302.0,-425621.0,0.0002,872938.0,0.2726821774,28254974.0,27000869.0,12412303.0,1229105.0,1254105.0,4509819.0,13841792.0,16357264.7387,11103649.7387,11.307431633071413,10.098651457768051,0.0,0.0,7.220067170944309e-05,11.307431633071413,2.1517825963305107e-05,5.109566276065176,7038.40995641136,0.6058051220018141,0.0,0.5162876824990094,0.0,0.11330047587373465,5.978767477148006,2.0562751181438e-05,-11.089836417017747,0.2726821774390545,-0.998,-0.9996437721615201,-0.61481681947103,0.3097153384513948,3.994117667234892,-0.9976571919368692,-3.109760631310753,-0.998499736620476,-0.4614166669067449,0.42677196370824355,Security & Protection Services,Industrials,UUU
2011Q4,2011,Q4,2011-06-28,2011-03-31,247993.0,3378294.0,201739.0,0.1,-291551.0,-0.0863012515,28483778.0,27000286.0,12998595.0,1458492.0,1483492.0,3534011.0,13841209.0,18052425.72,11348832.719999999,11.30718748416487,8.91235262174904,0.000877692558901421,0.0009259161180737123,0.009167260576689682,11.30718748416487,0.009184828634778165,5.343651476159268,18.198523466388163,0.6686012777790575,0.0,1.0384362131300666,0.0,0.11860414022325269,6.133203336048466,0.008706464430385604,-29.277653885701124,-0.08630125146005646,11.195121951219512,-0.7801654722826509,-0.5641994200679331,0.4832211604509992,-1.3879174538971233,11.688309030442568,1.4097537890328267,-0.9229048489504825,-0.4316397382412077,0.4482533330484686,Security & Protection Services,Industrials,UUU
2011Q3,2011,Q3,2011-02-11,2010-12-31,19545.0,2475511.0,-492342.0,0.0082,751580.0,0.303606003,27858688.0,26752293.0,12753310.0,1059936.0,1106395.0,3644012.0,13593216.0,17765879.28,10468632.280000001,11.203332904781508,12.032150997796093,0.0,0.0,0.006446137514898424,11.203332904781508,0.0007305915795703942,7.176651317647145,227.2432755180353,0.6640880944298868,0.0,0.47308598325142726,0.0,0.08885956869182066,12.10744327959424,0.0007015764705071538,-35.71217647555451,0.30360600296262064,-0.9254545454545454,-0.987463618709661,-0.6854395129274963,0.5193162585276994,-0.2937234058548467,-0.9271730706173429,-2.5029901549263527,1.012454966055455,-0.7170662534062296,0.14866736734555824,Security & Protection Services,Industrials,UUU
2011Q2,2011,Q2,2010-11-12,2010-09-30,268376.0,3714378.0,327575.0,0.11,1064144.0,0.2864931894,27920815.0,26776501.0,13108680.0,1097856.0,1144314.0,3064018.0,13573671.0,14637747.31,13295677.31,11.213470737936929,11.94025445960126,0.0,0.0,0.010085937033531034,11.213470737936929,0.010022818141922277,3.9408340535077477,13.635484646540675,0.5466639315570022,0.0,0.8649537959633397,0.0,0.1330325780246744,8.80405535880844,0.009612040336215114,72.11458973588401,0.28649318943844704,-0.0833333333333333,-0.7843164592467275,-0.5124713542782425,0.6684165724101024,-0.042383207258184986,-0.04786299921594227,2.2420234849834877,-0.12257944444143709,-0.7175765892187066,0.057400566902777055,Security & Protection Services,Industrials,UUU
2011Q1,2011,Q1,2010-08-13,2010-06-30,281867.0,3681421.0,-263743.0,0.12,1111242.0,0.3018513775,27502037.0,26476550.0,12745476.0,979028.0,1025487.0,3144882.0,13305295.0,14207927.65,11266128.65,11.087857172470892,13.018499981614417,0.0,0.0,-0.014078200959702783,11.087857172470892,0.010645911193112395,3.8593596467233713,12.601623859834604,0.5366230740032217,0.0,0.8172576904316283,0.0,0.1338599391746873,9.46950036158312,0.010248949923236595,19.80163098090209,0.3018513774979824,-0.4000000000000001,0.3847784031493359,-0.5092460231728402,0.7723825992404815,23.47346165704973,-0.39800693259408443,-1.573216028306213,-0.6299155106468765,-0.7048805370889513,0.07197649897238148,Security & Protection Services,Industrials,UUU
2010Q4,2010,Q4,2010-06-23,2010-03-31,468223.0,6301918.0,460111.0,0.2,45406.0,0.007205108,28670754.0,26182505.0,14420843.0,2441790.0,2488249.0,3439906.0,13023428.0,15306355.67,13099183.67,10.964716923372002,5.905848987832696,0.00162043174727808,0.0017744291464854107,0.01818584851200414,10.964716923372002,0.017883048241564357,2.4288408179858894,8.172577847521374,0.5846024156206597,0.0,1.818803188226655,0.0,0.2198030090174817,4.353259289291872,0.016331031963791397,17.953089956895287,0.007205108032189565,0.8181818181818182,-0.7447874306630122,-0.04947231510001561,0.8736716494283757,-0.9655754620352828,0.7770048199172644,-0.1967686466198228,-0.7193852686854925,-0.4139664037438669,0.10215624462955117,Security & Protection Services,Industrials,UUU
2010Q3,2010,Q3,2010-02-16,2009-12-31,263490.0,6321490.0,572825.0,0.11,1319001.0,0.2086534978,29232847.0,25685767.0,14980214.0,3449611.0,3547080.0,5497833.0,12555205.0,12536406.75,7448537.75,10.756692841830455,4.342580656195728,0.0,0.0,0.01135081753023176,10.756692841830455,0.010258210315463813,1.9831411186286778,11.89457545827166,0.48806822665642025,0.0,0.9099019559160855,0.0,0.2162461288837177,2.6859063239304373,0.00901349088578338,5.850771319083042,0.20865349783041656,-0.717948717948718,-0.8496849678390676,-0.021456563338462135,0.9404715761189709,-0.19947598793934715,-0.7151059067760874,-0.4188506162268332,-0.8442335455488814,-0.25748591434214824,0.11148973093901407,Security & Protection Services,Industrials,UUU
2010Q2,2010,Q2,2009-11-12,2009-09-30,924870.0,7900805.0,985676.0,0.39,1647672.0,0.2085448255,31935452.0,25416573.0,17705189.0,6422131.0,6518879.0,6002488.0,12291715.0,14207927.65,11640522.65,10.64395970161067,2.756902498563172,0.10696999059227344,0.13440580679385847,0.03329672665002006,10.64395970161067,0.0363884619692828,1.7982886110972236,3.84052019473007,0.559002492192791,0.0,1.041756851492248,0.0,0.24739919134383945,1.764033309192852,0.028960604659674146,11.1190021411701,0.2085448254956299,0.56,-0.6091317105883078,0.05263955416931414,1.0327567896990382,0.40846650037526694,0.5125477337214722,0.8080224811434273,-0.3402496600104633,-0.00453665827559268,0.1842705583360086,Security & Protection Services,Industrials,UUU
2010Q1,2010,Q1,2009-08-12,2009-06-30,611465.0,5914905.0,545168.0,0.25,1169834.0,0.19777731,27088882.0,24486001.0,13368863.0,2506847.0,2602881.0,7407697.0,11365260.0,12449290.700000001,11514470.700000001,10.129324488342135,5.332939345719942,0.0,0.0,0.024001135847955827,10.129324488342135,0.024972023810666346,2.1047321470082783,5.089944109638328,0.508424822003397,0.0,0.6405595423246928,0.0,0.21835175774326898,2.0143961717647705,0.022572544706717684,16.69788347298209,0.19777731003287458,15.666666666666666,-0.6556765642510914,0.04716393360128428,1.1115443999621561,-0.09584757382254147,15.806338124948464,7.11599991025152,-0.6296607705476319,-0.2969846062103583,0.17325773712676978,Security & Protection Services,Industrials,UUU
2009Q4,2009,Q4,2009-06-23,2009-03-31,36383.0,5928367.0,-89138.0,0.015,1293846.0,0.2182466099,27777678.0,23965899.0,14815788.0,3716455.0,3811779.0,8997231.0,10755380.0,9210057.78,9021351.78,9.914169636186582,3.986537708649775,0.003431676326581365,0.003977484842108364,-0.0015796181946223068,9.914169636186582,0.0015181153855317508,1.5535572915779337,63.285447736580274,0.3842984475566721,0.0,0.5151052584956416,0.0,0.21342197861174717,1.4423010637825562,0.0013097927047753955,301.0019537224655,0.21824660990117514,-0.875,-0.9675820157471593,0.2977360266033161,1.2485863905629515,-0.03284459012472109,-0.8756192032490864,-1.305625081430991,-0.9681410556794869,-0.24455676720032948,0.30049194048353584,Security & Protection Services,Industrials,UUU
2009Q3,2009,Q3,2009-02-12,2008-12-31,292513.0,5595049.0,291658.0,0.12,1337785.0,0.23910157,28077202.0,24018509.0,15040826.0,3963369.0,4058693.0,9378114.0,10677231.0,8141192.399999999,8055761.399999999,9.735807214186462,3.7949597930447556,0.003395067642423914,0.0039687725828443385,0.006989970127253867,9.735807214186462,0.012178649390767762,1.4550707956266333,6.957974859237025,0.3389549451216976,0.0,0.453957373518812,0.0,0.19927373817376817,0.4276785734560673,0.010418167736229557,20.219381437154002,0.23910156997731388,-0.5384615384615385,-0.7576076245231893,0.19295765017568306,1.2562375826918333,-0.2926536782368278,-0.5543005419769282,0.8600756382374888,-0.8183976842011097,-0.3118503472934019,0.32030087083208336,Security & Protection Services,Industrials,UUU
2009Q2,2009,Q2,2008-11-13,2008-09-30,656301.0,8381379.0,156799.0,0.26,1891273.0,0.2256517692,29623052.0,23849307.0,16152954.0,5679830.0,5773745.0,8684870.0,10384717.0,12430880.0,12502497.0,9.59276696420527,2.84391504675316,0.003170335048529098,0.003937850269611608,0.005679993182267975,9.59276696420527,0.027518661234055983,1.4831545023796204,4.735205340232606,0.5212260465262156,0.0,0.7472887907360732,0.0,0.2829343512613083,0.1790893389414824,0.02215507706633334,-4.976263342987588,0.2256517692374966,0.44444444444444453,-0.6426812386986426,0.3546375934449966,1.3720223986633115,0.19923516200336575,0.6266010706850401,19.58540107653932,-0.49340803612985207,0.05660198269925553,0.42727722329552315,Security & Protection Services,Industrials,UUU
2009Q1,2009,Q1,2008-08-13,2008-06-30,403480.0,6192801.0,7617.0,0.18,1577066.0,0.2546611784,31901577.0,19716806.0,19673570.0,12092244.0,12184771.0,6814018.0,6293503.0,13160816.43,9964834.43,7.925184907392557,1.6269577425000687,0.0029003895324673135,0.004692798620628514,0.00031326472719146574,7.925184907392557,0.02046376071256166,2.125179935541284,8.15456554847824,0.6674923123958313,0.0,0.6773881430897306,0.0,0.19412209622113666,0.3386618728500682,0.012647650616143521,-22.877435018034852,0.2546611783585489,-0.8666666666666667,-0.8101038230869381,0.12126907959565529,1.1524962096299494,1.36718128101091,-0.8796083781206399,-0.9973026416901037,0.9025876457932338,-0.20764084801863533,0.2668326807546393,Security & Protection Services,Industrials,UUU
2008Q4,2008,Q4,2008-07-08,2008-03-31,3351396.0,6192801.0,2823874.0,1.35,-4295061.0,2.2803966719,30468917.0,19423935.0,18422369.0,10953822.0,11044982.0,5357488.0,5890023.0,16046742.15,12274118.15,7.807465190060401,1.6818211031729382,0.0029919015500288375,0.004693178802338455,0.15176121898438236,7.807465190060401,0.17253949830454024,2.5911929270777474,1.197019253320109,0.826132405714908,0.0,0.4501344660034703,0.0,0.2032497905980708,0.4023750796753864,0.10999393250505096,14.240530254624453,-0.6935570834586805,3.045454545454546,1.5864665921049634,0.2876657250249826,1.4003890107730852,-2.8472308059532025,3.0487948017745565,2.3475027855518733,0.7533219717386376,-0.10346807539950797,0.3341544777442669,Security & Protection Services,Industrials,UUU
2008Q3,2008,Q3,2008-02-13,2007-12-31,-1635789.0,9120408.0,-2095635.0,-0.66,2325135.0,0.2549376081,37552021.0,24277328.0,21550249.0,13091973.0,13274693.0,9063823.0,11036884.0,18419576.8,19402058.8,9.753330880001542,1.6460657992496623,0.14009807887570153,0.21670284308058943,-0.07759840282316417,9.753330880001542,-0.0673792849031821,2.0196000880662357,-2.815090577085431,0.7587151600868103,0.0,0.7497137797152482,0.0,0.24287395876775847,0.9292967530562429,-0.04356061155803039,3.5061066665143894,0.25493760805437654,-6.076923076923077,-1.96302094174159,0.7004518537278543,2.224135475737423,0.20209167316792478,-6.1418885361330275,-35.02542503996837,-1.895223353773761,0.3543807206804001,0.7594684187250431,Security & Protection Services,Industrials,UUU
2008Q2,2008,Q2,2007-11-14,2007-09-30,318130.0,13678994.0,-58171.0,0.13,1934241.0,0.1414022844,39720873.0,26338015.0,22297680.0,11203595.0,13382858.0,11055548.0,12618198.0,45946444.1395,51755516.1395,10.604751963375818,1.990225458881725,0.17002841302103305,0.25642315869286275,-0.0013075301775786786,10.604751963375818,0.012078738659690185,3.358905204542088,36.10665776530035,1.7444915320877448,0.0,1.062340193358122,0.0,0.34437797980925544,0.9689445218253605,0.008009139174760836,-80.00425585843635,0.14140228440775687,-0.5806451612903225,-0.8095226469634365,1.5228648745312983,2.8112298297128215,-0.3715922304169294,-0.5978139119749382,-0.3979380947803518,-0.8707336110864192,0.7522406318810678,1.0252689939594906,Security & Protection Services,Industrials,UUU
2008Q1,2008,Q1,2007-08-14,2007-06-30,791002.0,12955431.0,-41612.0,0.31,3078003.0,0.2375839908,40543548.0,25651358.0,24051607.0,12643989.0,14892190.0,12183418.0,12142554.0,77424944.38,83241706.38,10.343377101177067,1.9022166975944064,0.15177021507836463,0.23988215360761797,-0.0008442028703099738,10.343377101177067,0.030836652001036358,5.976253849061448,24.470527375404867,3.0183565478287737,0.0,0.8107271703228109,0.0,0.31954359297809853,0.28153227592969277,0.019509935341623284,-22.20184043281361,0.23758399083751053,-0.5441176470588236,-0.3415927415814047,1.512399268916179,3.3540455505182027,0.23100719326634123,-0.5435417378378129,-1.0654521660621428,-0.5658278748540602,1.2356722874365589,1.1561654994687476,Security & Protection Services,Industrials,UUU
2007Q4,2007,Q4,2007-07-13,2007-03-31,1732912.0,11168233.0,635762.0,0.68,2500394.0,0.2238844766,36195468.0,24671881.0,21533510.0,11355525.0,11523587.0,11318734.0,11545304.0,85187278.65,87675780.65,9.948423353584849,1.8963024606964451,0.07539747793839825,0.11061365771016811,0.018452327948132174,9.948423353584849,0.07023834137332294,7.627641601854116,12.289614049934446,3.452808427942726,0.0,0.7657958036649681,0.0,0.30855335259099287,0.2482063136666953,0.047876491056836175,-39.4434305768352,0.22388447662221947,0.0,3.5248257998591326,2.1163546663699697,3.875055060187772,-0.10551410167342672,0.011693151254347204,-0.14658924031432308,0.505058516030182,1.383005923662335,1.2563553158077647,Security & Protection Services,Industrials,UUU
2007Q3,2007,Q3,2007-02-14,2006-12-31,1712883.0,8620893.0,744966.0,0.68,2795342.0,0.3242520235,31356005.0,23400470.0,17172379.0,7899725.0,7955535.0,9854960.0,10711308.0,,,,,,,,,,,,,,,,,,,,,,,,,,,,,,,Security & Protection Services,Industrials,UUU
2007Q2,2007,Q2,2006-11-14,2006-09-30,1416204.0,8018088.0,790650.0,0.57,2607922.0,0.3252548488,24906270.0,21681574.0,15604375.0,3224696.0,3224696.0,6320688.0,9005719.0,,,,,,,,,,,,,,,,,,,,,,,,,,,,,,,Security & Protection Services,Industrials,UUU
2007Q1,2007,Q1,2006-08-14,2006-06-30,1577468.0,8038437.0,896217.0,0.62,2780517.0,0.3459026923,22437890.0,19939447.0,13693183.0,2498443.0,2498443.0,5050750.0,7589514.0,,,,,,,,,,,,,,,,,,,,,,,,,,,,,,,Security & Protection Services,Industrials,UUU
