Quarters,Year,Quarter,FillingDate,Date,NetIncome,Revenue,OperatingIncome,EPSDiluted,GrossProfit,GrossProfitRatio,TotalAssets,CommonStockEquity,CurrentAssets,CurrentLiability,TotalLiability,Inventory,RetainedEarnings,MarketCap,EnterpriseValue,bookValuePerShare,currentRatio,debtToAssets,debtToEquity,roic,shareholdersEquityPerShare,roe,priceToSalesRatio,peRatio,pbRatio,payoutRatio,inventoryTurnover,dividendYield,assetTurnover,quickRatio,returnOnAssets,priceToFreeCashFlowsRatio,grossProfitMargin,epsdilutedGrowth,fiveYNetIncomeGrowthPerShare,fiveYRevenueGrowthPerShare,fiveYShareholdersEquityGrowthPerShare,grossProfitGrowth,netIncomeGrowth,operatingIncomeGrowth,threeYNetIncomeGrowthPerShare,threeYRevenueGrowthPerShare,threeYShareholdersEquityGrowthPerShare,Industry,Sector,Symbol
2023Q1,2023,Q1,2023-05-04,2023-03-31,-5574000.0,62817000.0,-10045000.0,-0.12,27072000.0,0.4309661397,1048109000.0,560518000.0,604634000.0,41583000.0,487591000.0,26487000.0,-548406000.0,1160700024.0,1562182024.0,11.589929974878677,14.540413149604406,0.41982274744325254,0.7850238529360342,-0.010667747891953181,11.589929974878677,-0.00994437288365405,18.477482592291896,-52.05866630785791,2.0707631583642274,-0.35880875493362036,1.3495299580926492,0.0017230980948097234,0.05993365193887277,13.663949210013708,-0.005318149161966933,-156.11298238063213,0.4309661397392426,0.368421052631579,-0.1502508234617454,7.643988238392021,12.820292679098342,0.03025459527343304,0.4092835947435354,0.08971454463072044,-0.09758049383438627,3.9898320914501126,2.4184457385485634,Integrated Freight & Logistics,Industrials,CYRX
2022Q4,2022,Q4,2023-02-28,2022-12-31,-9436000.0,60358000.0,-11035000.0,-0.19,26277000.0,0.4353523974,1038746000.0,555838000.0,604176000.0,40851000.0,482908000.0,27678000.0,-542832000.0,841627090.1,1240940090.1,11.458506283173643,14.78974810898142,0.41964830670828096,0.7842356945728791,-0.012820486400851497,11.458506283173643,-0.01697616931551999,13.94391944895457,-22.29830145453582,1.5141589637628232,-0.42390843577787196,1.2313389695787267,0.0047526987273243905,0.05810660161386903,13.884139923135297,-0.009084030167143844,-174.974447006237,0.43535239736240433,-0.7272727272727273,-1.1893845650424126,8.568235553369268,15.364888641145265,-0.00529961767043949,-0.7750188111361926,-0.4141996667948225,-6.430832600294406,3.87317957078295,2.284397135854501,Integrated Freight & Logistics,Industrials,CYRX
2022Q3,2022,Q3,2022-11-04,2022-09-30,-5316000.0,60464000.0,-7803000.0,-0.11,26417000.0,0.4369046044,1033791000.0,555721000.0,609125000.0,40728000.0,478070000.0,24542000.0,-503787000.0,1181964154.56,1585058154.56,11.453277586949701,14.955927126301317,0.41963801193858336,0.7806399254302069,-0.007763932675058984,11.453277586949701,-0.009565951259714857,19.54822960042339,-55.58522171557562,2.126902086766561,0.0,1.387295248960965,0.0,0.0584876440208901,14.09212335494009,-0.005142238614961825,-247.84318611029565,0.43690460439269646,0.42105263157894735,-0.3690778774701418,9.222734293014176,14.890051941111382,-0.08395173035578057,0.42072572736188296,-0.48713550600343053,0.6865300722428485,3.6388145242971794,2.703338453720431,Integrated Freight & Logistics,Industrials,CYRX
2022Q2,2022,Q2,2022-08-04,2022-06-30,-9177000.0,64153000.0,-5247000.0,-0.19,28838000.0,0.4495191184,1046329000.0,568424000.0,625841000.0,44046000.0,477905000.0,23070000.0,-498471000.0,1511593477.82,1905210477.82,11.649809144054117,14.208804431730464,0.41158278132403864,0.7576228308445808,-0.005341725859602246,11.649809144054117,-0.016144638509281804,23.5623194210715,-41.1788568655334,2.6592710332779754,0.0,1.5307758994364977,0.0,0.06131245526024797,13.49772964627889,-0.008770663911637736,-121.9321995498911,0.44951911835767616,0.29629629629629634,-1.4272971077841132,9.800977325946752,17.579589073644815,0.2908106172507945,0.31535362578334825,0.32894231998976853,-1.31904101039504,3.843190651664592,2.3397314877272524,Integrated Freight & Logistics,Industrials,CYRX
2022Q1,2022,Q1,2022-05-05,2022-03-31,-13404000.0,52302000.0,-7819000.0,-0.27,22341000.0,0.4271538373,1081332000.0,609434000.0,665773000.0,44441000.0,471898000.0,22062000.0,-489294000.0,1733650812.8899999,2024013812.8899999,12.271987404738072,14.981053531648703,0.3928589924278575,0.6970582540521205,-0.007617803979128195,12.271987404738072,-0.021994178204694848,33.14693153015181,-32.33457947049388,2.84469001219164,0.0,1.3580364427522438,0.0,0.048368123758475656,14.29643797394298,-0.012395822929498063,-425.7492173109037,0.4271538373293564,0.9501845018450186,-1.6557024998306376,5.8359315164653855,12.44569925878866,-0.033401116254921474,0.9484632006336365,0.065048427597752,-2.4423987597113532,3.819121359405006,8.601983879766811,Integrated Freight & Logistics,Industrials,CYRX
2021Q4,2021,Q4,2022-02-28,2021-12-31,-260086000.0,56440000.0,-8363000.0,-5.42,23113000.0,0.4095145287,1112970000.0,641828000.0,693516000.0,42645000.0,471142000.0,16501000.0,-467541000.0,2841718715.31,3129672715.31,13.364082291254197,16.262539570875834,0.3837075572567095,0.6653729659659597,-0.007641947547634987,13.364082291254197,-0.4052269455368105,50.34937482831325,-2.7315183394242677,4.4275393334507065,0.0,2.0196957760135748,0.0,0.050711160228936986,15.669152303904326,-0.23368644258156104,-479.21057593760537,0.4095145287030475,-37.714285714285715,-21.25466891986872,8.281952378950322,40.416978356554225,-0.017011865776379025,-38.853815507201965,-0.8275786713286714,-69.63308315826696,5.082359742610965,9.211719483718914,Integrated Freight & Logistics,Industrials,CYRX
2021Q3,2021,Q3,2021-11-04,2021-09-30,-6526000.0,56693000.0,-4576000.0,-0.14,23513000.0,0.4147425608,824386000.0,647226000.0,410384000.0,41073000.0,177160000.0,13484000.0,-207455000.0,3068581646.9700003,3160634646.9700003,14.028305651409264,9.991575974484455,0.16464738605459092,0.20971499908841734,-0.006765468889810547,14.028305651409264,-0.010083031275010583,54.12628802444747,-117.55216238775668,4.741128519203493,0.0,2.4606941560367845,0.0,0.06876996940753483,9.44518296691257,-0.00791619459816154,-9470.931009166667,0.4147425608099765,-0.16666666666666682,0.020924470328560357,8.398873587762905,56.35993855197288,-0.07436422328950476,-0.21098534050844311,-0.11773326819736199,-0.8983348208543729,5.688710434629532,12.900495392650596,Integrated Freight & Logistics,Industrials,CYRX
2021Q2,2021,Q2,2021-08-06,2021-06-30,-5389000.0,56191000.0,-4094000.0,-0.12,25402000.0,0.4520652774,825308000.0,648029000.0,411754000.0,38154000.0,177279000.0,11665000.0,-200929000.0,2887300269.2000003,2961987269.2000003,14.162236722032997,10.791896000419353,0.16362860895568684,0.208391908386816,-0.0056269490944158675,14.162236722032997,-0.00831598585865756,51.383678332829106,-133.94415796993877,4.455510894111221,0.0,2.6394342048864123,0.0,0.06808488467335831,10.156602191120196,-0.006529683463628124,-1822.7905739898993,0.45206527735758395,-0.4906832298136645,0.5749765673080333,8.093567647114877,38.54652832320337,0.03470468431771894,-0.52792741706833,-1.4412641621943947,-0.3254872924420641,6.380521092336796,15.126460663081657,Integrated Freight & Logistics,Industrials,CYRX
2021Q1,2021,Q1,2021-05-06,2021-03-31,-3527000.0,53284000.0,-1677000.0,-0.0805,24550000.0,0.4607386833,819708000.0,647275000.0,419748000.0,37873000.0,172433000.0,11544000.0,-195540000.0,2278271160.83,2324466160.83,14.776455642679313,11.08304068861722,0.1606535498006607,0.203451392375729,-0.0029868123193447565,14.776455642679313,-0.005448997721215866,42.75713461508145,-161.48789061738023,3.5197885919122474,0.0,2.489085239085239,0.0,0.0650036354409131,10.290153935521348,-0.004302751711585101,-251.93753851929668,0.4607386832820359,0.7125,0.6728048244502416,7.885700466763265,53.2344887432117,0.23405362689366283,0.6940901371607193,0.8296751406246524,0.19643457724190225,7.095132992378723,16.62003240607845,Integrated Freight & Logistics,Industrials,CYRX
2020Q4,2020,Q4,2021-03-01,2020-12-31,-11529540.0,48360835.0,-9845891.0,-0.28,19893787.0,0.4113615284,552405000.0,382698000.0,147157000.0,35020000.0,169707000.0,10535000.0,-192013000.0,1794794810.8400002,1888840810.8400002,9.356383325033482,4.20208452312964,0.23699821688797168,0.3420948110520567,-0.01847929398298383,9.356383325033482,-0.03012699308593199,37.11256868993267,-38.917311766991574,4.6898463301088595,0.0,2.7021402942572377,0.0,0.08754597623120718,3.5606510565391205,-0.02087153447199066,-126.86700025121831,0.4113615283937922,0.034482758620689495,0.20921560488068852,5.277620614852637,13.519741254063408,2.2853766803798288,-0.009784616521838974,0.08260435164911753,-2.1726206068588882,8.092071638914206,12.362664156573913,Integrated Freight & Logistics,Industrials,CYRX
2020Q3,2020,Q3,2020-11-06,2020-09-30,-11417821.0,11172084.0,-10732437.0,-0.29,6055253.0,0.5419985206,252363170.0,120036006.0,212644032.0,13185484.0,132327164.0,476622.0,-180483423.0,1855469018.3999999,1813306217.3999999,3.066452001072119,16.12713132108006,0.4748089113003296,0.9982361625727534,-0.043074130266132146,3.066452001072119,-0.09511996758705883,166.08083311940726,-40.626600697278406,15.457603765990013,0.0,10.73561648434189,0.0,0.04426986711254261,15.98144649070144,-0.045243610626701194,-248.68075283374137,0.5419985205983056,-0.9333333333333332,0.3286195100889748,0.38477234690640644,2.1822603465484818,0.1810528036300399,-0.9676582431834859,-0.8360354676405082,-2.6448366320995516,1.341294512014878,3.254335163192172,Integrated Freight & Logistics,Industrials,CYRX
2020Q2,2020,Q2,2020-08-10,2020-06-30,-5802746.0,9389006.0,-5845441.0,-0.15,5126996.0,0.5460637686,252776587.0,126656688.0,216686630.0,9441535.0,126119899.0,538376.0,-169065602.0,1158002881.75,1231047594.75,3.3085969580748844,22.95036029628657,0.46432603744270035,0.9266841953107127,-0.02354467432704923,3.3085969580748844,-0.04581476187029302,123.33604662197467,-49.89029684178835,9.142848277779063,0.0,7.916419008276743,0.0,0.03714349541399576,22.798898907857673,-0.022956026382300983,-344.63961195402436,0.5460637686247085,-0.3636363636363636,0.573127728303691,-0.07126908406369195,7.7570976994567475,-0.02490850070483556,-0.47169755811278674,-0.6299677851203673,-0.9562533669447976,1.0148143509955274,4.2766848908179025,Integrated Freight & Logistics,Industrials,CYRX
2020Q1,2020,Q1,2020-05-08,2020-03-31,-3942893.0,9774075.0,-3586231.0,-0.11,5257964.0,0.5379500362,140123251.0,127304947.0,105038728.0,7070225.0,12818304.0,464588.0,-163262856.0,640953731.4300001,596935200.4300001,3.390409227264681,14.856490139988473,0.04712938754182916,0.05187483405495625,-0.025738029243019246,3.390409227264681,-0.030972032846453328,65.57691970135282,-40.639812659765305,5.034790450287843,0.0,9.720679397659863,0.0,0.06975341301494639,14.649031820062303,-0.028138749078837743,1479.077347783647,0.5379500361926832,-3.1984732824427478,0.7400807065568081,0.1726004546248517,44.97119675940416,0.06602485772890547,-3.161193365127979,-6.957059938140396,-0.03318624209533772,0.6895602901780817,2.7146732090372394,Integrated Freight & Logistics,Industrials,CYRX
2019Q4,2019,Q4,2020-03-10,2019-12-31,-947539.0,9242066.0,-450698.0,-0.0262,4932309.0,0.5336803481,135872538.0,126281348.0,102964563.0,5460480.0,9591190.0,473961.0,-159319963.0,595794785.0400001,553360308.0400001,3.4887700266467574,18.856320872890297,0.035329383484394766,0.038012684185157734,-0.0035053780679980924,3.4887700266467574,-0.007503396305208906,64.46554104244657,-157.1953199393376,4.71799513131583,0.0,9.093062509362584,0.0,0.0680201175015955,18.568650924460854,-0.006973734456921677,-1382.3063815412459,0.5336803480953285,0.9251428571428572,0.9037023338553802,0.40454943127282206,17.74542998479334,0.06597109134380666,0.9240056600019232,0.9635114052664602,0.892424367541228,1.0166663328098526,9.812138801269182,Integrated Freight & Logistics,Industrials,CYRX
2019Q3,2019,Q3,2019-11-12,2019-09-30,-12468547.0,9583334.0,-12351750.0,-0.35,4627057.0,0.4828233055,135057850.0,110329122.0,102223036.0,5708683.0,24728728.0,350920.0,-158372424.0,583450919.51,558472928.51,3.0926899418127887,17.90658826212631,0.14517603382550515,0.1777152092264452,-0.091640774165331,3.0926899418127887,-0.1130122924389809,60.88183084404655,-11.69845450937467,5.2882766483902595,0.0,14.12366636270375,0.0,0.07095725276242736,17.692290848870044,-0.09232004655782688,-240.13942820605902,0.48282330554272657,-3.3156596794081374,-0.3443294227906402,0.746496123647613,13.076211756816065,0.06653806286158295,-3.931220637131,-4.360076688141545,-1.4192565676230438,1.0547545426750806,11.645611624869689,Integrated Freight & Logistics,Industrials,CYRX
2019Q2,2019,Q2,2019-08-09,2019-06-30,-2528491.0,8463588.0,-2304398.0,-0.0811,4338389.0,0.5125945403,133146095.0,108750175.0,101674810.0,5733575.0,24395920.0,306438.0,-145903877.0,582059019.22,520639677.22,3.4882472398947324,17.7332310120649,0.14437427549039272,0.17676174773971629,-0.01746165230237713,3.4882472398947324,-0.023250454539498443,68.77213531896874,-57.55003866139924,5.3522582305729625,0.0,13.461773670367252,0.0,0.06356617518523544,17.58793143893644,-0.018990350411703775,-229.01788016260983,0.5125945402824429,-0.03443877551020418,0.8108287431010104,0.553139872741824,18.65919191798157,0.2560837731017768,-0.059319150932882876,-0.07654682496895651,0.7073112769196316,1.0103049490235076,8.740556592746353,Integrated Freight & Logistics,Industrials,CYRX
2019Q1,2019,Q1,2019-05-09,2019-03-31,-2386902.0,6652912.0,-2140546.0,-0.0784,3453901.0,0.5191562732,59794355.0,38906938.0,52449771.0,4531881.0,20887417.0,227090.0,-143375386.0,389353128.84,373350999.84,1.2780679033004274,11.57351020470308,0.28045886605851006,0.431024847033709,-0.037058539290257875,1.2780679033004274,-0.061349006699010854,58.52371545572826,-40.780175394716665,10.00729301390924,0.0,14.086974327359197,0.0,0.11126321205404757,11.35975701921564,-0.039918517391817336,-292.5012762524077,0.5191562732229135,-0.02216427640156445,0.7106628200087437,0.3929118153961677,3.9509312561789787,0.22644546457835912,-0.05696322484882193,0.03573145213785523,0.6813738216920702,0.5964380229639143,3.6909327237041487,Integrated Freight & Logistics,Industrials,CYRX
2018Q4,2018,Q4,2019-03-13,2018-12-31,-2258264.0,5690898.0,-2219865.0,-0.0767,2816188.0,0.4948582807,56620097.0,38546565.0,51774542.0,3061381.0,18073532.0,220514.0,-140988484.0,324878469.31,302319271.31,1.3087004899185943,16.912152391355406,0.260824826916139,0.3831191443388017,-0.04167097860932518,1.3087004899185943,-0.058585349952713035,57.087382221575574,-35.96551037766178,8.42820804681299,0.0,13.036405851782654,0.0,0.1005102128313203,16.59439285734118,-0.039884495429246616,-223.48369390266637,0.4948582807142212,-0.02953020134228198,0.7803200770574114,0.3443941898005639,5.9244974399921935,0.029305846074224224,-0.053448567817969694,-0.027116126703867188,0.784908330730432,0.0258523203585641,1.0309121412162758,Integrated Freight & Logistics,Industrials,CYRX
2018Q3,2018,Q3,2018-11-08,2018-09-30,-2143687.0,5285355.0,-2161260.0,-0.0745,2736007.0,0.5176581327,31999386.0,29034396.0,27944226.0,2785283.0,2964990.0,130299.0,-138730220.0,362788022.87,348938378.87,1.0091946549492217,10.032813900777766,0.0,0.0,-0.07451098040158388,1.0091946549492217,-0.07383267073990449,68.64023757533789,-42.30888451415715,12.495111758825635,0.0,19.56536888233985,0.0,0.1651705129592174,9.669317624097802,-0.06699150414948586,-236.45505339641616,0.5176581327082097,0.16197975253093375,0.9825988540526972,0.10684722766037884,7.100825291731941,0.09278242222432577,0.1324231349837508,0.1232868932757582,0.8284920041685649,-0.10863441147984546,0.04730813698396288,Integrated Freight & Logistics,Industrials,CYRX
2018Q2,2018,Q2,2018-08-09,2018-06-30,-2470890.0,4627011.0,-2465185.0,-0.0889,2503707.0,0.541106775,27738253.0,24421716.0,24229973.0,3132980.0,3316537.0,97290.0,-136586533.0,438824015.94,418812878.94,0.8781986957903688,7.733842220505717,0.0,0.0,-0.10146900196255025,0.8781986957903688,-0.10117593702260726,94.83963101449294,-44.39938806867161,17.968598764312876,0.0,21.824483502929386,0.0,0.16680974825631592,7.542360947085522,-0.0890787894969449,-222.02558210980558,0.5411067749784905,0.11099999999999999,0.768480741200252,0.15927011972828367,1.987790999016632,0.1461954812455622,0.07897463805931206,-0.3708380947614559,0.7497819307676338,-0.36995482420145676,1.3243906332569668,Integrated Freight & Logistics,Industrials,CYRX
2018Q1,2018,Q1,2018-05-03,2018-03-31,-2682760.0,4023189.0,-1798305.0,-0.1,2184363.0,0.5429431727,25084983.0,22453277.0,22043286.0,2442652.0,2631706.0,121926.0,-134115643.0,230257939.39999998,211263945.39999998,0.8386168255616727,9.024325200642581,0.0,0.0,-0.08011526043827698,0.8386168255616727,-0.1194818912179278,57.23269262269309,-21.457187691034605,10.254981462171424,0.0,15.081492052556468,0.0,0.1603823690053926,8.752740054661901,-0.10694685342222476,-170.7453356429814,0.5429431726921107,-0.12612612612612614,0.8028749199876549,0.3863821482478673,2.3818498224808518,0.274982051656209,-0.18200495314515025,0.2082050040177441,0.7519824888315316,-0.3231041947802892,11.876263887551204,Integrated Freight & Logistics,Industrials,CYRX
2017Q4,2017,Q4,2018-03-08,2017-12-31,-2269669.0,3322000.0,-2271175.0,-0.0888,1713250.0,0.5157284768,20264111.0,17886766.0,17298888.0,2185143.0,2377345.0,114796.0,-131432883.0,219437090.54999998,204394901.54999998,0.7001884665664148,7.916593101687167,0.0,0.0,-0.1270262031712739,0.7001884665664148,-0.1268909650855834,66.05571660144491,-24.170604893268578,12.268125526436696,0.0,14.013990034495976,0.0,0.1639351462297063,7.627722762308919,-0.11200437068273067,-126.1575705894426,0.515728476821192,-0.11000000000000003,0.8095084910682532,0.4279751290289194,5.2881702753286906,0.06645079324766869,-0.1514102012573001,-0.1423731967889262,0.6731630210858613,-0.28465164173102675,4.360770946062384,Integrated Freight & Logistics,Industrials,CYRX
2017Q3,2017,Q3,2017-11-02,2017-09-30,-1971208.0,3002655.0,-1988120.0,-0.08,1606497.0,0.5350255024,19719648.0,17754446.0,17216245.0,1770614.0,1965202.0,90254.0,-129163214.0,242626864.65,227229352.65,0.7207828916730801,9.723319142399191,0.0,0.0,-0.11150040281581788,0.7207828916730801,-0.11102616212299725,80.80410991272724,-30.771342325365964,13.665696167033316,0.0,15.469209120925388,0.0,0.1522671702862039,9.523051325698317,-0.09996162203300991,-202.32899809868493,0.5350255024303492,-0.03225806451612906,0.8261661557574169,0.7600628172226631,2.130830631520479,0.15310772623097083,-0.06148991394815349,-0.06664863989046588,0.6921965843004533,-0.20748487119129752,3.8144841527283093,Integrated Freight & Logistics,Industrials,CYRX
2017Q2,2017,Q2,2017-08-09,2017-06-30,-1857020.0,2917378.0,-1863894.0,-0.0775,1393189.0,0.4775483328,17191618.0,15027097.0,14486807.0,1967548.0,2164521.0,72621.0,-127183550.0,117911859.0,105057333.0,0.627021894718834,7.3628734851703745,0.0,0.0,-0.12380639124785463,0.627021894718834,-0.1235780936264669,40.417065940718004,-15.873800362947087,7.846615949840479,0.0,20.988267856405173,0.0,0.1696976980293536,7.168951913752549,-0.10801891945249133,-121.06686140830031,0.4775483327837531,0.22500000000000006,0.8287904427055812,1.1462498088037374,-0.06611449835795175,0.11144183033545353,-0.037898828030903005,-0.053456341529169796,0.8192656756645587,-0.3035674193741179,4.174287604668319,Integrated Freight & Logistics,Industrials,CYRX
2017Q1,2017,Q1,2017-05-04,2017-03-31,-1789211.0,2712234.0,-1769313.0,-0.1,1253497.0,0.4621640316,18901087.0,16067557.0,16393088.0,2634171.0,2833530.0,70960.0,-125323093.0,41546107.879999995,27577089.879999995,0.9127072656125785,6.223243669450465,0.02983119436464157,0.03509195579639145,-0.10663606013941118,0.9127072656125785,-0.11135550973928394,15.31803962342482,-5.805087812449174,2.58571404974633,0.0,20.55717305524239,0.0,0.14349619151533455,6.0742863694118565,-0.09466180437135706,-28.239528902857792,0.46216403156954744,0.5833333333333333,0.7934202913454576,1.9371558255838761,-0.1745871670417763,0.3323296107377414,0.5823361393735641,0.585239627667804,0.6249527386430521,-0.01804003372840619,3.107350001422187,Integrated Freight & Logistics,Industrials,CYRX
2016Q4,2016,Q4,2016-12-31,2016-12-31,-4283854.0,2228879.0,-4265868.0,-0.24,940831.0,0.4221094999,8111933.0,5680402.0,6096426.0,2231267.0,2431531.0,89499.0,0.0,57037876.92,53165281.92,0.3226715907714049,2.732270947403426,0.08036728114001927,0.11476898994120487,-0.6737130999893279,0.3226715907714049,-0.754146273450365,25.59038732923591,-3.3286543448959747,10.041169079230661,0.0,14.39175856713483,0.0,0.27476545972458105,2.563569487649842,-0.5280928725619405,-49.3669875582598,0.42210949988761165,-0.7142857142857141,0.6959683545944181,1.2144241415988213,0.31122879280703014,0.18070993367510213,-0.9610513864245207,-0.9741784645914167,0.3027678676651788,-0.11903350023782763,2.2141780605666566,Integrated Freight & Logistics,Industrials,CYRX
2016Q3,2016,Q3,2016-11-14,2016-09-30,-2184468.0,1976826.0,-2160832.0,-0.14,796835.0,0.4030880816,5990201.0,3697959.0,4247268.0,2292242.0,2292242.0,82191.0,-119250028.0,29787343.63,27968992.63,0.2445662601032679,1.8528881331028748,0.12348116532316696,0.2000230397362437,-0.48757550542771316,0.2445662601032679,-0.5907226121219841,15.06826783439716,-3.40899290239088,8.055076768022577,0.0,14.356693555255442,0.0,0.33000996126841153,1.5523029418359842,-0.36467357272318573,-18.539455797597558,0.40308808160151677,0.5,0.820931736610086,1.9499143155147085,-0.7559336801940921,0.019035743973399834,0.44482165666932844,-0.09174007391670098,0.9662608243455753,-0.21231192950272698,2.478462076493442,Integrated Freight & Logistics,Industrials,CYRX
2016Q2,2016,Q2,2016-08-15,2016-06-30,-3934714.0,1917566.0,-1979255.0,-0.28,781950.0,0.4077825744,7692096.0,5085152.0,5913484.0,2606944.0,2606944.0,83544.0,-117065560.0,29535463.36,25873300.36,0.35811580238570534,2.2683586605619452,0.11226549954654752,0.16981930923598743,-0.33293027118530233,0.35811580238570534,-0.7737652679801902,15.402579812115984,-1.8765953103580084,5.80817709283813,0.0,13.593028823135114,0.0,0.24929044047292181,2.125471433218358,-0.5115268972202115,-17.96790548671059,0.4077825743677141,-0.1200000000000001,0.6663079066447862,1.699006420473275,-0.7832209291935517,0.34400239254598175,-0.4071395619132767,0.245744665445685,0.2779790197660043,-0.05911322130154573,1.4028058432537907,Integrated Freight & Logistics,Industrials,CYRX
2016Q1,2016,Q1,2016-06-28,2016-03-31,-2796250.0,1555545.0,-2624118.0,-0.25,581807.0,0.3740213237,5823780.0,3095927.0,4132055.0,2173578.0,2727853.0,69801.0,-113130846.0,23114773.267599996,21269420.267599996,0.272454963347079,1.9010382880209498,0.16263887028699572,0.3059416452648916,-0.6696472616911405,0.272454963347079,-0.9032028209967483,14.859597933585976,-2.066586791917747,7.466188081178916,0.0,13.95020128651452,0.0,0.2671022943861204,1.7544919022919812,-0.4801434806946691,-9.73295001917976,0.37402132371612523,0.3055555555555555,0.7079849350533512,2.383629628787137,-0.8867138886523969,0.5140105443398337,-0.012967799125723205,0.020432983494814014,0.5158764245524311,0.26303468255601775,1.4489438218497808,Integrated Freight & Logistics,Industrials,CYRX
2015Q4,2015,Q4,2016-02-11,2015-12-31,-2760453.0,1458563.0,-2678855.0,-0.36,384282.0,0.263466165,7458615.0,4990267.0,6206055.0,2468348.0,2468348.0,52880.0,-109352607.0,15643215.32,11377782.32,0.6443904998937264,2.5142544730321656,0.1316587597027062,0.1967814547798745,-0.448599268219298,0.6443904998937264,-0.5531673956523769,10.725087171414605,-1.4167253816674292,3.1347451589263664,0.0,20.315450075642964,0.0,0.1955541343801765,2.3757630609622304,-0.37010262629187857,-8.826584971708824,0.26346616498567427,0.16279069767441862,0.6964148895153871,1.291917181366898,1.6838183427570161,-0.11925154648153963,0.08871038026232911,-0.4704811955950145,0.2357496045716478,1.068180441009888,4.946446305948074,Integrated Freight & Logistics,Industrials,CYRX
2015Q3,2015,Q3,2015-11-16,2015-09-30,-3029172.0,1437028.0,-1821754.0,-0.43,436313.0,0.3036217805,8915900.0,6718700.0,8030520.0,2197200.0,2197200.0,79230.0,-106592154.0,16454958.399999999,10351806.399999999,0.9636081486538428,3.6548880393227745,0.1072866452068776,0.14237233393364787,-0.2964326832844767,0.9636081486538428,-0.45085686219060234,11.450687390920704,-1.3580409432016405,2.4491283135130306,0.0,12.630506121418655,0.0,0.16117587680436074,3.5329587657018022,-0.3397494364001391,-12.71778608714739,0.30362178050810423,-0.19444444444444448,0.7360755492151128,0.5194785910662308,6.748942989507401,-0.10575472626211284,-0.5741977192318726,-0.12720513758152768,0.0562788568997264,1.975814345203258,3.1855792409075927,Integrated Freight & Logistics,Industrials,CYRX
2015Q2,2015,Q2,2015-08-06,2015-06-30,-1924264.0,1431063.0,-1616169.0,-0.36,487912.0,0.34094376,4020075.0,2047373.0,3511386.0,1972702.0,1972702.0,104804.0,-104166691.0,41454791.550000004,40038982.550000004,0.377818892928434,1.7799880569898545,0.24131639335087032,0.47383158808873616,-0.536527381335204,0.377818892928434,-0.9398697745843088,28.967831290446334,-5.385798355890876,20.247796346830793,0.0,8.99918896225335,0.0,0.3559791794929199,1.5934261738468354,-0.47866370652288825,-20.895563268182332,0.3409437599882046,0.10000000000000009,0.8055474878665027,0.2687341528293699,1.1329843595325273,0.3183995849534829,0.11781471791135988,0.04539115673380716,0.21538761096055775,3.6561332689561667,-0.4372770882099221,Integrated Freight & Logistics,Industrials,CYRX
2015Q1,2015,Q1,2015-05-19,2015-03-31,-2181247.0,1198544.0,-1693017.0,-0.4,370079.0,0.3087738122,2606649.0,-416299.0,2161902.0,2996496.0,3022948.0,69680.0,-97768079.0,46648241.28,46781595.28,-0.07710522972153518,0.7214766847678088,0.5902367368986005,-3.695757136096892,-1.6987161643080424,-0.07710522972153518,5.239616237367853,38.920758253347394,-5.346510651934421,-112.05465610054313,0.0,11.889566590126291,0.0,0.4598026048002627,0.665739250110796,-0.8368011957114287,-36.0304886428236,0.30877381222550027,-0.48148148148148145,-1.1550810024732334,1.1517942124606309,0.9386538036660692,0.5779130798125669,-0.4957782137589155,-0.24739048971926259,0.17884005434715797,3.2320483753857854,-1.0697306228384535,Integrated Freight & Logistics,Industrials,CYRX
2014Q4,2014,Q4,2015-02-05,2014-12-31,-1458269.0,975188.0,-1357247.0,-0.27,234537.0,0.240504395,1866582.0,-1117633.0,1370752.0,2984215.0,2984215.0,66958.0,-93928378.0,28324164.0,29203356.0,-0.20834162095657968,0.4593341967653135,0.8856369556762039,-1.4791206057802517,-2.6255752160213,-0.20834162095657968,1.304783412801877,29.04482417749193,-4.8557851809234105,-25.342991840792106,0.0,11.061426565906986,0.0,0.5224458395077205,0.3958766375747056,-0.7812509710261858,-26.702998271913838,0.2405043950499801,-0.03846153846153849,-1.0486652794537314,2.8515664953922326,0.9953415989293841,0.04258128183927667,-0.04573718401507649,0.012932090886810388,0.660361482770848,2.179492663976071,-1.8466302579823068,Integrated Freight & Logistics,Industrials,CYRX
2014Q3,2014,Q3,2014-11-12,2014-09-30,-1394489.0,825000.0,-1375029.0,-0.26,224958.0,0.2726763636,1205318.0,-1373613.0,655539.0,2578931.0,2578931.0,58804.0,-92027710.0,25745419.2,26968264.2,-0.25609769057479553,0.2541902051664042,1.1002805898526364,-0.965474263857433,29.19748301990587,-0.25609769057479553,1.0151978759665203,31.206568727272728,-4.615565128158057,-18.7428476579648,0.0,10.204101761784912,0.0,0.6844666718658479,0.19830813620061957,-1.156946963373981,-27.82133600753849,0.27267636363636366,0.3953488372093023,0.985085153718515,6.479471266183561,0.9954839229412327,-0.33710126563628057,0.39297834293315875,-0.17751398214840816,0.6777485749291904,2.470577322351438,-1.255574177823997,Integrated Freight & Logistics,Industrials,CYRX
2014Q2,2014,Q2,2014-07-31,2014-06-30,-2297264.0,936588.0,-1167739.0,-0.43,339355.0,0.3623311424,1324903.0,-1058434.0,783392.0,2383337.0,2383337.0,38601.0,-88915924.0,31506827.52,32678656.52,-0.1975315323654649,0.32869543837065424,1.0131564348484379,-1.2682264553103926,-4.116072118718854,-0.1975315323654649,2.1704367017688395,33.64000768747838,-3.4287338677661774,-29.767399308790157,0.0,15.471956685059972,0.0,0.7069106191170221,0.27833663472685566,-1.7339110863210363,-34.35675467723099,0.3623311424019953,-0.5925925925925924,-1.452645958204797,3.8923484139290787,0.9954355999288492,1.3706252183024799,-0.5932090074970005,0.08381153682598415,0.4837063816819507,2.493456101249403,-1.1195722214878407,Integrated Freight & Logistics,Industrials,CYRX
2014Q1,2014,Q1,2014-06-25,2014-03-31,-1441910.0,834826.0,-1274562.0,-0.27,143150.0,0.1714728578,1709950.0,-2304495.0,1111614.0,4014445.0,4014445.0,29703.0,-85876874.0,33202097.76,35812995.760000005,-0.43310663392251875,0.276903532119633,1.7430211409690342,-1.2933328126118737,-1.8875859120830296,-0.43310663392251875,0.6256945664885365,39.77127899706047,-5.756617569751233,-14.407537338983161,0.0,23.286402046931286,0.0,0.48821661452089243,0.2205550206815637,-0.8432468785637007,-27.201501034738712,0.17147285781707805,0.22857142857142848,0.9809615155509633,8.242280242597722,0.9652182808780753,-0.14312736066466739,0.21598468845408303,-0.01397862037198357,0.6784248600366384,2.878030852575337,-1.1800846853849691,Integrated Freight & Logistics,Industrials,CYRX
2013Q4,2013,Q4,2014-02-13,2013-12-31,-1839135.0,757327.0,-1256991.0,-0.35,167061.0,0.2205929539,1650957.0,-1400403.0,988383.0,1773814.0,3051360.0,30008.0,-84434964.0,20304684.0048,21848731.0048,-0.2657531059495624,0.5572078019454125,1.068481492855356,-1.259649543738481,-3.4546912462190735,-0.2657531059495624,1.3132898172883092,26.81098654187689,-2.760086128098264,-14.499172027480663,0.0,19.670287923220474,0.0,0.4587200030043181,0.4823825947929152,-1.1139811636523544,-24.068519007135915,0.22059295390234337,0.9182242990654206,0.9116533295641305,4.745534995985208,0.9734456542355394,1.3170092369143713,0.8770529447769587,0.0231249810568822,0.7027555941168698,0.7488684319021638,0.7179864561582919,Integrated Freight & Logistics,Industrials,CYRX
2013Q3,2013,Q3,2013-11-18,2013-09-30,-14958756.0,579827.0,-1286747.0,-4.28,72102.0,0.124350884,1757317.0,-577878.0,1004128.0,1042583.0,2335195.0,43305.0,-82594633.0,20960472.0,21816615.0,-0.1654193665104488,0.9631156464281501,0.7901886796747541,-2.4029501036550966,-1.587043685160246,-0.1654193665104488,25.88566444820533,36.149527359022606,-0.35030439696990845,-36.271448298775866,0.0,11.724396720932917,0.0,0.3299501455912621,0.8825561130384824,-8.51226955637486,-18.177859761316896,0.12435088397056364,-10.263157894736842,-0.0033402964560729077,9.202552544992477,0.9767948684545431,0.3195344240693972,-10.464581002161284,-0.021166994028133247,-1.6012742920557266,0.22366564664252728,0.013098313087612746,Integrated Freight & Logistics,Industrials,CYRX
2013Q2,2013,Q2,2013-08-14,2013-06-30,-1304780.0,487963.0,-1260075.0,-0.38,54642.0,0.1119798017,1662414.0,-3022610.0,823106.0,3377706.0,4685024.0,52864.0,-67634985.0,10199424.0,13551192.0,-0.8890531465306276,0.24368787573578043,2.1530725799951154,-1.1841746040673458,-2.2314427030707455,-0.8890531465306276,0.4316732889787303,20.90204380250142,-1.9542420944527046,-3.3743764494923263,0.0,8.196901483050848,0.0,0.2935267628881855,0.17326315552626545,-0.7848706760169248,-7.832155116145134,0.11197980174726363,0.2549019607843137,0.9828995230607057,2.917227186244295,0.7694121520043864,1.3583551941238194,0.24497884137658069,0.25043677304873835,0.7898423984437879,-0.3104628345390678,0.687071860368431,Integrated Freight & Logistics,Industrials,CYRX
2013Q1,2013,Q1,2013-06-25,2013-03-31,-1728137.0,368490.0,-1681079.0,-0.51,-152480.0,-0.4137968466,1755797.0,-2063275.0,958305.0,2497408.0,3819072.0,39212.0,-66311448.0,21622778.880000003,23781757.880000003,-0.6068798590979255,0.3837198407308698,1.5503403867303567,-1.3193020804303837,-2.5683821582905946,-0.6068798590979255,0.8375698828319056,58.679418383131164,-3.1280475564147987,-10.479833701275885,0.0,13.285983882484954,0.0,0.20987050325293868,0.31240430077904774,-0.9842464704063169,-17.80424832828725,-0.41379684659013816,-0.08510638297872349,0.9058439935532959,0.0750420925245646,-1192.8466823771626,-1.4736381038902047,-0.09853902078858423,-0.08526516733666752,-1.1951187756551,0.05060533125837798,0.5171563443649076,Integrated Freight & Logistics,Industrials,CYRX
2012Q4,2012,Q4,2013-02-14,2012-12-31,-1573123.0,307153.0,-1549003.0,-0.47,-61642.0,-0.2006882563,1737102.0,-550726.0,898733.0,952178.0,2287828.0,55459.0,-64594537.0,15177672.0,16024215.0,-0.1632837367944175,0.9438707888651071,0.8241600090265281,-2.5995685694882753,-1.765242814645355,-0.1632837367944175,2.8564531182475497,49.41404446643855,-2.4120288114788226,-27.559388879406455,0.0,6.649867469662273,0.0,0.176819208083348,0.825732163524047,-0.9056019738622142,-14.500429442870724,-0.20068825634130222,-0.021739130434782507,0.8635621106255345,2.3504327217448417,-1.0615883492851717,0.44388008263940887,-0.013151911957349188,0.003107800585906327,-1.0834977527547902,0.9294536110837389,0.9963490677916161,Integrated Freight & Logistics,Industrials,CYRX
2012Q3,2012,Q3,2012-11-09,2012-09-30,-1552702.0,233597.0,-1553832.0,-0.46,-110843.0,-0.4745052377,2838866.0,776493.0,1934551.0,713087.0,2062373.0,55919.0,-63027526.0,8094758.399999999,6425124.399999999,0.23022097855323267,2.712924229441849,0.0,0.0,-2.0031536872352826,0.23022097855323267,-1.9996342529810314,34.65266420373549,-1.303334187757857,10.424766739687286,0.0,6.159623741483217,0.0,0.08228532096971114,2.5803331150336493,-0.5469444489454592,-6.559984440338422,-0.47450523765288083,-0.02222222222222224,0.7486077759934475,-0.24267899635834467,1.040158641266048,0.31712861710582246,-0.017183413780272418,-0.008626179210836698,0.9735906396704416,2.3678310091761694,1.0040597620281453,Integrated Freight & Logistics,Industrials,CYRX
2012Q2,2012,Q2,2012-08-14,2012-06-30,-1526472.0,191299.0,-1540543.0,-0.45,-162319.0,-0.8485094015,4231114.0,2264549.0,3201424.0,596023.0,1966565.0,47506.0,-61474822.0,16189516.799999999,13217949.799999999,0.6714119596206849,5.371309496445607,0.0,0.0,-0.671777842859128,0.6714119596206849,-0.6740732922979366,84.62938541236493,-2.6514598368001505,7.149113046350509,0.0,7.44364922325601,0.0,0.0452124428696556,5.228544871590526,-0.3607730730015783,-11.02311505234604,-0.8485094015128151,0.08163265306122446,0.7945420243401883,2.4642643143183065,1.1201633619898814,-0.06084609402061317,0.08009996450500756,-0.04718701673889031,-1.4778276558395098,0.587508973679372,1.0155144485519105,Integrated Freight & Logistics,Industrials,CYRX
2012Q1,2012,Q1,2012-06-27,2012-03-31,-1659389.0,176919.0,-1471125.0,-0.49,-153009.0,-0.8648534075,6213599.0,3729520.0,5132751.0,1108631.0,2484079.0,51754.0,-59929015.0,25903226.88,21623593.88,1.1057585115820134,4.629810099122251,0.054381043900644375,0.09060200776507432,-0.3595161467353544,1.1057585115820134,-0.4449336643857655,146.41291709765486,-3.902524796777609,6.945458632746305,0.0,6.374927541832515,0.0,0.028472870553764414,4.296884175167391,-0.2670576263450538,-12.18595180891797,-0.8648534074915639,0.38750000000000007,0.8011270950553683,0.13579679562276914,1.130785845165672,0.23666487068965517,0.17826808228268082,0.2863722753718941,0.9654354655667627,2.0899106939584153,1.0888007223953156,Integrated Freight & Logistics,Industrials,CYRX
2011Q4,2011,Q4,2012-02-21,2011-12-31,-2019380.0,144254.0,-2061474.0,-0.8,-200448.0,-1.38954899,4224082.0,620873.0,3061571.0,2215215.0,3603209.0,47130.0,-58259616.0,20587835.04,18586790.04,0.24608336282842103,1.382064946291895,0.1882169901057792,1.2805259690790225,-1.4137923157374575,0.24608336282842103,-3.2524848076820865,142.7193356163434,-2.5487816854678167,33.159494840329664,0.0,7.313855293868024,0.0,0.03415037870950422,1.3000078999103923,-0.47806363607524666,-12.486064680856225,-1.3895489899760145,0.012345679012345689,0.4576612968870251,-0.4460820473293955,1.0256083270801033,0.2072046417256968,-0.0019623652579480754,-0.061522205481159095,0.7973956384358928,1.2857517489940509,1.0245889231664043,Integrated Freight & Logistics,Industrials,CYRX
2011Q3,2011,Q3,2011-11-14,2011-09-30,-2015425.0,110713.0,-1941998.0,-0.81,-252837.0,-2.2837155528,6432933.0,2503190.0,5358839.0,2529563.0,3929743.0,42679.0,-56180051.0,34473407.4,30872383.4,1.0020483788904488,2.118484101799402,0.210235362314515,0.5402825994031616,-0.5000364057668505,1.0020483788904488,-0.8051426379939197,311.37632798316366,-4.276195765161194,13.771790155761249,0.0,8.518240821012675,0.0,0.017210345576426804,2.0022592835205133,-0.3132979933103609,-19.397312103244044,-2.283715552825775,0.024096385542168565,0.8081724132476314,0.4573645559325593,1.1114452519754965,-0.09676873625444088,0.018710677584677392,0.009225639144504742,0.8109554766296976,1.7242923247111157,1.1405679693834154,Integrated Freight & Logistics,Industrials,CYRX
2011Q2,2011,Q2,2011-08-15,2011-06-30,-2053854.0,123751.0,-1960081.0,-0.83,-230529.0,-1.8628455528,8681449.0,4085911.0,7656734.0,3183532.0,4595538.0,44963.0,-54149941.0,35319209.519999996,30247852.519999996,1.651985134235813,2.4051066551239315,0.22867691787396321,0.4858762219735085,-0.3231029630771406,1.651985134235813,-0.502667336611101,285.40544739032407,-4.299138293179554,8.644145582221443,0.0,7.879367479927941,0.0,0.014254648043201083,2.24045148595962,-0.2365796308888067,-21.849983711128335,-1.86284555276321,0.011904761904761916,0.24560499140177164,-0.27160596894605693,1.1881657886534205,-0.3275726041912616,0.014601156174749446,-0.3395439588038914,0.9629991139495327,0.36556446873850607,1.4284644832659148,Integrated Freight & Logistics,Industrials,CYRX
2011Q1,2011,Q1,2011-06-27,2011-03-31,-2084287.0,100066.0,-1463245.0,-0.84,-173647.0,-1.7353246857,11031467.0,5948409.0,9997675.0,3237920.0,5083058.0,44224.0,-52096087.0,41552011.2,34765084.2,2.405016467650548,3.087684377625142,0.22585536447690954,0.41885418437098054,-0.19458981344527918,2.405016467650548,-0.35039402973131134,415.24604960725924,-4.983959886522346,6.985399154631096,0.0,6.189241136034732,0.0,0.009070960371816369,2.877167131985966,-0.18894014730769715,-33.425879146559154,-1.7353246857074331,0.28205128205128205,0.3558739520195563,3.103207181572287,1.2990660611145965,-0.10635600239560636,-0.46507466001803677,-0.08974397166395331,0.8439014011171965,-0.5987103799676711,4732.119162917799,Integrated Freight & Logistics,Industrials,CYRX
2010Q4,2010,Q4,2011-02-22,2010-12-31,-1422649.0,99569.0,-1342742.0,-1.17,-156954.0,-1.5763339995,4136809.0,-1141776.0,3111090.0,2652471.0,5278585.0,59863.0,-50239070.0,8723786.4,8991409.4,-0.942341641927409,1.1729025501127062,0.7200233319933311,-2.6087419949272013,-0.7139568891090924,-0.942341641927409,1.2459965877720323,87.61548674788338,-1.533018052942082,-7.640541051835036,0.0,4.285167799809565,0.0,0.024069034852708934,1.0356003892219745,-0.34390009304272934,-5.990570594532681,-1.5763339995380088,0.22516556291390732,-0.08823050324363949,0.957312081972231,0.8715330919564899,0.38160341675597304,0.057736645602359485,0.09434881082619623,0.6565289030829128,2.0233637935815714,-1.3554381307555408,Integrated Freight & Logistics,Industrials,CYRX
2010Q3,2010,Q3,2010-11-09,2010-09-30,-1509821.0,124409.0,-1482626.0,-1.51,-253808.0,-2.0401096384,5371035.0,-153737.0,4328242.0,2334398.0,5524772.0,60228.0,-48782434.0,8364900.4799999995,9060324.48,-0.16761483813851663,1.85411485102369,0.8268739637704837,-28.888094603120916,-0.31686957014252914,-0.16761483813851663,9.820804360693913,67.23710085283219,-1.3850814897924983,-54.410457339482356,0.0,6.279753602975361,0.0,0.023162947178709505,1.629835615006524,-0.28110429367896506,-7.782642110502737,-2.040109638370214,0.1748633879781421,0.14617235720633914,0.5247039502053031,0.9750426332635656,-0.044155096163735474,-0.13622550805084874,-0.13310675671647837,0.10109064809857048,0.4831710823771224,0.9707620730396862,Integrated Freight & Logistics,Industrials,CYRX
2010Q2,2010,Q2,2010-08-23,2010-06-30,-1328804.0,151460.0,-1308461.0,-1.83,-243075.0,-1.604879176,3403637.0,-2067313.0,2322747.0,1728839.0,5470950.0,0.0,-47272613.0,11438673.72,13323957.72,-2.841077659482362,1.3435299643286622,1.170067783374079,-1.9264068866204584,-0.6840313666329977,-2.841077659482362,0.6427686567055884,75.52273682820547,-2.1520618766951336,-5.533111686522553,0.0,0.0,0.0,0.04449945749208861,1.232051104816585,-0.39040708512688044,-7.612161785179054,-1.6048791760200714,-1.7011494252873562,-0.1763107737001594,-0.5487185622629175,0.5123768007568467,-0.32264120143650016,-1.700992031567758,0.0038363151884278643,0.17098076357593922,11.713519448013473,0.4915291002105257,Integrated Freight & Logistics,Industrials,CYRX
2010Q1,2010,Q1,2010-06-22,2010-03-31,1895605.0,75068.0,-1313500.0,2.61,-183780.0,-2.4481803165,4776546.0,-914575.0,3905340.0,1910406.0,5691121.0,0.0,-45943809.0,17027033.4,15989994.399999999,-1.256886886708051,2.0442460921919214,0.5428288558301333,-2.8350293852335784,2.62033739278786,-1.256886886708051,-2.0726621654867015,226.8214605424415,2.2455935440136523,-18.617427110953173,0.0,0.0,0.0,0.015715958770207594,1.9424781957343098,0.3968568501172186,-16.722680612846197,-2.448180316513028,-0.779746835443038,2.9912272406412845,6.3630271880912215,0.8437049327809498,-0.6451379004753337,-0.22649488772249537,-0.47388855225655874,2.0530397741292843,1.2338320996723402,0.8513391377647375,Integrated Freight & Logistics,Industrials,CYRX
2009Q4,2009,Q4,2010-02-16,2009-12-31,2450669.0,20707.0,-891180.0,11.85,-111711.0,-5.3948423239,1964134.0,-19621336.0,895205.0,20092678.0,21585470.0,0.0,-45377624.0,21576488.351040002,28056385.351040002,-44.72384790368388,0.044553792182405946,3.6286755384306772,-0.363237498200938,0.20254562468327933,-44.72384790368388,-0.12489817207146343,1041.9900686260685,2.20108145480275,-1.0996442011410437,0.0,0.0,0.0,0.01054255972352192,0.032715300568694726,1.2477096776492846,-26.823183516398,-5.3948423238518375,1.6798623063683304,6.177151849947712,0.1241809692860786,-5.09708220496647,0.33816184703979524,1.3410185349334471,0.14395877999861678,4.7850211696903795,-0.5427372034033964,-3.6541257898726234,Integrated Freight & Logistics,Industrials,CYRX
2009Q3,2009,Q3,2009-11-16,2009-09-30,-7186322.0,8478.0,-1041048.0,-17.43,-168789.0,-19.9090587403,2438068.0,-23378326.0,1370924.0,24273020.0,25816394.0,0.0,-47828293.0,24231074.09184,29512717.09184,-56.70799838935812,0.056479333844737904,2.6260141226577765,-0.27386054074188204,0.061338621367789455,-56.70799838935812,0.3073924967938252,2858.112065562633,-0.8429581255835739,-1.0364760116631107,0.0,0.0,0.0,0.0034773435359473155,0.04647262680951938,-2.9475478124482173,-37.51579075669231,-19.909058740268932,-3.0725326991676574,-8.041662048409087,-0.7688339849466863,-7.443657664262145,-0.24591434518800656,-20.781989451546483,-0.09410325504357293,-3.1446429974664705,-0.323762843894294,-5.306918211400051,Integrated Freight & Logistics,Industrials,CYRX
2009Q2,2009,Q2,2009-08-19,2009-06-30,363276.0,13703.0,-951508.0,8.41,-135474.0,-9.886448223,1876237.0,-16598335.0,1345432.0,16901954.0,18474572.0,512556.0,-39928972.0,21623059.71504,25224355.71504,-43.276559741983256,0.07960215724170117,2.216254129942006,-0.25052018771762347,0.736239661096062,-43.276559741983256,-0.021886291606959374,1577.9799835831568,14.880600228916856,-1.302724623586643,0.0,0.2910452711508596,0.0,0.00730344833834958,0.03339714449583758,0.1936194627864177,-40.511890890123766,-9.886448223016858,1.5910049191848208,1.6101114691717981,-0.9225401752885976,-6.427693658141042,-0.12794424971067464,1.0665426457916918,-0.38939744610015553,1.860472343937363,-0.47987911804191213,-3.92932280399973,Integrated Freight & Logistics,Industrials,CYRX
2009Q1,2009,Q1,2009-07-01,2009-03-31,-5459296.0,6511.0,-684835.0,-14.23,-120107.0,-18.4467823683,1572556.0,-4775904.0,1053997.0,4747012.0,6348460.0,530241.0,-30634355.0,24843515.41728,28566866.41728,-12.452134191650957,0.22203377619437237,2.5265294208918476,-0.8319072158904367,0.8531883852941117,-12.452134191650957,1.1430916534335698,3815.6220883550914,-1.137670288315563,-5.201845643731533,0.0,0.23879330342240604,0.0,0.00414039309251944,0.053150065767687125,-3.471606734513747,-45.64238522542384,-18.4467823682998,-1.1659056316590564,-9.879801099075307,1.882498920764478,-0.5484346054417731,0.23496776987948736,-2.7544648475566356,0.05010416695563403,-9.879801099075307,1.882498920764478,-0.5484346054417731,Integrated Freight & Logistics,Industrials,CYRX
2008Q4,2008,Q4,2009-02-17,2008-12-31,-1454081.0,9207.0,-720958.0,-6.57,-156996.0,-17.0518084066,2213744.0,-3683686.0,1543629.0,3524882.0,5897430.0,533204.0,-25175059.0,20759599.936156,25232650.936156,-10.007895065719765,0.4379235957402262,2.3711942302271627,-1.4249903493403075,-0.7660509909456474,-10.007895065719765,0.39473532760392716,2254.762673634843,-3.5691959279015406,-5.63555089553127,0.0,0.31170621375683605,0.0,0.004159017483503061,0.22156429633672844,-0.6568424352590001,-40.48102354254002,-17.051808406647115,-0.7566844919786097,-2.661376572593773,-0.4042188736238013,-0.36434948633625114,-0.21729691170883378,0.0734165002966304,0.2890766826247516,-2.661376572593773,-0.4042188736238013,-0.36434948633625114,Integrated Freight & Logistics,Industrials,CYRX
2008Q3,2008,Q3,2008-11-14,2008-09-30,-1569293.0,5982.0,-1014115.0,-3.74,-128971.0,-21.5598462053,2438089.0,-2621253.0,1979464.0,3401748.0,5059342.0,421345.0,-23720978.0,22062660.0,25405102.0,-7.128568359390934,0.58189613104792,1.8709275994436627,-1.7401937165164905,-0.4578459650481825,-7.128568359390934,0.5986804783819036,3688.174523570712,-3.514745175056538,-8.416837291173344,0.0,0.3202909729556539,0.0,0.0024535609651657507,0.35967361485918414,-0.6436569788879734,-24.174230703488295,-21.559846205282515,0.8333333333333334,-1.2136456642783,-0.8171312681862043,-0.061423301343032956,-0.22883358423690378,0.8091460472818363,-1.1655115358577455,-1.2136456642783,-0.8171312681862043,-0.061423301343032956,Integrated Freight & Logistics,Industrials,CYRX
2008Q2,2008,Q2,2008-06-30,2008-06-27,-8222481.0,13424.0,6127156.0,-22.44,-104954.0,-7.8183849821,3240343.0,-1412601.0,2747645.0,2968208.0,4652944.0,195036.0,-22151685.0,30775668.0,32740492.0,-3.8555941011580965,0.9256915283565034,1.2821241454994117,-2.941044215599451,2.234839076312939,-3.8555941011580965,5.8208092731068435,2292.585518474374,-0.9357172123596272,-21.786525706834414,0.0,0.60695461350725,0.0,0.004142771305383411,0.7384081573798063,-2.5375341437619414,-42.446504083878814,-7.818384982121573,-3.155555555555555,-13.456360004644374,-0.920562349690852,0.3382521155960632,-0.058825903170807985,-3.277625146511276,6.417314452641482,-13.456360004644374,-0.920562349690852,0.3382521155960632,Integrated Freight & Logistics,Industrials,CYRX
2008Q1,2008,Q1,2008-07-14,2008-03-31,-1922207.0,35898.0,-1131032.0,-5.4,-99123.0,-2.7612401805,3460889.0,-181.0,2731080.0,1749871.0,3461070.0,121952.0,-13929204.0,44863686.0,45596283.0,-0.000508339863113343,1.5607321911158023,0.856319864635936,-16373.635359116022,-0.3719706307215776,-0.000508339863113343,10619.92817679558,1249.75447100117,-5.834918663806759,-247865.6685082873,0.0,1.1071651141432695,0.0,0.010372479440976004,1.2872045996533459,-0.5554084514123394,-91.39421978035409,-2.7612401805114493,-0.044487427466150954,-3.1264050580238956,6.241120319540901,0.9999367874596229,-0.08023016314120378,-0.5792129925163881,-0.9026592738136894,-3.1264050580238956,6.241120319540901,0.9999367874596229,Integrated Freight & Logistics,Industrials,CYRX
2007Q4,2007,Q4,2008-02-14,2007-12-31,-1217193.0,9678.0,-594448.0,-5.17,-91761.0,-9.4814011159,4159145.0,943993.0,3351947.0,1478162.0,3215152.0,151010.0,-11956921.0,52127328.263633996,51930911.263633996,2.6512114497235024,2.2676452242717646,0.6234442415448367,2.7468371057836234,-0.254052823927089,2.6512114497235024,-1.2894089257017796,5386.167417197148,-10.70646320337736,55.220036868529746,0.0,0.6717369710615191,0.0,0.0023269205569894772,1.9091276869517684,-0.29265462012024107,-78.86739863988598,-9.481401115933044,-1.8251366120218577,-2.1683321042478716,-0.3526045108671696,1.3614325445906243,-0.8256535752656082,-0.8734231571948359,0.022970822978712214,-2.1683321042478716,-0.3526045108671696,1.3614325445906243,Integrated Freight & Logistics,Industrials,CYRX
2007Q3,2007,Q3,2007-11-19,2007-09-30,-649716.0,32447.0,-608424.0,-1.83,-50262.0,-1.5490492187,596806.0,-2033976.0,386270.0,865214.0,2630782.0,139245.0,-10739728.0,40446858.0,42312056.0,-5.732788044994743,0.44644446345066074,3.3939136000643426,-0.9958367257037448,74.20788861835834,-5.732788044994743,0.3194314977167872,1246.5515455974357,-15.563283804000516,-19.88561221961321,0.0,0.5939818305863765,0.0,0.05436775099446051,0.21824658408208836,-1.088655274913456,-75.60654996121242,-1.5490492187259224,0.1681818181818182,0.05015156312748222,0.02800274919169452,0.14640436819236902,0.19921613612465347,0.12849224958015207,0.11296558722160989,0.05015156312748222,0.02800274919169452,0.14640436819236902,Integrated Freight & Logistics,Industrials,CYRX
2007Q2,2007,Q2,2007-08-14,2007-06-30,-745508.0,5541.0,-685908.0,-2.2,-62766.0,-11.3275582025,782580.0,-1891020.0,743603.0,844350.0,2673600.0,147398.0,-10110658.0,69041352.0,70528116.0,-5.587493130204055,0.8806809972167939,2.639107822842393,-1.0921687766390624,-3.9438374082237866,-5.587493130204055,0.3942359150088312,12460.088792636709,-23.15245175102078,-36.510112003045975,0.0,0.46341877094668854,0.0,0.007080426282297017,0.6879670752649968,-0.952628485266682,-218.49704572714356,-11.327558202490525,0.10931174089068826,-0.4189185510026594,-0.9645038150464625,0.04100077419367089,-0.34612992472172777,-0.11364760116457459,-0.6237775647171621,-0.4189185510026594,-0.9645038150464625,0.04100077419367089,Integrated Freight & Logistics,Industrials,CYRX
2007Q1,2007,Q1,2007-07-09,2007-03-31,-669429.0,12497.0,-422415.0,-2.47,-46627.0,-3.7310554533,483687.0,-2287832.0,435892.0,914288.0,2771519.0,146008.0,-9365150.0,30848172.0,32528496.0,-8.454726199011079,0.47675568311079225,4.020608368635088,-0.8500257011878495,1.5118516352495066,-8.454726199011079,0.2926040898107903,2468.4461870849004,-11.52033001259282,-13.483582710618613,0.0,0.40493671579639473,0.0,0.02583695654421144,0.30030362424093937,-1.3840128016671938,-80.52187531812594,-3.731055453308794,-0.4702380952380954,-0.8909326025104313,3.4008192866768603,-0.051353159594259325,-1.7251315020455873,-0.6763048769494275,-0.22314688534273827,-0.8909326025104313,3.4008192866768603,-0.051353159594259325,Integrated Freight & Logistics,Industrials,CYRX
