Quarters,Year,Quarter,FillingDate,Date,NetIncome,Revenue,OperatingIncome,EPSDiluted,GrossProfit,GrossProfitRatio,TotalAssets,CommonStockEquity,CurrentAssets,CurrentLiability,TotalLiability,Inventory,RetainedEarnings,MarketCap,EnterpriseValue,bookValuePerShare,currentRatio,debtToAssets,debtToEquity,roic,shareholdersEquityPerShare,roe,priceToSalesRatio,peRatio,pbRatio,payoutRatio,inventoryTurnover,dividendYield,assetTurnover,quickRatio,returnOnAssets,priceToFreeCashFlowsRatio,grossProfitMargin,epsdilutedGrowth,fiveYNetIncomeGrowthPerShare,fiveYRevenueGrowthPerShare,fiveYShareholdersEquityGrowthPerShare,grossProfitGrowth,netIncomeGrowth,operatingIncomeGrowth,threeYNetIncomeGrowthPerShare,threeYRevenueGrowthPerShare,threeYShareholdersEquityGrowthPerShare,Industry,Sector,Symbol
2023Q4,2023,Q4,2023-05-30,2023-04-01,57746000.0,491532000.0,68771000.0,1.0,141151000.0,0.2871654338,1562724000.0,1233001000.0,1043466000.0,248917000.0,329723000.0,202238000.0,725672000.0,4301219354.110001,3566196354.1100006,21.565667219776902,4.192023847306532,0.007954059706000547,0.010081094824740613,0.04170630182032956,21.565667219776902,0.0468337008648006,8.7506395394603,18.62128699005126,3.488415138438655,0.0,1.7325181222124428,0.0,0.3145353882067467,3.273175395814669,0.03695214254084534,112.85142871674452,0.28716543378661,-0.3055555555555555,1.3249427384061587,0.24426930330464314,4.780080990927226,-0.18920207480082027,-0.302694021470059,-0.3275479373026039,8.181818296114102,0.5566443112646102,1.479190040205193,Residential Construction,Consumer Cyclical,SKY
2023Q3,2023,Q3,2023-02-07,2022-12-31,82813000.0,582322000.0,102269000.0,1.44,174089000.0,0.298956591,1511687000.0,1173442000.0,1005206000.0,260283000.0,338245000.0,220941000.0,670533000.0,2941860445.14,2241842445.14,20.54618108070165,3.861973313662437,0.008222601636449873,0.010592768965146979,0.0663250722600108,20.54618108070165,0.07057272536691205,5.051947968890064,8.88103451493123,2.5070352391852344,0.0,1.8477014225517219,0.0,0.3852133411215417,2.9197565726536117,0.0547818430667195,40.346990223276734,0.2989565910269576,-0.42629482071713143,3.1050282577336326,0.4811336637235387,4.744061926248583,-0.3648843877915843,-0.42527690642089777,-0.4622826527017577,3.810439027006314,0.6838872928798421,1.4750599446764108,Residential Construction,Consumer Cyclical,SKY
2023Q2,2023,Q2,2022-11-02,2022-10-01,144092000.0,806825000.0,190191000.0,2.51,274106000.0,0.3397341431,1507618000.0,1085743000.0,1026337000.0,362571000.0,421875000.0,240451000.0,587720000.0,3011263720.0,2385176720.0,19.062837980195237,2.8307200520725595,0.03377314412536863,0.0468959965664066,0.1254656855606803,19.062837980195237,0.13271280588500226,3.732238986149413,5.224550495516753,2.773459022991629,0.0,2.215499207738791,0.0,0.5351654066215712,2.095219970709185,0.09557593501802181,14.008093000753608,0.33973414309174854,0.23039215686274497,12.210244657990557,1.033258265067807,4.930189249806681,0.19522096496391741,0.22996816074980153,0.2109988347882562,7.052426357265181,1.2572385563917428,1.391843056668682,Residential Construction,Consumer Cyclical,SKY
2023Q1,2023,Q1,2022-08-03,2022-07-02,117151000.0,725881000.0,157053000.0,2.04,229335000.0,0.3159402161,1373332000.0,943578000.0,907426000.0,370235000.0,429754000.0,292158000.0,444702000.0,2845500000.0,2432011000.0,16.580179230363733,2.4509460207705915,0.03661823943518392,0.05329607091305647,0.11746703856349754,16.580179230363733,0.12415613759540811,3.9200640325342584,6.0722913163353285,3.0156489447613235,0.0,1.6995803640495897,0.0,0.5285546393734363,1.5999324753197293,0.08530420903321265,74.90720509648037,0.31594021609602674,0.3509933774834437,115.53927195878893,0.8785169921272811,1.0732158491118176,0.20053709685018348,0.34969699762667344,0.3539285160088967,5.676368020165488,0.9332913340012252,1.162565351569628,Residential Construction,Consumer Cyclical,SKY
2022Q4,2022,Q4,2022-05-24,2022-04-02,86798000.0,638117000.0,115998000.0,1.51,191027000.0,0.2993604621,1234619000.0,825113000.0,782260000.0,350112000.0,409506000.0,241334000.0,327902000.0,3150256826.07,2762733826.07,14.54437762369978,2.234313591079426,0.038789294511100185,0.05804053505398654,0.09986455787817074,14.54437762369978,0.10519528840292178,4.936801285767344,9.073529419082238,3.817970176291005,0.0,1.8525777553100682,0.0,0.5168533774387079,1.502230714742711,0.07030347013937094,61.917858918786116,0.29936046210961315,0.27966101694915263,1.4922399858004007,0.6279653112675666,2.8982183936567343,0.21488307608163368,0.2835763508917216,0.2689303607762487,8.398714636954452,0.9309408322387953,0.9859014343468399,Residential Construction,Consumer Cyclical,SKY
2022Q3,2022,Q3,2022-02-03,2022-01-01,67622000.0,534690000.0,91414000.0,1.18,157239000.0,0.2940750715,1068151000.0,733378000.0,634709000.0,283609000.0,334773000.0,185052000.0,241135000.0,4488055085.8,4152667085.8,12.905856397187094,2.23797199665737,0.04376253919155625,0.06373929951539316,0.08717230636252023,12.905856397187094,0.09220620198587905,8.393751680038902,16.59243695025288,6.119702371491918,0.0,2.0397023539329484,0.0,0.5005752931935653,1.5102376863921807,0.06330752861720862,66.15647237323114,0.2940750715367783,0.3258426966292134,2.3689542424989076,0.36685543642952523,2.60806896744154,0.21582500173977592,0.3331624706740532,0.34458058158177296,5.367003719108342,0.4922793831300659,0.8214794226131976,Residential Construction,Consumer Cyclical,SKY
2022Q2,2022,Q2,2021-11-03,2021-10-02,50723000.0,524225000.0,67987000.0,0.89,129327000.0,0.246701321,1010330000.0,662978000.0,583435000.0,289281000.0,347352000.0,179976000.0,173513000.0,3454494480.0,3187506480.0,11.670504154344458,2.016845212786184,0.042827590985123676,0.06526611742772762,0.07273617554696638,11.670504154344458,0.07650781775564197,6.589717163431732,17.02627249965499,5.21057181384601,0.0,2.1941703338222873,0.0,0.5188651232765532,1.324469979016942,0.050204388665089625,67.6052777016713,0.2467013209976632,0.18666666666666668,3.662361084186062,0.3245272870718555,2.6305348840408547,0.15957141576257508,0.1823267522901564,0.18223868398629733,1.627192890259021,0.4047020534692338,0.6338506510763009,Residential Construction,Consumer Cyclical,SKY
2022Q1,2022,Q1,2021-08-04,2021-07-03,42901000.0,510197000.0,57507000.0,0.75,111530000.0,0.2186018342,986397000.0,612583000.0,562374000.0,288443000.0,373814000.0,191596000.0,124467000.0,3093312300.0,2873682300.0,10.802789828236872,1.949688499980932,0.06904724973818858,0.11118166844329666,0.06368457740437136,10.802789828236872,0.07003295879905254,6.062976262110518,18.025875270972705,5.049621520675565,0.0,2.0807689095805757,0.0,0.517232919402634,1.2074586660102689,0.04349263024928097,136.36538088520544,0.2186018341934586,0.27118644067796616,0.6575474804541291,0.26968422596315417,2.5830999379206165,0.12525853806184734,0.2660390721832025,0.23286525887018972,43.0954741613941,0.32509547712168235,0.35080054174018005,Residential Construction,Consumer Cyclical,SKY
2021Q4,2021,Q4,2021-05-26,2021-04-03,33886000.0,447649000.0,46645000.0,0.59,99115000.0,0.2214123119,917902000.0,568611000.0,499767000.0,263642000.0,349291000.0,166113000.0,82898000.0,2688856260.0,2491338260.0,10.027882122639014,1.8956274038279182,0.07088229462404483,0.11442444834869533,0.055561148387382575,10.027882122639014,0.059594344815700015,6.006617372092867,19.83751593578469,4.728815059856387,0.0,2.098174134474725,0.0,0.48768713871415464,1.214002321329682,0.036916795039121826,58.074649244060474,0.22141231187827964,0.5526315789473684,2.980509445477097,0.28283765102421987,2.6677885840075795,0.3807394405438538,0.5688689291170888,0.6963051858316969,1.1922647770856531,0.14260126770310647,1.687696617295959,Residential Construction,Consumer Cyclical,SKY
2021Q3,2021,Q3,2021-02-02,2020-12-26,21599000.0,377581000.0,27498000.0,0.38,71784000.0,0.1901154984,825865000.0,532195000.0,455025000.0,207651000.0,293670000.0,131123000.0,50720000.0,1794618300.0,1592483300.0,9.385824133187542,2.1912969357238827,0.07861454353919829,0.12199475756066855,0.036999461418080234,9.385824133187542,0.04058474807166546,4.752935926331039,20.77200680587064,3.372106652636721,0.0,2.3321385264217565,0.0,0.4571945778063001,1.485112038949969,0.026153184842559015,46.86788801546055,0.19011549839637057,0.22580645161290325,0.8736246420323889,-0.04782144528985636,2.2437701994507893,0.14318474989250393,0.23345325795214436,0.2837535014005602,0.07840878519138172,-0.03267296278698062,1.623979358409634,Residential Construction,Consumer Cyclical,SKY
2021Q2,2021,Q2,2020-10-28,2020-09-26,17511000.0,322366000.0,21420000.0,0.31,62793000.0,0.1947879119,829471000.0,507444000.0,457316000.0,195065000.0,322027000.0,128016000.0,29121000.0,1508129480.0,1347771480.0,8.956896247396477,2.3444287801502064,0.1252943140869301,0.2048068358281899,0.026495985927460042,8.956896247396477,0.03450824130347388,4.678314338360745,21.531172976985896,2.972011650546661,0.0,2.0276606049243844,0.0,0.3886404708543156,1.5949145156742623,0.02111104547356086,49.61605079615739,0.19478791187656266,0.4761904761904762,4.109858786123923,-0.02041605966494013,2.3346422598424157,0.16276873507027387,0.4711417289758884,0.6232191573204001,0.6139528485546681,-0.18328349321248857,1.7863684249495146,Residential Construction,Consumer Cyclical,SKY
2021Q1,2021,Q1,2020-07-30,2020-06-27,11903000.0,273285000.0,13196000.0,0.21,54003000.0,0.1976068939,790322000.0,489297000.0,411835000.0,177611000.0,301025000.0,115815000.0,11610000.0,1282711080.0,1152920080.0,8.65522182126937,2.318747149669784,0.13502850736788297,0.21810066278763204,0.01600302743004082,8.65522182126937,0.024326738156988496,4.693675393819639,26.94091993615055,2.6215388199805028,0.0,1.8933816863100634,0.0,0.3457894377228522,1.576022881465675,0.015060949840697842,41.519747523791025,0.19760689390197048,0.9090909090909091,1.0356454876456134,-0.182246634230844,2.107349427818238,-0.09970992264603894,0.9844948316105369,0.02948977999687939,-0.5386934097539248,-0.3178053932094618,1.8707884966360595,Residential Construction,Consumer Cyclical,SKY
2020Q4,2020,Q4,2020-05-21,2020-03-28,5998000.0,301145000.0,12818000.0,0.11,59984000.0,0.1991864384,781700000.0,474315000.0,398813000.0,186647000.0,307385000.0,126386000.0,-48000.0,840810549.66,742599549.66,8.698674514678187,2.1367233333511924,0.14231034923883842,0.2345361205106311,0.010557846775584237,8.698674514678187,0.012645604714166746,2.792045525112487,35.045454720740246,1.7726838697068403,0.0,1.9081306473818302,0.0,0.38524369962901367,1.3672226180972638,0.007673020340283996,2172.6370792248063,0.19918643842667152,-0.6333333333333334,2.7750708372755324,-0.028378393249571022,2.0692414569525797,-0.12941757013686303,-0.6479427129189411,-0.4583333333333333,1.035389802752215,-0.20067205186147832,1.3314392592706736,Residential Construction,Consumer Cyclical,SKY
2020Q3,2020,Q3,2020-01-29,2019-12-28,17037000.0,342239000.0,23664000.0,0.3,68901000.0,0.2013242208,724478000.0,469197000.0,334835000.0,178303000.0,255281000.0,107938000.0,-6046000.0,1777020240.0,1677438240.0,8.301286247589392,1.8778988575626883,0.0989747100671104,0.15282493281073833,0.03194010037959334,8.301286247589392,0.03631097385533156,5.192337051008214,26.07589716499384,3.787364880849622,0.0,2.5323611703014692,0.0,0.4723939167234892,1.1975121001890041,0.023516242039095737,97.54200461082446,0.2013242207930715,-0.03225806451612906,1.7344233788224745,0.023005768199830995,1.621683041677343,-0.06959692120721085,-0.03989856297548605,-0.0775347912524851,4.714176382767405,-0.20889316648738815,1.748505303715554,Residential Construction,Consumer Cyclical,SKY
2020Q2,2020,Q2,2019-10-31,2019-09-28,17745000.0,354458000.0,25653000.0,0.31,74055000.0,0.2089246117,731550000.0,450150000.0,340067000.0,200600000.0,281400000.0,113063000.0,-23083000.0,1648115580.0,1568217580.0,7.969936792903808,1.6952492522432703,0.10230469550953455,0.1662579140286571,0.0343115137642341,7.969936792903808,0.039420193268910365,4.6496780436610265,23.21943617920541,3.6612586471176276,0.0,2.480059789674783,0.0,0.4845301073064042,1.0515104685942174,0.02425671519376666,80.41549548670407,0.20892461166061987,0.0,1.6860086495550561,-0.08302498831478243,1.228216308850314,-0.026040639179325312,0.02100115074798619,0.0548108552631579,2.5434559680646247,-0.13918925810660457,1.581352643732952,Residential Construction,Consumer Cyclical,SKY
2020Q1,2020,Q1,2019-08-01,2019-06-29,17380000.0,371888000.0,24320000.0,0.31,76035000.0,0.2044567182,722491000.0,432168000.0,328607000.0,204476000.0,290323000.0,113190000.0,-40828000.0,1543355840.0,1481706840.0,7.666903207493613,1.6070688002503961,0.1134934552817959,0.18973639880787102,0.0342373182724665,7.666903207493613,0.04021584198737528,4.15005550058082,22.200170310701957,3.5711941652320394,0.0,2.6137733015284037,0.0,0.5147302872976964,0.9846583462117804,0.02405566297711667,69.35183966927293,0.20445671815170158,0.19230769230769226,1.8848428127959593,-0.04054955453378357,0.904130450719553,0.14401998104208358,0.8980015288850061,1.8962724782660474,1.048423739184267,-0.022766585694053876,1.559776212090142,Residential Construction,Consumer Cyclical,SKY
2019Q4,2019,Q4,2019-05-23,2019-03-30,9157000.0,327675000.0,8397000.0,0.26,66463000.0,0.2028320745,699954000.0,411972000.0,318290000.0,206303000.0,287982000.0,122638000.0,-58208000.0,1068769000.0,1029786000.0,7.323816465485058,1.5428277824365133,0.12522394328770176,0.2127596050217005,0.012448329500768745,7.323816465485058,0.022227238744380685,3.2616739147020675,29.179016053292564,2.5942758245706017,0.0,2.1299434106883672,0.0,0.4681379062052649,0.8932637916074899,0.013082288264657392,120.83312605992086,0.20283207446402685,0.368421052631579,1.455787671003448,0.28266090391041504,1.6070475108430282,0.026677582797825013,-0.12898316370208313,-0.471487915407855,1.5394927527635596,-0.05342903975364045,1.678752112854272,Residential Construction,Consumer Cyclical,SKY
2019Q3,2019,Q3,2019-02-06,2018-12-29,10513000.0,354671000.0,15888000.0,0.19,64736000.0,0.1825240857,678264000.0,398545000.0,298724000.0,196529000.0,279719000.0,111351000.0,-67365000.0,790860940.0,760163940.0,7.085370406585006,1.5199995929353938,0.1449111260512131,0.24661706959063595,0.022487660116771606,7.085370406585006,0.0263784516177596,2.2298438270960976,18.8067378483782,1.9843704976853305,0.0,2.60379341002775,0.0,0.5229099583642948,0.8928148008690829,0.015499864359600391,39.62824773262514,0.1825240857019604,1.1338028169014085,1.841380224174896,0.14367711587456702,0.4136111631763474,0.09722033898305085,1.136488153197014,1.2300308387264909,-0.0806959332579096,-0.0983925020157948,1.4487261907756999,Residential Construction,Consumer Cyclical,SKY
2019Q2,2019,Q2,2018-11-08,2018-09-29,-77025000.0,355436000.0,-69069000.0,-1.42,59000000.0,0.1659933153,665412000.0,386469000.0,282923000.0,195650000.0,278943000.0,113147000.0,-77878000.0,1545779850.0,1532129850.0,7.142944275020793,1.4460669562995145,0.13408685145443724,0.2308671588148079,-0.15706909279827078,7.142944275020793,-0.19930447202751062,4.348968168671716,-5.0171368062317425,3.9997512090232337,0.0,2.619919220129566,0.0,0.5341592877796012,0.807758752875032,-0.11575535157165787,69.9796210783648,0.16599331525225358,-77.88888888888889,-7.8227097278023745,0.12514232806502834,0.3538622219484681,0.06961566352429296,-89.2989449003517,-19.876468980595792,-13.323679821875796,0.13095940300393902,1.6593100088780595,Residential Construction,Consumer Cyclical,SKY
2019Q1,2019,Q1,2018-08-09,2018-06-30,-853000.0,322261000.0,3659000.0,-0.018,55160000.0,0.171165608,649358000.0,379569000.0,263532000.0,186605000.0,269789000.0,114105000.0,-853000.0,1663068480.0,1671008480.0,7.997324175129577,1.4122451166903351,0.13679819144447286,0.2340312301584165,-0.0025757168883239036,7.997324175129577,-0.0022472857372440847,5.16062595225609,-487.41749120750296,4.381465504295662,-76.5263774912075,2.3408351956531264,0.03925093932391768,0.4962763221520332,0.7336191420379947,-0.0013136051299899286,740.7877416481069,0.17116560800096817,0.9940397350993379,-1.2834769252679548,0.1667654304705405,0.4700115769777445,5.771421556592193,0.9672954528026991,1.9675587996755879,0.996957395709911,0.14858360045836974,1.8711546870581874,Residential Construction,Consumer Cyclical,SKY
2018Q4,2018,Q4,2018-04-12,2018-03-04,-26082000.0,57978000.0,1233000.0,-3.02,8146000.0,0.1405015696,58438000.0,31308000.0,43101000.0,19529000.0,27130000.0,13046000.0,91349000.0,185278667.51999998,260288667.51999998,3.7310320138468147,2.207025449331763,1.5246928368527328,2.8459179762361058,-0.21928116816616608,3.7310320138468147,-0.8330778075891146,3.1956719362516814,-1.775924656084656,5.91793367573783,0.0,3.8197148551280087,0.0,0.9921284095964954,1.4560397357775616,-0.44631917587870906,41.01808003542173,0.14050156956086793,-9.62857142857143,-3.8842696629213482,0.567566106094198,-0.3135113800815682,-0.026878509138693107,-9.799595141700404,-0.4493077266636891,-7.702702702702703,0.5213729040384163,0.3281296398421924,Residential Construction,Consumer Cyclical,SKY
2018Q3,2018,Q3,2018-01-11,2017-12-03,2964000.0,57765000.0,2239000.0,0.35,8371000.0,0.1449147408,59037000.0,30015000.0,41384000.0,18707000.0,29022000.0,12929000.0,90131000.0,107995310.27999999,98415310.27999999,3.576942822780508,2.2122200245897257,0.045852600911292916,0.09018823921372647,0.08601593302132775,3.576942822780508,0.09875062468765618,1.8695630620618018,9.108916184210525,3.598044653673163,0.0,3.820403743522314,0.0,0.9784541897454139,1.4480675682899449,0.050205803140403474,1894.6545663157892,0.14491474075997576,0.8421052631578946,1.066163668020894,0.3807486375370495,-0.41113574385434853,0.05614433509967197,0.8444306160547604,0.2765108323831243,1.8606271777003487,0.1630458855980832,0.12965750846819726,Residential Construction,Consumer Cyclical,SKY
2018Q2,2018,Q2,2017-10-06,2017-09-03,1607000.0,58462000.0,1754000.0,0.19,7926000.0,0.1355752455,57143000.0,26974000.0,39123000.0,18250000.0,30169000.0,11399000.0,87167000.0,91632384.48,83309384.48,3.214541252762999,2.1437260273972605,0.07545981135047163,0.1598576406910358,0.05397019472397916,3.214541252762999,0.05957588789204419,1.567383676234135,14.255193602986932,3.39706326388374,0.0,4.433371348363892,0.0,1.0230824422938942,1.4354520547945206,0.028122429693925765,109.47716186379928,0.13557524545858848,-0.5777777777777778,1.4637806637806636,0.171113782051282,-0.48812054045847886,0.14075993091537134,-0.5804177545691906,1.0324449594438008,1.4181628935727295,0.017987427954517705,-0.10128606650229899,Residential Construction,Consumer Cyclical,SKY
2018Q1,2018,Q1,2017-08-11,2017-05-31,3830000.0,59462000.0,863000.0,0.45,6948000.0,0.1168477347,55644000.0,25299000.0,37302000.0,18385000.0,30345000.0,12233000.0,85560000.0,44137943.44,37065943.44,3.0149284182416816,2.02893663312483,0.07749263173028538,0.17044151942764535,0.04846883235541685,3.0149284182416816,0.15138938297956442,0.7422882419023914,2.8810668041775456,1.7446517032293765,0.0,4.29281451810676,0.0,1.0686147652936524,1.3127549632852868,0.06883042196822658,11.326133805491404,0.11684773468769971,2.5,12.264705882352942,0.17837537900556863,-0.5495513140089737,1.158434296365331,2.5126382306477093,1.3653683319221,2.30984952120383,0.03051940174347062,-0.25122088377186486,Residential Construction,Consumer Cyclical,SKY
2017Q4,2017,Q4,2017-04-14,2017-02-28,-2532000.0,51640000.0,-2362000.0,-0.3,3219000.0,0.0623353989,54364000.0,22942000.0,35174000.0,19689000.0,31422000.0,13619000.0,83257000.0,101114490.2,100194490.2,2.7340403878137733,1.7864797602722333,0.07931719520270768,0.18795222735594108,-0.08967664948211995,2.7340403878137733,-0.11036526893906373,1.9580652633617353,-9.983658195102686,4.407396486792782,0.0,3.555400543358543,0.0,0.949893311750423,1.0203159124384173,-0.046574939298064895,-27.687428860898137,0.06233539891556933,-2.6945812807881775,0.6570964247020585,0.4030702350224153,-0.6035871030168988,-0.38451242829827914,-2.7180616740088106,-3.6404715127701377,0.5022606644387655,0.33188899205612277,-0.36880622884969877,Residential Construction,Consumer Cyclical,SKY
2017Q3,2017,Q3,2017-01-12,2016-11-30,-681000.0,64226000.0,-509000.0,-0.0812,5230000.0,0.0814311961,57727000.0,25344000.0,38419000.0,20625000.0,32383000.0,11956000.0,85704000.0,107407923.2,102817923.2,3.020291151109418,1.862739393939394,0.074696415888579,0.1701388888888889,-0.019644245613001068,3.020291151109418,-0.026870265151515152,1.6723433375891383,-39.430221439060205,4.23800202020202,0.0,4.934426229508197,0.0,1.1125816342439414,1.1987878787878787,-0.01179690612711556,228.04229978768578,0.08143119608881139,-1.9022222222222223,0.9867900372439479,0.417917696926881,-0.6116516755795958,-0.20516717325227962,-1.9153225806451613,-1.6132530120481927,0.634656652360515,0.3882800510126883,-0.3974179129318338,Residential Construction,Consumer Cyclical,SKY
2017Q2,2017,Q2,2016-10-13,2016-08-31,744000.0,61176000.0,830000.0,0.09,6580000.0,0.1075585197,56559000.0,25908000.0,37103000.0,18880000.0,30651000.0,11816000.0,86299000.0,100694928.0,96556928.0,3.0875040697183875,1.9652012711864406,0.07623897169327605,0.16643507796819515,0.024290507603737466,3.0875040697183875,0.02871699861046781,1.6459874460572774,33.835661290322584,3.886634553033812,0.0,4.6205145565335135,0.0,1.0816315705723227,1.2332627118644068,0.01315440513446136,126.34244416562107,0.10755851968092062,1.0141287284144427,1.1088037437847325,0.21660965714740277,-0.6268955486110112,-0.007990351273933364,1.0139247613700169,-0.9852769006989037,1.549483013293944,0.248642690941748,-0.4147994217564148,Residential Construction,Consumer Cyclical,SKY
2017Q1,2017,Q1,2016-08-05,2016-05-31,-53430000.0,56651000.0,56374000.0,-6.37,6633000.0,0.1170853118,54978000.0,25133000.0,35818000.0,18031000.0,29845000.0,11381000.0,85555000.0,86597638.08,83250638.08,2.9951458925518075,1.986467749986135,0.0784313725490196,0.1715672621652807,-66.68483901327093,2.9951458925518075,-2.125890263796602,1.528616230604932,-0.40519201796743404,3.4455750638602636,0.0,4.394868640716984,0.0,1.0304303539597657,1.2651544562142976,-0.9718432827676525,61.547717185501064,0.1170853118215036,-101.74193548387096,-12.17957572767637,0.17770201442737465,-0.6737626397019691,0.379002079002079,-101.75,130.2981651376147,-101.43233082706767,0.16012041284403675,-0.44945346213664544,Residential Construction,Consumer Cyclical,SKY
2016Q4,2016,Q4,2016-04-14,2016-02-29,-520000.0,47697000.0,-436000.0,-0.062,4810000.0,0.1008449169,50522000.0,23782000.0,32094000.0,14956000.0,26740000.0,10923000.0,84229000.0,33816713.32,31868713.32,2.8341447346781954,2.1458946242310777,0.08534895689006769,0.18131359851988899,-0.01570048744085656,2.8341447346781954,-0.021865276259355814,0.7089903624965931,-16.25803525,1.42194572870238,0.0,3.9263022979035065,0.0,0.9440837654883021,1.270259427654453,-0.010292545821622263,-65.032141,0.10084491687108203,-1.31,0.9404148046293113,0.5010385196374624,-0.7121276312444772,-0.33444029334440295,-1.3048065650644782,-1.2386425834701698,0.9026217228464419,0.28959606337533134,-0.4785335262904004,Residential Construction,Consumer Cyclical,SKY
2016Q3,2016,Q3,2016-01-14,2015-11-30,1706000.0,58684000.0,1827000.0,0.2,7227000.0,0.1231511144,52649000.0,24280000.0,34034000.0,16557000.0,28369000.0,10759000.0,84749000.0,31047602.8,28555602.8,2.893492311747817,2.0555656217913874,0.0819008908051435,0.17759472817133443,0.062363662236416324,2.893492311747817,0.07026359143327841,0.5290641878535888,4.549765943728019,1.2787315815485998,0.0,4.782693558880937,0.0,1.114627058443655,1.2751706226973485,0.03240327451613516,208.37317315436243,0.12315111444345989,3.0120724346076457,1.0331513184741843,0.6024685289861009,-0.7385452000215367,0.556536721947017,3.0455635491606716,3.238970588235294,1.038082057234698,0.402715364757625,-0.5236507033411155,Residential Construction,Consumer Cyclical,SKY
2016Q2,2016,Q2,2015-10-15,2015-08-31,-834000.0,48742000.0,-816000.0,-0.0994,4643000.0,0.0952566575,50616000.0,22539000.0,31926000.0,16205000.0,28077000.0,10498000.0,83043000.0,27775017.64,25415017.64,2.686014135687152,1.9701326751002777,0.08519045361150625,0.1913128355295266,-0.028318660665967728,2.686014135687152,-0.03700252894982031,0.5698374633786057,-8.325844616306954,1.2323092257864148,0.0,4.200704896170699,0.0,0.9629761340287656,1.1561863622338784,-0.016477003319108584,16.483689994065283,0.09525665750276968,0.9831810490693739,0.862080370431619,0.06360878957819632,-0.7793150041123252,-0.16447723591866115,0.9831739498850018,-1.0165453476347859,0.7593073593073593,-0.02359775641025636,-0.572282526187946,Residential Construction,Consumer Cyclical,SKY
2016Q1,2016,Q1,2015-08-26,2015-05-31,-49566000.0,49605000.0,49319000.0,-5.91,5557000.0,0.1120249975,50439000.0,23373000.0,31581000.0,15117000.0,27066000.0,9008000.0,83877000.0,27019805.680000003,26336805.680000003,2.7854034515025425,2.089104981147053,0.08548940304129742,0.18448637316561844,592.6077659382337,2.7854034515025425,-2.120652034398665,0.5446992375768572,-0.1362819557761369,1.1560264270739742,0.0,4.889875666074601,0.0,0.9834651757568548,1.3398161010782563,-0.9826919645512401,70.36407729166667,0.11202499748009273,-15.416666666666666,-1.8192935555429157,0.21894581643936611,-0.7869506959446526,1.3768177929854577,-15.538538538538539,18.48280751506558,-144.78235294117647,-0.016963595648124278,-0.5838437433231252,Residential Construction,Consumer Cyclical,SKY
2015Q4,2015,Q4,2015-04-03,2015-02-28,-2997000.0,38109000.0,-2821000.0,-0.36,2338000.0,0.0613503372,50866000.0,23573000.0,30711000.0,13788000.0,27293000.0,9307000.0,84077000.0,30292390.84,31693390.84,2.809237819803595,2.2273716275021758,0.12452325718554634,0.2686972383659271,-0.09711241916240587,2.809237819803595,-0.1271369787468714,0.7948881062216274,-2.526892796129463,1.285046062868536,0.0,3.8434511657891908,0.0,0.7492037903511186,1.3070786190890629,-0.05891951401722172,-20.565099008825527,0.061350337190689865,0.1219512195121951,0.18934271030565328,0.4994688176273853,-0.8169783926893842,-0.5467235362543622,0.1297909407665505,-19.80666666666667,0.5941224268689058,0.03542996875424525,-0.5926841068528181,Residential Construction,Consumer Cyclical,SKY
2015Q3,2015,Q3,2015-01-14,2014-11-30,-3444000.0,49667000.0,150000.0,-0.41,5158000.0,0.103851652,55068000.0,26570000.0,33103000.0,14915000.0,28498000.0,9155000.0,87074000.0,31131515.24,32641515.24,3.1663958287948724,2.219443513241703,0.11502142805258952,0.2383891607075649,-0.19382986195531784,3.1663958287948724,-0.12961987203613098,0.6268048249340609,-2.2598370528455285,1.171679158449379,0.0,4.8617149098853085,0.0,0.9019212609864168,1.2380154207173986,-0.0625408585748529,-46.189191750741834,0.10385165200233555,0.10869565217391314,0.09558823529411765,0.45030076505285294,-0.8017252958822739,1.1096114519427402,0.10382513661202186,1.0405076964623279,0.9331936685288641,0.09649858707170622,-0.5928655705551554,Residential Construction,Consumer Cyclical,SKY
2015Q2,2015,Q2,2014-10-15,2014-08-31,-3843000.0,57429000.0,-3703000.0,-0.46,2445000.0,0.0425743091,60462000.0,30014000.0,36754000.0,16793000.0,30448000.0,12952000.0,90518000.0,29285441.560000002,32624441.560000002,3.576823650939003,2.1886500327517417,0.10476001455459627,0.2110348504031452,-0.1037664052685512,3.576823650939003,-0.12804024788432064,0.5099416942659633,-1.905115896435077,0.9757260465116279,0.0,4.2452130945027795,0.0,0.9498362607919023,1.2038944798427917,-0.06356058350699613,-9.617550594417079,0.04257430914694667,-0.31428571428571445,0.01638085487586395,0.6008529854490716,-0.7845740863024318,-0.15192507804370448,-0.3142954856361149,-0.3426395939086294,0.43799356536999123,0.14209291225837242,-0.5677645127377986,Residential Construction,Consumer Cyclical,SKY
2015Q1,2015,Q1,2014-08-22,2014-05-31,-2924000.0,57701000.0,-2758000.0,-0.35,2883000.0,0.049964472,65754000.0,33787000.0,41670000.0,18247000.0,31967000.0,11330000.0,94291000.0,40361883.63999999,40664883.63999999,4.026459008938365,2.283663067901573,0.09632874045685434,0.187468552993755,-0.07851631626828842,4.026459008938365,-0.08654216118625507,0.6995005916708548,-3.4509134439124485,1.1945980300115429,0.0,4.838305383936452,0.0,0.8775283632934878,1.485723680605031,-0.04446877756486298,-4.708023287064037,0.04996447201954905,0.42622950819672134,-0.2363636363636364,0.7763445494566389,-0.7665708640201186,20.746575342465754,0.4252014940043248,0.5192609377723549,0.27873704982733105,0.19953017483317054,-0.56142992510287,Residential Construction,Consumer Cyclical,SKY
2014Q4,2014,Q4,2014-04-04,2014-02-28,-5087000.0,38772000.0,-5737000.0,-0.61,-146000.0,-0.003765604,61730000.0,36347000.0,36733000.0,17725000.0,25383000.0,11234000.0,96851000.0,48165740.56,42890740.56,4.331538923191841,2.0723836389280677,0.0,0.0,-0.14056908495370526,4.331538923191841,-0.13995653011252648,1.2422815578252349,-2.367099496756438,1.3251641279885549,0.0,3.464304789033292,0.0,0.6280900696581889,1.2704654442877292,-0.0824072574113073,-6.147509962986599,-0.003765604044155576,-1.7727272727272727,-0.05430051813471502,0.5899286475846798,-0.7554333929941192,-1.0453275380316671,-1.729077253218884,-1.3904166666666666,0.4170963675948206,0.22016616314199408,-0.5600329246002446,Residential Construction,Consumer Cyclical,SKY
2014Q3,2014,Q3,2014-01-10,2013-11-30,-1864000.0,46263000.0,-2400000.0,-0.22,3221000.0,0.0696236733,65982000.0,42059000.0,40595000.0,16182000.0,23923000.0,9965000.0,102563000.0,40865358.28,31226358.28,5.012248481869911,2.5086515881844025,0.0,0.0,-0.048063654947651864,5.012248481869911,-0.04431869516631399,0.8833270276462832,-5.480868868025751,0.9716198264342948,0.0,4.319317611640742,0.0,0.7011457670273711,1.6562229637869237,-0.028250128823012338,-19.349127973484848,0.06962367334587034,-0.375,0.5451439726695949,-0.020059309468333,-0.7285693081127825,-0.25594825594825593,-0.3766617429837518,-0.7094017094017094,0.9637783952896368,0.26329155402637844,-0.547095245786895,Residential Construction,Consumer Cyclical,SKY
2014Q2,2014,Q2,2013-10-11,2013-08-31,-1354000.0,48994000.0,-1404000.0,-0.16,4329000.0,0.0883577581,68401000.0,44272000.0,42684000.0,16257000.0,24129000.0,9851000.0,104776000.0,40026233.879999995,30894233.879999995,5.275975767121061,2.625576674663222,0.0,0.0,-0.03113811829201144,5.275975767121061,-0.030583664618720637,0.8169619520757643,-7.390368146233382,0.9040981631731116,0.0,4.5340574560958276,0.0,0.7162760778351194,1.7944270160546225,-0.019795032236370812,234.0715431578947,0.0883577580928277,-3.5236593059936907,0.6734201640135069,-0.2173107337412336,-0.7242667895690734,-0.17683970336565888,-3.545112781954887,-2.176470588235294,0.776087316024475,0.06910773125013639,-0.5665217561586966,Residential Construction,Consumer Cyclical,SKY
2014Q1,2014,Q1,2013-07-26,2013-05-31,532000.0,48832000.0,-442000.0,0.0634,5259000.0,0.1076957733,67927000.0,45651000.0,41637000.0,14207000.0,22276000.0,8732000.0,106155000.0,34152363.080000006,22314363.080000006,5.440313736556821,2.930738368409939,0.0,0.0,-0.11446457300436404,5.440313736556821,0.011653632998181857,0.6993848926933159,16.04904280075188,0.7481186190883004,0.0,4.990036646816308,0.0,0.7188893959692022,2.066375730273809,0.007831937226728694,-114.22195010033447,0.10769577326343381,1.0990625,1.7853403141361257,-0.31085677189912364,-0.7253546547305346,10.165605095541402,1.0996254681647941,0.9179962894248609,1.030259939707639,0.1999508539132572,-0.5838825234488227,Residential Construction,Consumer Cyclical,SKY
2013Q4,2013,Q4,2013-04-05,2013-02-28,-5340000.0,36986000.0,-5390000.0,-0.64,471000.0,0.0127345482,70388000.0,45606000.0,43541000.0,16804000.0,24782000.0,10340000.0,106110000.0,38515809.96,28857809.96,5.434951003689084,2.5911092597000716,0.0,0.0,-0.11763547568727467,5.434951003689084,-0.11708985659781608,1.0413618655707566,-1.8031746235955055,0.8445338323904749,0.0,3.531431334622824,0.0,0.5254588850372223,1.7506546060461794,-0.07586520429618684,-4.815078129766221,0.012734548207429839,0.8801498127340824,-0.16849015317286659,-0.35467774016819625,-0.7277855040976023,-0.8238593866866118,0.8807982499218715,-1.1303569701073812,-0.44441439004598327,0.455282313594334,-0.6459133999487573,Residential Construction,Consumer Cyclical,SKY
2013Q3,2013,Q3,2013-01-11,2012-11-30,-44798000.0,41836000.0,41348000.0,-5.34,2674000.0,0.0639162444,74634000.0,50971000.0,47350000.0,15673000.0,23663000.0,10711000.0,111475000.0,34404100.4,10136100.399999999,6.074307933364826,3.0211191220570406,0.0,0.0,21.06691192121465,6.074307933364826,-0.878891918934296,0.8223563533798642,-0.19199573864904682,0.6749740126738734,0.0,3.6562412473158434,0.0,0.5605488115336174,2.9775409940662287,-0.6002358174558512,-19.134649833147943,0.06391624438282818,-12.02439024390244,-22.752916224814424,-0.45806886188761364,-0.7064186893064083,-0.12585812356979406,-11.928715728715728,12.912417170844137,-10.764180672268909,0.22163172341295326,-0.6196364341895139,Residential Construction,Consumer Cyclical,SKY
2013Q2,2013,Q2,2012-10-05,2012-08-31,-3465000.0,49920000.0,-3471000.0,-0.41,3059000.0,0.0612780449,76626000.0,52696000.0,49722000.0,15881000.0,23930000.0,9750000.0,113200000.0,39690584.120000005,30678584.120000005,6.279879359961408,3.1309111516907,0.0,0.0,-0.06581139754145078,6.279879359961408,-0.06575451647183847,0.7950838165064104,-2.863678507936508,0.7531991824806438,0.0,4.8062564102564105,0.0,0.6514760003132096,2.268182104401486,-0.04521963824289406,-9.878194156296667,0.06127804487179487,-9.123456790123456,-5.887165021156558,-0.48212544349233355,-0.7023060322912312,-0.06366697275788184,-9.191176470588236,-0.44745621351125936,0.1131302789864347,0.3915370463288175,-0.6217737073296776,Residential Construction,Consumer Cyclical,SKY
2013Q1,2013,Q1,2012-07-27,2012-05-31,-340000.0,50461000.0,-2398000.0,-0.0405,3267000.0,0.0647430689,78856000.0,56164000.0,51470000.0,14681000.0,22692000.0,8359000.0,116668000.0,38096247.76,26085247.759999998,6.693167306301664,3.5058919692119064,0.0,0.0,-0.008484378906875834,6.693167306301664,-0.006053699878926002,0.754964185410515,-28.011946882352944,0.6783036778007264,-0.0029411764705882353,5.6458906567771265,2.624930429631372e-05,0.6399132596124582,2.738778012396976,-0.004311656690676676,-14.078435979305247,0.06474306890469868,0.9539772727272727,-1.1513128615932353,-0.4300510526791362,-0.6841436324269606,5.721098265895954,0.9539544962080173,0.6755074424898512,0.8562367864693446,0.5534587322599513,-0.6119716461013389,Residential Construction,Consumer Cyclical,SKY
2012Q4,2012,Q4,2012-04-06,2012-02-29,-7384000.0,36805000.0,-7390000.0,-0.88,-692000.0,-0.0188017932,82210000.0,57874000.0,54244000.0,16704000.0,24336000.0,9170000.0,118378000.0,67549514.2,63802514.2,6.896951155275666,3.2473659003831417,0.0,0.0,-0.1276393334078071,6.896951155275666,-0.12758751771088916,1.8353352587963592,-2.2870230972372703,1.1671823996958912,0.0,4.089094874591058,0.0,0.44769492762437657,2.5419061302681993,-0.08981875684223331,-8.11405575975976,-0.018801793234614863,0.8566775244299675,-2.3949425287356316,-0.44524832315924334,-0.6726324482707907,-1.5470355731225296,0.8567659838609559,-1.1652948018251768,-0.530362694300518,0.5092676125645862,-0.6105855279979545,Residential Construction,Consumer Cyclical,SKY
2012Q3,2012,Q3,2012-01-06,2011-11-30,-51552000.0,45296000.0,44708000.0,-6.14,1265000.0,0.0279274108,88648000.0,65261000.0,60132000.0,15951000.0,23387000.0,10034000.0,125765000.0,48417477.879999995,40361477.879999995,7.777273548475053,3.7697949971788605,0.0,0.0,10.320411916826783,7.777273548475053,-0.7899357962642313,1.0689128814906392,-0.23479922156269395,0.7419052401893933,-0.014664804469273743,4.388180187362966,0.015614196218020765,0.5109647143759588,2.946210268948655,-0.5815359624582619,-18.05948447594181,0.02792741080890145,-6.580246913580247,-83.48320000000001,-0.5221235203511067,-0.6383851145059317,0.21168582375478928,-6.539046504825973,7.524810274372446,-11.579795021961933,-0.040542257996187325,-0.5788335817957703,Residential Construction,Consumer Cyclical,SKY
2012Q2,2012,Q2,2011-10-07,2011-08-31,-6838000.0,50284000.0,-6852000.0,-0.81,1044000.0,0.0207620714,93068000.0,69439000.0,62559000.0,16282000.0,23629000.0,10274000.0,129943000.0,91632384.48,84215384.48,8.275173502284048,3.842218400687876,0.0,0.0,-0.09857562524647732,8.275173502284048,-0.098474920433762,1.8222970423991727,-3.3501164258555134,1.3196097939198432,-0.110412401286926,4.792680552851859,0.008239445085757743,0.5402931190097563,3.009765385087827,-0.07347315941032363,-16.663463262411348,0.02076207143425344,-0.6875000000000002,-4.606540084388185,-0.5657910643662677,-0.6171121992103928,-0.5642737896494157,-0.6867291563887519,-0.6818851251840943,-0.6493005306319344,-0.19670271738262216,-0.5675226238003002,Residential Construction,Consumer Cyclical,SKY
2012Q1,2012,Q1,2011-07-29,2011-05-31,-4054000.0,48103000.0,-4074000.0,-0.48,2396000.0,0.0498097832,99099000.0,77039000.0,68381000.0,14716000.0,22060000.0,8720000.0,137543000.0,153140203.0,143413203.0,9.180879497724057,4.6467110627888015,0.0,0.0,-0.05275218257896374,9.180879497724057,-0.05262269759472475,3.1835894434858534,-9.443771768623582,1.9878269837355105,-0.37247163295510605,5.241628440366973,0.009860245516325977,0.4854034854034854,3.8188366403914107,-0.04090858636313182,-21.361445529362534,0.04980978317360663,0.5384615384615385,-1.7867261789248983,-0.6468701135671235,-0.6104301303639876,2.3946449359720607,0.5354646499369772,0.5347721822541966,-22.225130890052355,-0.3211448087046106,-0.5365183072832064,Residential Construction,Consumer Cyclical,SKY
2011Q4,2011,Q4,2011-04-08,2011-02-28,-8727000.0,31776000.0,-8757000.0,-1.04,-1718000.0,-0.0540659617,105316000.0,82613000.0,74347000.0,15092000.0,22703000.0,8090000.0,143117000.0,168580091.96,164173091.96,9.8451433422744,4.926252319109462,0.0,0.0,-0.1058183852684513,9.8451433422744,-0.10563712732862866,5.305264726837866,-4.829268132233299,2.040600050355271,-0.17302624040334594,4.14017305315204,0.008957166783123399,0.30172053629078205,4.186721441823483,-0.08286490181928671,-14.8948658738293,-0.05406596173212488,0.8303425774877651,-4.810917030567686,-0.7295452417631988,-0.5744033053253036,-1.7576243980738362,0.8304152659295388,-1.2435950930484854,-0.9096280087527351,-0.4455804864431029,-0.5068969839498141,Residential Construction,Consumer Cyclical,SKY
2011Q3,2011,Q3,2011-01-07,2010-11-30,-51461000.0,36621000.0,35949000.0,-6.13,-623000.0,-0.0170120969,113915000.0,92865000.0,82506000.0,13439000.0,21050000.0,6922000.0,153369000.0,159265811.12,147996811.12,11.066893061386368,6.139296078577275,0.0,0.0,2.5684739880521636,11.066893061386368,-0.5541484951273353,4.349029549165779,-0.7737209300246789,1.7150251560867928,-0.029362041157381318,5.380525859578157,0.009487284115619303,0.3214765395250845,5.386561500111616,-0.45174911117938815,-37.20294583508526,-0.01701209688430136,-7.513888888888889,-12.423085460599333,-0.7316887322602152,-0.5196604804171063,-1.35661133371494,-7.510170332396229,6.909748479368733,-26.285790031813363,-0.5256224254514366,-0.46511882408506033,Residential Construction,Consumer Cyclical,SKY
2011Q2,2011,Q2,2010-10-08,2010-08-31,-6047000.0,45827000.0,-6083000.0,-0.72,1747000.0,0.0381216314,124226000.0,102132000.0,92354000.0,14471000.0,22094000.0,6833000.0,162636000.0,153643677.64,145558677.64,12.171258516615653,6.382005390090526,0.0,0.0,-0.05938341145508186,12.171258516615653,-0.05920769200642306,3.3526889746219473,-6.352062082024143,1.5043637414326556,-0.24971060029766826,6.451046392506951,0.00982793449879569,0.3689002302255566,5.600787782461475,-0.04867741052597685,-42.40786023737234,0.03812163135269601,0.6571428571428571,-3.579778156996587,-0.6127710273266525,-0.46341489043118256,-0.5944753946146704,0.6560491439622319,0.8411624931456773,-9.528913963328632,-0.5245865925265057,-0.42302868699650875,Residential Construction,Consumer Cyclical,SKY
2011Q1,2011,Q1,2010-08-06,2010-05-31,-17581000.0,40695000.0,-38297000.0,-2.1,4308000.0,0.1058606708,130713000.0,109707000.0,98331000.0,13383000.0,21006000.0,6756000.0,170211000.0,150790654.67999998,141522654.67999998,13.07398521601803,7.347455727415378,0.0,0.0,-3.9290988940428417,13.07398521601803,-0.16025413145925055,3.7053852974566897,-2.144227499573403,1.374485262380705,-0.08594505432000454,5.385879218472469,0.01002051488672534,0.3113309311239127,6.503399835612344,-0.13450077651037004,62.542785018664446,0.10586067084408404,-3.772727272727273,-6.64398073836276,-0.6594760139573415,-0.42108040505955047,6.2472594397076735,-3.7554774141195564,-5.889188703004137,-8.824210057854916,-0.5403564651667119,-0.38302730365829646,Residential Construction,Consumer Cyclical,SKY
2010Q4,2010,Q4,2010-04-02,2010-02-28,-3697000.0,25415000.0,-5559000.0,-0.44,-821000.0,-0.0323037576,151637000.0,128799000.0,107987000.0,14258000.0,22838000.0,5900000.0,189303000.0,144077659.48000002,137664659.48000002,15.349214014036535,7.573783139290223,0.0,0.0,-0.028729479513854402,15.349214014036535,-0.028703639003408412,5.669000963210703,-9.74287662158507,1.1186240536029008,-0.4084392750879091,4.446779661016949,0.010480458979204955,0.16760421269215298,5.854397531210548,-0.02438059312700726,-16.42472178294574,-0.03230375762345072,0.02222222222222224,-9.532763532763534,-0.7358629792452633,-0.31453067871569307,-1.7701688555347093,0.029149159663865547,0.09329636274669711,-0.6997701149425287,-0.6169266711884845,-0.2714411774688042,Residential Construction,Consumer Cyclical,SKY
2010Q3,2010,Q3,2010-01-08,2009-11-30,-3808000.0,34246000.0,-6131000.0,-0.45,1066000.0,0.0311277229,158148000.0,134006000.0,113424000.0,15562000.0,24142000.0,6131000.0,194510000.0,138203788.67999998,130663788.67999998,15.969741792754448,7.288523326050636,0.0,0.0,-0.028458413582470234,15.969741792754448,-0.028416638060982345,4.035618427845587,-9.073252933298319,1.0313253785651388,-0.39653361344537813,5.411841461425542,0.010925894394228846,0.21654399676252625,5.683331191363578,-0.024078711080759794,-26.88789663035019,0.03112772294574549,0.042553191489361625,-3.020159151193634,-0.7160011610067587,-0.2938132377740303,2.848375451263538,0.025339134886101868,0.12075146995554281,-7.0928,-0.6387019180047686,-0.25746518831280374,Residential Construction,Consumer Cyclical,SKY
2010Q2,2010,Q2,2009-10-09,2009-08-31,-3907000.0,35874000.0,-6973000.0,-0.47,277000.0,0.0077214696,162964000.0,139324000.0,115114000.0,15649000.0,23640000.0,6306000.0,199828000.0,197781621.08,188687621.08,16.603497645879443,7.355997188318742,0.0,0.0,-0.03198768024349285,16.603497645879443,-0.028042548304671126,5.513230224675253,-12.655593875095981,1.4195804102667164,-0.3867417455848477,5.644941325721535,0.007639739181775747,0.2201345082349476,6.068630583423861,-0.023974620161508062,-42.616164852402505,0.007721469588002453,-0.6785714285714283,-5.847394540942928,-0.6936752311909214,-0.2955571622871993,-0.8027065527065527,-0.6520084566596195,0.4154091213950369,-3.060654008438819,-0.6902233044919952,-0.23176514700368334,Residential Construction,Consumer Cyclical,SKY
2010Q1,2010,Q1,2009-07-31,2009-05-31,-2365000.0,32483000.0,-11928000.0,-0.28,1404000.0,0.0432226087,168119000.0,144742000.0,119759000.0,15385000.0,23377000.0,6502000.0,205246000.0,165894893.88,156058893.88,17.249170683154965,7.784140396490088,0.0,0.0,-0.04498997566823551,17.249170683154965,-0.01633941772256843,5.107129694917341,-17.536458126849894,1.1461420588357214,-0.6389006342494714,4.779913872654568,0.009108176657281456,0.19321433032554322,6.579720506987325,-0.014067416532337213,-56.311912382892054,0.043222608749191885,0.5172413793103448,-1.8587509077705155,-0.7226614528192342,-0.27076237883154314,1.4151389710230633,0.5098445595854922,-0.5466804979253111,-1.4589559479914613,-0.761538405068309,-0.26807043093945004,Residential Construction,Consumer Cyclical,SKY
2009Q4,2009,Q4,2009-04-03,2009-02-28,-4825000.0,24386000.0,-7712000.0,-0.58,-3382000.0,-0.1386861314,174952000.0,148618000.0,133262000.0,17422000.0,26334000.0,8254000.0,209122000.0,133924254.24000001,125608254.24000001,17.71108074082937,7.64906440133165,0.0,0.0,-0.03309664667508978,17.71108074082937,-0.03246578476362217,5.491850005740999,-6.939080530569948,0.9011307798517003,-0.31295336787564765,3.3641870608189968,0.011275030117352699,0.13938680323745942,6.008552405005166,-0.027578993095248982,-20.50593389067524,-0.1386861313868613,-0.18367346938775503,-5.720055710306408,-0.7320072531457773,-0.24651186371932668,-5.079613992762364,-0.17740361151781356,-0.05125408942202835,-3.1069868995633194,-0.7924436765369263,-0.23436590404459307,Residential Construction,Consumer Cyclical,SKY
2009Q3,2009,Q3,2009-01-09,2008-11-30,-4098000.0,47210000.0,-7336000.0,-0.49,829000.0,0.017559839,182342000.0,154953000.0,140014000.0,18475000.0,27389000.0,9800000.0,215457000.0,164048820.20000002,157484820.20000002,18.466034356765217,7.578565629228687,0.0,0.0,-0.02928059221306892,18.466034356765217,-0.026446729008150857,3.474874395255243,-10.007858723767692,1.0587005104773708,-0.36847242557345045,4.732755102040817,0.009204577016519134,0.2589090829320727,6.0492557510148846,-0.022474251680907307,-99.54418701456312,0.01755983901715738,0.0,-2.981624758220503,-0.5879842559541991,-0.22317252304869434,-0.6236949614162506,0.011577424023154847,-0.06923189039498616,-1.9096559378468367,-0.6541062518774682,-0.1985134380237106,Residential Construction,Consumer Cyclical,SKY
2009Q2,2009,Q2,2008-10-10,2008-08-31,-4146000.0,62597000.0,-6861000.0,-0.49,2203000.0,0.0351933799,190373000.0,160561000.0,148019000.0,20889000.0,29812000.0,9683000.0,221065000.0,191907750.28,181830750.28,19.13435004392674,7.085978266073052,0.0,0.0,-0.027378222769834686,19.13435004392674,-0.025821961746625894,3.0657659357477196,-11.571861449589967,1.195232654754268,-0.364447660395562,6.237116596096251,0.007873574661760138,0.3288123841090911,5.83211259514577,-0.021778298393154493,-47.209778666666665,0.035193379874434876,-22.49122807017544,-3.035346097201767,-0.4292708722727231,-0.19280385296010294,-0.6543229248391652,-22.706806282722514,-6.425324675324675,-2.76877133105802,-0.47106788569110913,-0.1564383173003672,Residential Construction,Consumer Cyclical,SKY
2009Q1,2009,Q1,2008-08-01,2008-05-31,191000.0,70859000.0,-924000.0,0.0228,6373000.0,0.089939175,196999000.0,166218000.0,154207000.0,21613000.0,30781000.0,10150000.0,226722000.0,224214039.67999998,213657039.67999998,19.80850515132202,7.13491879887105,0.0,0.0,0.0032669608123530084,19.80850515132202,0.0011490933593232982,3.164228110472911,293.4738739267016,1.3489155186562225,7.9057591623036645,6.353300492610837,0.006734636252730131,0.35969218117858465,6.006708925183917,0.0009695480687719227,-85.3823456511805,0.0899391749813009,1.0422222222222224,-0.9411764705882354,-0.31304229803488154,-0.1621443153464224,20.67687074829932,1.0417943107221006,0.8953448861705743,-0.9386837881219904,-0.4070723890650757,-0.1228740442103819,Residential Construction,Consumer Cyclical,SKY
2008Q4,2008,Q4,2008-04-04,2008-02-29,-4570000.0,57314000.0,-8829000.0,-0.54,294000.0,0.0051296367,201135000.0,167537000.0,157768000.0,23868000.0,33598000.0,10642000.0,228041000.0,236633080.79999998,228399080.79999998,19.965692810267466,6.610021786492375,0.0,0.0,-0.03370186778847408,19.965692810267466,-0.027277556599437737,4.128713417315141,-12.944916892778993,1.4124228128711864,-0.3306345733041576,5.3580154106370985,0.0063854132097324245,0.28495289233599325,5.578850343556226,-0.022721057995873418,-25.892666681256152,0.005129636737969781,-1.4545454545454548,-4.525997581620315,-0.3465436842285285,-0.1480360847809283,-0.949510561566203,-1.423117709437964,-1.25,-12.019943019943021,-0.4043380205572704,-0.10836672893416138,Residential Construction,Consumer Cyclical,SKY
2008Q3,2008,Q3,2008-01-04,2007-11-30,-1886000.0,77198000.0,-3924000.0,-0.22,5823000.0,0.0754294153,206683000.0,173618000.0,160810000.0,23113000.0,33065000.0,10978000.0,234122000.0,284463171.59999996,276149171.59999996,20.690376778460976,6.957556353567257,0.0,0.0,-0.015410749542672898,20.690376778460976,-0.010862928958978908,3.68485157128423,-37.7072072640509,1.6384428550035135,-0.8006362672322376,6.501639642922208,0.005308244267638616,0.373509190402694,5.972785878077272,-0.009125085275518547,64.54803076923076,0.07542941526982565,-3.75,-1.9666837519220912,-0.31359420985711367,-0.12748197100283942,-0.43570113383079756,-3.6600846262341324,-12.816901408450704,-2.00053050397878,-0.3598042874321019,-0.08506534569983136,Residential Construction,Consumer Cyclical,SKY
2008Q2,2008,Q2,2007-10-05,2007-08-31,709000.0,96394000.0,-284000.0,0.08,10319000.0,0.1070502313,213452000.0,177014000.0,167486000.0,26449000.0,36438000.0,10618000.0,237518000.0,251149932.92,243098932.92,21.095084352212854,6.332413323755151,0.0,0.0,-0.0010350450835959952,21.095084352212854,0.004005332911521123,2.605451925638525,88.55780427362481,1.4188139521167817,2.1297602256699575,8.106517234884159,0.006012344827028035,0.45159567490583363,5.505992665129116,0.003321589865637239,-199.00945556259904,0.10705023134219972,-0.7037037037037037,-0.610867178924259,-0.17252686879785734,-0.10844392958775094,0.006437140349166098,-0.6844681797952826,-1.1965397923875432,-0.12034739454094283,-0.17690054734397287,-0.10499092421338967,Residential Construction,Consumer Cyclical,SKY
2008Q1,2008,Q1,2007-08-03,2007-05-31,2247000.0,88536000.0,1445000.0,0.27,10253000.0,0.1158059998,214940000.0,177815000.0,168942000.0,27114000.0,37125000.0,10561000.0,238319000.0,278085826.16,269709826.16,21.19054099725857,6.230803275060854,0.0,0.0,0.006371274833243164,21.19054099725857,0.012636729184826927,3.140935056474203,30.9396780329328,1.563905329471642,0.6720071206052515,7.41246094119875,0.005429978294295385,0.4119103005489904,5.421553441026776,0.01045408020843026,-1116.8105468273093,0.11580599981928255,2.0384615384615383,-0.44845360824742264,-0.22583353007528656,-0.10300000504456878,1.3618981801428243,2.033103448275862,1.2905106554081223,-0.18409586056644883,-0.2440831938799904,-0.1041343382841943,Residential Construction,Consumer Cyclical,SKY
2007Q4,2007,Q4,2007-04-06,2007-02-28,-2175000.0,66345000.0,-4974000.0,-0.26,4341000.0,0.0654307031,216451000.0,176786000.0,170455000.0,29116000.0,39665000.0,12076000.0,237290000.0,287148369.68,280279369.68,21.067913172349655,5.854341255666987,0.0,0.0,-0.017389932886041973,21.067913172349655,-0.0123030104193771,4.328108669530485,-33.00555973333333,1.624270981186293,-0.6942528735632184,5.134481616429281,0.0052586055135286115,0.30651279042369867,5.047637038054678,-0.010048463624561679,-43.77261732926829,0.06543070314266335,-4.714285714285714,-3.5028768699654775,-0.30948168193172354,-0.09650481169730508,-0.5789116306140266,-4.48,-9.582978723404254,-2.02924791086351,-0.27089400516511897,-0.1037010748326911,Residential Construction,Consumer Cyclical,SKY
2007Q3,2007,Q3,2007-01-05,2006-11-30,625000.0,94786000.0,-470000.0,0.07,10309000.0,0.1087607875,221345000.0,180471000.0,175843000.0,30172000.0,40874000.0,11966000.0,240975000.0,,,,,,,,,,,,,,,,,,,,,,,,,,,,,,,Residential Construction,Consumer Cyclical,SKY
2007Q2,2007,Q2,2006-10-06,2006-08-31,1896000.0,115806000.0,1586000.0,0.23,13056000.0,0.1127402725,225959000.0,181356000.0,180972000.0,34122000.0,44603000.0,12723000.0,241860000.0,,,,,,,,,,,,,,,,,,,,,,,,,,,,,,,Residential Construction,Consumer Cyclical,SKY
2007Q1,2007,Q1,2006-08-04,2006-05-31,5153000.0,136219000.0,7008000.0,0.61,18364000.0,0.1348123243,248403000.0,197754000.0,204375000.0,40150000.0,50649000.0,11308000.0,258258000.0,,,,,,,,,,,,,,,,,,,,,,,,,,,,,,,Residential Construction,Consumer Cyclical,SKY
