Quarters,Year,Quarter,FillingDate,Date,NetIncome,Revenue,OperatingIncome,EPSDiluted,GrossProfit,GrossProfitRatio,TotalAssets,CommonStockEquity,CurrentAssets,CurrentLiability,TotalLiability,Inventory,RetainedEarnings,MarketCap,EnterpriseValue,bookValuePerShare,currentRatio,debtToAssets,debtToEquity,roic,shareholdersEquityPerShare,roe,priceToSalesRatio,peRatio,pbRatio,payoutRatio,inventoryTurnover,dividendYield,assetTurnover,quickRatio,returnOnAssets,priceToFreeCashFlowsRatio,grossProfitMargin,epsdilutedGrowth,fiveYNetIncomeGrowthPerShare,fiveYRevenueGrowthPerShare,fiveYShareholdersEquityGrowthPerShare,grossProfitGrowth,netIncomeGrowth,operatingIncomeGrowth,threeYNetIncomeGrowthPerShare,threeYRevenueGrowthPerShare,threeYShareholdersEquityGrowthPerShare,Industry,Sector,Symbol
2023Q1,2023,Q1,2023-05-15,2023-03-31,-8237000.0,0.0,-12112000.0,-0.0539,0.0,0.0,129359000.0,98255000.0,117626000.0,4922000.0,31104000.0,1571000.0,-349228000.0,297924081.0,290150081.0,0.6431076311686265,23.898008939455504,0.2026144296106185,0.26675487252557123,-0.07588753016067133,0.6431076311686265,-0.08383288382270622,0.0,-9.042250849823965,3.0321518599562363,0.0,0.0,0.0,0.0,23.53047541649736,-0.06367550769563772,-24.765094014962592,0.0,0.2575757575757575,0.9386672760080945,0.0,-0.7903704669319424,0.0,0.25766041816870944,-0.11374712643678161,0.7994480148258387,0.0,-0.5774955726570233,Biotechnology,Healthcare,SVRA
2022Q4,2022,Q4,2023-03-30,2022-12-31,-11096000.0,0.0,-10875000.0,-0.0726,0.0,0.0,139777000.0,107778000.0,128954000.0,5867000.0,31999000.0,2053000.0,-338671000.0,236796316.35,210838316.35,0.7054835251452171,21.979546616669506,0.18702647788978158,0.2425541390636308,-0.08743907401782215,0.7054835251452171,-0.10295236504667,0.0,-5.335172953091204,2.1970746938150643,0.0,0.0,0.0,0.0,21.617521731719787,-0.07938358957482275,-27.356321204944546,0.0,-0.08358208955223871,0.6800374197441956,0.0,-0.8305778496781686,0.0,-0.08391130213929862,-0.0322733744660655,0.8996541193361492,0.0,-0.6960023014084108,Biotechnology,Healthcare,SVRA
2022Q3,2022,Q3,2022-11-10,2022-09-30,-10237000.0,0.0,-10535000.0,-0.067,0.0,0.0,147758000.0,116514000.0,137069000.0,5163000.0,31244000.0,0.0,-328371000.0,236798173.25,143049173.25,0.7626608665149405,26.548324617470463,0.17658603933458764,0.22393875414113326,-0.072773200345774,0.7626608665149405,-0.08786068626946118,0.0,-5.782899610481587,2.032358113617248,0.0,0.0,0.0,0.0,26.135580089095487,-0.06928220468604068,-28.998061872397745,0.0,-0.06349206349206354,0.7620318224108242,0.0,-0.7526471804792259,0.0,-0.06358441558441559,-0.12277523180219546,0.7745661295199778,0.0,-0.7020332059377232,Biotechnology,Healthcare,SVRA
2022Q2,2022,Q2,2022-08-11,2022-06-30,-9625000.0,0.0,-9383000.0,-0.063,0.0,0.0,156777000.0,127042000.0,145385000.0,3706000.0,29735000.0,0.0,-317985000.0,232212076.56,163101076.56,0.8315839678135989,39.22962763086886,0.16610854908564393,0.20498732702570804,-0.06433450565340602,0.8315839678135989,-0.07576234631066892,0.0,-6.031482508051948,1.8278370661670944,0.0,0.0,0.0,0.0,38.6856449001619,-0.06139293391249992,-24.912785812681044,0.0,-0.12499999999999999,0.924379933074654,0.0,-0.8560544091389054,0.0,-0.12520458265139117,-0.16616952522992792,0.8896090719253625,0.0,-0.716605415317672,Biotechnology,Healthcare,SVRA
2022Q1,2022,Q1,2022-05-11,2022-03-31,-8554000.0,0.0,-8046000.0,-0.056,0.0,0.0,166209000.0,136475000.0,154537000.0,16323000.0,29734000.0,0.0,-308821000.0,200127683.44,146827683.44,0.8933409257875133,9.467438583593703,0.15599034949972626,0.189976186114673,-0.051022809426235584,0.8933409257875133,-0.06267814618061916,0.0,-5.848950299275193,1.466405447444587,0.0,0.0,0.0,0.0,9.369968755743429,-0.0514653237790974,-23.75402770801187,0.0,0.24426450742240213,0.9653139540188741,-1.0,-0.2533561278790297,1.0,0.24367816091954023,0.18735481264518736,0.833498601942523,0.0,-0.6839522073830209,Biotechnology,Healthcare,SVRA
2021Q4,2021,Q4,2022-03-30,2021-12-31,-11310000.0,0.0,-9901000.0,-0.0741,-136000.0,0.0,176598000.0,144498000.0,165000000.0,14660000.0,32100000.0,0.0,-300521000.0,189208931.52,189185931.52,0.94698235733687,11.255115961800819,0.19246537333378633,0.23522124873700673,-0.05994519054777645,0.94698235733687,-0.07827097952912843,0.0,-4.182337124668435,1.3094224938753478,0.0,0.0,0.0,0.0,10.993929058663028,-0.0640437604049876,-20.109356097353597,0.0,-0.05857142857142846,0.957171484396336,-1.0,-0.6616203709590439,0.0,-0.07244452873127252,0.007119935820296831,0.7468871293798707,0.0,-0.6858204476235986,Biotechnology,Healthcare,SVRA
2021Q3,2021,Q3,2021-11-12,2021-09-30,-10546000.0,0.0,-9972000.0,-0.07,0.0,0.0,187274000.0,155229000.0,174584000.0,10661000.0,32045000.0,0.0,-289211000.0,210571230.23999998,191555230.23999998,1.0173090585824371,16.3759497232905,0.13714130098144964,0.16545233171636742,-0.05507019074652912,1.0173090585824371,-0.06793833626448666,0.0,-4.991732179025222,1.356519917283497,0.0,0.0,0.0,0.0,16.134790357377355,-0.05631320952187704,-23.559099377936896,0.0,0.0,0.9739939359690248,-1.0,-0.7633655967595357,0.0,0.03610273283977698,0.045924225028702644,0.814510889571371,0.0,-0.7090295917686563,Biotechnology,Healthcare,SVRA
2021Q2,2021,Q2,2021-08-12,2021-06-30,-10941000.0,0.0,-10452000.0,-0.07,0.0,0.0,196433000.0,165382000.0,183488000.0,5635000.0,31051000.0,0.0,-278665000.0,259182902.7,244012902.7,1.084752879419002,32.56220053238687,0.1297287115708664,0.1540856925179282,-0.05473196939785408,1.084752879419002,-0.06615592990772877,0.0,-5.922285501782286,1.567177218197869,0.0,0.0,0.0,0.0,32.321739130434786,-0.05569838061832788,-21.244500221311476,0.0,0.4615384615384615,0.9811780480741354,0.0,-0.8145651736229579,0.0,-0.07086228834295781,-0.003648934127136547,0.8102345644028267,0.0,-0.597904827223758,Biotechnology,Healthcare,SVRA
2021Q1,2021,Q1,2021-05-13,2021-03-31,-10217000.0,0.0,-10414000.0,-0.13,0.0,0.0,207630000.0,175121000.0,194802000.0,7207000.0,32509000.0,0.0,-267724000.0,160144206.56,129545206.56,2.2745229928972086,27.02955459969474,0.12225111978037856,0.14494549482928945,-0.05190313143244469,2.2745229928972086,-0.058342517459356674,0.0,-3.9185721483801506,0.914477455930471,0.0,0.0,0.0,0.0,26.937144442902735,-0.04920772528054713,-16.68690284047098,0.0,0.4296216367076632,0.9698701044952706,0.0,-0.7201332541032122,-1.0,0.2564587730150644,0.19966185059944666,0.8490372908939416,0.0,-0.258588811818062,Biotechnology,Healthcare,SVRA
2020Q4,2020,Q4,2021-03-10,2020-12-31,-13741000.0,1000.0,-13012000.0,-0.22791888396609974,1000.0,1.0,97745000.0,64383000.0,85121000.0,8174000.0,33362000.0,0.0,-257507000.0,69332341.94999999,71735341.94999999,1.0679063755468599,10.41362857841938,0.2586628472044606,0.39269682990851623,-0.14482720240414046,1.0679063755468599,-0.21342590435363373,69332.34194999999,-1.2614136880503601,1.076873428544802,0.0,0.0,0.0,1.0230702337715484e-05,10.26217274284316,-0.14058008082254847,-5.634485327102802,1.0,-0.2662160220338875,0.947580921748043,0.0,-0.8955120509341915,0.0,-0.24206815511163338,-0.20649049605934167,-0.004052208942285111,0.0,-0.7435418574086473,Biotechnology,Healthcare,SVRA
2020Q3,2020,Q3,2020-11-05,2020-09-30,-11063000.0,256000.0,-10785000.0,-0.18,0.0,0.0,109342000.0,76626000.0,96328000.0,7637000.0,32716000.0,0.0,-243765000.0,65715002.370000005,55686002.370000005,1.2709782696154834,12.613329841560823,0.2303780797863584,0.3287395923054838,-0.10570627670835457,1.2709782696154834,-0.14437658236107848,256.6992280078125,-1.4850176798788757,0.8576071094667608,0.0,0.0,0.0,0.0023412778255382195,12.421369647767447,-0.10117795540597392,-9.77465452476573,0.0,-0.12499999999999993,0.9567281634331409,0.0,-0.9114232472479399,0.0,-0.1782937480029822,-0.1641839378238342,0.3483300225569182,0.0,-0.5877852498508054,Biotechnology,Healthcare,SVRA
2020Q2,2020,Q2,2020-08-06,2020-06-30,-9389000.0,0.0,-9264000.0,-0.16,0.0,0.0,115146000.0,83798000.0,102562000.0,6453000.0,31348000.0,0.0,-232702000.0,146556957.84,124614957.84,1.4237264683659456,15.893692856035953,0.21863547148837129,0.3004248311415547,-0.08476375215020313,1.4237264683659456,-0.11204324685553355,0.0,-3.902358021088508,1.7489314523019646,0.0,0.0,0.0,0.0,15.706648070664807,-0.08153995796640787,-18.85704552753474,0.0,0.40740740740740744,0.9636024334360375,0.0,-0.9224737006130621,0.0,0.3911549186174697,0.4295566502463054,0.808534831604185,0.0,-0.753555677302989,Biotechnology,Healthcare,SVRA
2020Q1,2020,Q1,2020-05-07,2020-03-31,-15421000.0,0.0,-16240000.0,-0.27,0.0,0.0,119975000.0,87316000.0,107445000.0,7729000.0,32659000.0,0.0,-223313000.0,121612241.80000001,112139241.80000001,1.5221322891524889,13.901539655841635,0.20872681808710147,0.2867973796325988,-0.1441390267065475,1.5221322891524889,-0.17661138851985891,0.0,-1.9715362460281436,1.3927830157130423,0.0,0.0,0.0,0.0,13.789105964549101,-0.12853511148155866,-7.44716728720147,0.0,0.625,0.9363152120721023,0.0,-0.9308002719247732,0.0,0.5138245215801255,0.48459170395759943,0.833469983176718,-1.0,0.2721803215847429,Biotechnology,Healthcare,SVRA
2019Q4,2019,Q4,2020-03-12,2019-12-31,-31719000.0,0.0,-31509000.0,-0.72,0.0,0.0,136203000.0,101698000.0,124067000.0,10880000.0,34505000.0,0.0,-207892000.0,196324204.16000003,172072204.16000003,2.320687059190573,11.403216911764705,0.18760232887675016,0.25125371197073687,-0.24676168846424934,2.320687059190573,-0.3118940392141438,0.0,-1.5473706939058611,1.930462783535566,0.0,0.0,0.0,0.0,11.339889705882353,-0.23288033303231206,-19.719184829248697,0.0,-1.4,0.7946126302415082,0.0,-0.9179011752072048,0.0,-1.5573651535918729,-1.532470663880405,0.5817711181229537,-1.0,-0.17076255948693664,Biotechnology,Healthcare,SVRA
2019Q3,2019,Q3,2019-11-07,2019-09-30,-12403000.0,0.0,-12442000.0,-0.3,0.0,0.0,140628000.0,106803000.0,108346000.0,8291000.0,33825000.0,0.0,-176173000.0,110577236.35,118318236.35,2.559549861638408,13.067904957182487,0.18151434991609067,0.23900077713172851,-0.09362419390035592,2.559549861638408,-0.11612969673136522,0.0,-2.22884052950899,1.0353382990178177,0.0,0.0,0.0,0.0,12.988300566879749,-0.08819722957021361,-9.683618210876608,0.0,0.47368421052631576,0.9334491415641842,0.0,-0.9003711500845353,0.0,0.4346597383654679,0.4383858445427462,0.8881557414551319,-1.0,-0.4046277785857967,Biotechnology,Healthcare,SVRA
2019Q2,2019,Q2,2019-08-08,2019-06-30,-21939000.0,0.0,-22154000.0,-0.57,0.0,0.0,147330000.0,112799000.0,114168000.0,9052000.0,34531000.0,0.0,-163770000.0,103789746.9,112470746.9,2.934367884078538,12.61246133451171,0.17315550125568452,0.22616335251199035,-0.1593824416002993,2.934367884078538,-0.19449640510997437,0.0,-1.1827082695200328,0.9201300268619403,0.0,0.0,0.0,0.0,12.533031374281927,-0.148910608837304,-8.020226172629627,0.0,-0.6764705882352938,0.8682274219267526,0.0,-0.9035171414727785,0.0,-0.8113441215323646,-0.7147058823529412,0.8503105442911202,0.0,-0.49837976055715766,Biotechnology,Healthcare,SVRA
2019Q1,2019,Q1,2019-05-09,2019-03-31,-12112000.0,0.0,-12920000.0,-0.34,0.0,0.0,148263000.0,101804000.0,107518000.0,8920000.0,46459000.0,0.0,-141831000.0,284529607.40000004,284244607.40000004,2.8266007441164454,12.053587443946189,0.17122275955565447,0.24936151821146516,-0.10101720889139086,2.8266007441164454,-0.11897371419590586,0.0,-5.872886546400264,2.7948765019056223,0.0,0.0,0.0,0.0,11.964798206278028,-0.08169266775931959,-25.972579406663627,0.0,-0.17241379310344845,0.9207756491937626,0.0,-0.9196402253519947,0.0,-0.15198782575613468,0.024758454106280192,0.9236449759937508,0.0,-0.6522033170578465,Biotechnology,Healthcare,SVRA
2018Q4,2018,Q4,2019-03-13,2018-12-31,-10514000.0,0.0,-13248000.0,-0.29,0.0,0.0,152287000.0,108219000.0,113344000.0,7254000.0,44068000.0,0.0,-129719000.0,271791220.96000004,272061220.96000004,3.01414382372772,15.625034463744141,0.16134666780486845,0.22704885463735575,-0.07968855705896435,3.01414382372772,-0.09715484341936259,0.0,-6.462602743009321,2.511492630314455,0.0,0.0,0.0,0.0,15.51061483319548,-0.06904069290221752,-25.754877377049183,0.0,0.21621621621621626,0.9229599213779819,0.0,-0.9053790943706341,0.0,0.16289808917197451,-0.03629536921151439,0.9326500158490969,0.0,-0.7050849086190669,Biotechnology,Healthcare,SVRA
2018Q3,2018,Q3,2018-11-07,2018-09-30,-12560000.0,0.0,-12784000.0,-0.37,0.0,0.0,155124000.0,117854000.0,114745000.0,11220000.0,37270000.0,0.0,-119205000.0,357984939.06,348463939.06,3.496262952532269,10.226827094474153,0.0994365797684433,0.1308822780728698,-0.09485999132059683,3.496262952532269,-0.10657253890406775,0.0,-7.12549639848726,3.0375289685543128,0.0,0.0,0.0,0.0,10.091889483065954,-0.08096748407725432,-40.782061866028705,0.0,0.026315789473684233,0.8959306978412019,0.0,-0.9033213592640451,0.0,-0.08331895808176643,-0.07365415301923238,0.9121342043135123,0.0,-0.7563391707740763,Biotechnology,Healthcare,SVRA
2018Q2,2018,Q2,2018-08-09,2018-06-30,-11594000.0,0.0,-11907000.0,-0.38,0.0,0.0,117941000.0,82709000.0,77435000.0,7520000.0,35232000.0,0.0,-106645000.0,347054152.08,338766152.08,2.6977515594862553,10.29720744680851,0.1298615409399615,0.18517936379354122,-0.11825101908294436,2.6977515594862553,-0.14017821518818993,0.0,-7.483486115232017,4.1960869080753005,0.0,0.0,0.0,0.0,10.091755319148936,-0.0983033889826269,-33.386642816738814,0.0,0.5681818181818182,0.9412319421991445,0.0,-0.9642211057627006,0.0,0.5681775857573839,0.6291462920858379,0.9137135537662578,0.0,-0.8530991031498106,Biotechnology,Healthcare,SVRA
2018Q1,2018,Q1,2018-05-09,2018-03-31,-26849000.0,0.0,-32107000.0,-0.88,0.0,0.0,128872000.0,93703000.0,87570000.0,5386000.0,35169000.0,0.0,-95052000.0,281002463.2,273785463.2,3.0678293356682578,16.258819160787226,0.11565739648643615,0.15906641196119656,-0.24480340254518862,3.0678293356682578,-0.2865329818682433,0.0,-2.6165077209579497,2.998863037469451,0.0,0.0,0.0,0.0,15.969550686966208,-0.20833850642497984,-28.99922220846233,0.0,-2.8260869565217392,0.8958955092293981,0.0,-0.9445305236869892,0.0,-3.1280750307503076,-2.490650141335073,0.7917569967050384,0.0,-0.8605292343363596,Biotechnology,Healthcare,SVRA
2017Q4,2017,Q4,2018-03-14,2017-12-31,-6504000.0,0.0,-9198000.0,-0.23,0.0,0.0,159628000.0,119309000.0,97864000.0,6015000.0,40319000.0,0.0,-68203000.0,425197223.36,418116223.36,4.16405720152349,16.269991687448048,0.0942190593129025,0.12605922436697986,-0.047609140685654264,4.16405720152349,-0.05451390926082693,0.0,-16.343681709717096,3.563831926845418,0.0,0.0,0.0,0.0,15.850872817955112,-0.04074473150073922,-42.93186827140549,0.0,0.1785714285714286,0.9624610864059933,0.0,-0.9341456058472998,0.0,0.04591462520170163,-0.405777166437414,0.9355869161976047,0.0,-0.8526883660331641,Biotechnology,Healthcare,SVRA
2017Q3,2017,Q3,2017-11-08,2017-09-30,-6817000.0,0.0,-6543000.0,-0.28,0.0,0.0,118888000.0,74645000.0,55521000.0,6077000.0,44243000.0,0.0,-61699000.0,226358983.95,221485983.95,3.083291583223242,9.136251439855192,0.12566449094946505,0.20014736419050172,-0.0713567560831298,3.083291583223242,-0.09132560787728582,0.0,-8.301268298004988,3.0324734938709894,0.0,0.0,0.0,0.0,8.845976633207174,-0.057339681044344254,-27.4374526,0.0,0.6888888888888889,0.939999155005232,0.0,-0.9545954007396761,0.0,0.40742350486787204,0.29968960719255056,0.9369545215963514,0.0,-0.8799848367892587,Biotechnology,Healthcare,SVRA
2017Q2,2017,Q2,2017-08-09,2017-06-30,-11504000.0,0.0,-9343000.0,-0.9,0.0,0.0,125770000.0,79769000.0,63674000.0,8138000.0,46001000.0,0.0,-54883000.0,81190222.67999999,35355222.67999999,5.777071481238115,7.824281150159744,0.12163473006281307,0.1917787611728867,-0.09342205441529197,5.777071481238115,-0.14421642492697664,0.0,-1.764391139603616,1.0178167293058706,0.0,0.0,0.0,0.0,7.658761366429098,-0.09146855370915162,-10.977585543537046,0.0,0.44154114786873483,0.865137238679905,0.0,-0.9197604192584687,0.0,-0.9601294939512693,-0.6399859575215026,0.8076370759807173,0.0,-0.8100482310175717,Biotechnology,Healthcare,SVRA
2017Q1,2017,Q1,2017-05-09,2017-03-31,-5869000.0,94000.0,-5697000.0,-1.611578,0.0,0.0,13885000.0,4350000.0,8159000.0,6593000.0,9535000.0,0.0,-316942000.0,31430444.955,27172444.955,1.1964752663807778,1.2375246473532535,0.2530068419157364,0.8075862068965517,-0.7232448901866193,1.1964752663807778,-1.3491954022988506,334.36643569148936,-1.3388330616374169,7.225389644827586,0.0,0.0,0.0,0.006769895570759812,1.1786743515850144,-0.42268635217861,-9.886896808744888,0.0,-0.15115016586046004,0.7350043214794743,0.0,-0.9845986244047904,0.0,0.027506213753106877,0.3129522431259045,0.6197039819236752,0.0,-0.9659844132644471,Biotechnology,Healthcare,SVRA
2016Q4,2016,Q4,2017-03-06,2016-12-31,-6035000.0,83000.0,-8292000.0,-1.399972,0.0,0.0,17922000.0,9759000.0,12185000.0,4866000.0,8163000.0,0.0,-311073000.0,21187777.575999998,16478777.575999998,2.7985796899796567,2.5041101520756266,0.21387121972994086,0.392765652218465,-0.4354738983268902,2.7985796899796567,-0.618403524951327,255.274428626506,-0.8777041249378624,2.171101298903576,0.0,0.0,0.0,0.004631179555853141,2.400739827373613,-0.33673697132016517,-2.890950685768863,0.0,0.5,0.502639859690899,0.0,-0.966401190521338,0.0,0.25969087340529934,-0.15150673517567004,0.5446997128438599,0.0,-0.9121461482171974,Biotechnology,Healthcare,SVRA
2016Q3,2016,Q3,2016-11-08,2016-09-30,-8152000.0,45000.0,-7201000.0,-2.799944,0.0,0.0,40118000.0,13187000.0,28283000.0,20893000.0,26931000.0,0.0,-305038000.0,23619010.8,17306010.8,4.299075048477475,1.353706983200115,0.3541552420359938,1.0774247364829,-0.2626760049609688,4.299075048477475,-0.6181845757185107,524.8669066666666,-0.7243317836113837,1.7910829453249413,0.0,0.0,0.0,0.0011216910115160277,1.289905710046427,-0.20320055835285908,-2.1530547675478577,0.0,0.2,0.7160961631397701,0.0,-0.9623326100191701,0.0,0.23855781804595555,0.295470110556697,0.2577222659541447,0.0,-0.8811220043367647,Biotechnology,Healthcare,SVRA
2016Q2,2016,Q2,2016-08-09,2016-06-30,-10706000.0,0.0,-10221000.0,-3.49993,0.0,0.0,47676000.0,16426000.0,35818000.0,25363000.0,31250000.0,0.0,-296886000.0,92382180.1,82866180.1,5.849779680616132,1.4122146433781493,0.31407836227871466,0.9116035553390965,-0.3252920021641577,5.849779680616132,-0.6517715816388652,0.0,-2.157252477582664,5.624143437233654,0.0,0.0,0.0,0.0,1.3828017190395459,-0.2245574293145398,-12.087162122203322,0.0,0.16666666666666666,0.674464902947168,0.0,-0.9527188024409147,0.0,0.044704202730436335,0.04850121020294172,0.40749258463176563,0.0,-0.9224173746584263,Biotechnology,Healthcare,SVRA
2016Q1,2016,Q1,2016-05-06,2016-03-31,-11207000.0,0.0,-10742000.0,-4.199916,0.0,0.0,50145000.0,20680000.0,38249000.0,22669000.0,29465000.0,0.0,-286180000.0,48590784.088,39884784.088,8.12716418168535,1.6872821915391063,0.29544321467743545,0.7163926499032882,-0.3024296855204257,8.12716418168535,-0.5419245647969052,0.0,-1.0839382548407246,2.349651068085106,0.0,0.0,0.0,0.0,1.6361109885747056,-0.2234918735666567,-4.287548229771464,0.0,0.0,0.515711068790767,0.0,-0.941057624791519,0.0,-0.10272557315753222,-0.10582664196005764,0.4783952717536022,0.0,-0.8530526011253012,Biotechnology,Healthcare,SVRA
2015Q4,2015,Q4,2016-03-14,2015-12-31,-10163000.0,0.0,-9714000.0,-4.199916,0.0,0.0,54217000.0,23889000.0,42252000.0,23173000.0,30328000.0,0.0,-274973000.0,68768321.769,60433321.768999994,10.220378379465291,1.823328874120744,0.27144622535367136,0.6160575997320943,-0.25145608449172946,10.220378379465291,-0.4254259282514965,0.0,-1.6916344034487847,2.8786605453974636,0.0,0.0,0.0,0.0,1.768480559271566,-0.187450430676725,-7.763414062881011,0.0,0.0,0.7860655593447498,-1.0,-0.875494134209861,0.0,-0.025322841000807103,0.0115995115995116,0.2809673429549682,0.0,-0.8383651343826896,Biotechnology,Healthcare,SVRA
2015Q3,2015,Q3,2015-11-12,2015-09-30,-9912000.0,0.0,-9828000.0,-4.199916,0.0,0.0,63438000.0,33539000.0,51449000.0,13520000.0,29899000.0,0.0,-264810000.0,94898155.8,77179155.8,14.348892120409362,3.8053994082840235,0.2283804659667707,0.431974716002266,-0.20453268402322533,14.348892120409362,-0.29553653955097053,0.0,-2.3935168432203393,2.8294867408092075,0.0,0.0,0.0,0.0,3.6917899408284023,-0.15624704435827108,-11.45697884824339,0.0,0.0,0.8762717114176695,0.0,-0.9103255205639462,0.0,0.02354447837651463,0.03467242903447598,0.09639265613577803,0.0,-0.7886979940198429,Biotechnology,Healthcare,SVRA
2015Q2,2015,Q2,2015-08-12,2015-06-30,-10151000.0,0.0,-10181000.0,-4.199916,0.0,0.0,56764000.0,42535000.0,44753000.0,10800000.0,14229000.0,0.0,-254898000.0,79444356.6,58255356.599999994,18.364432194293837,4.143796296296296,0.0,0.0,-0.23921522556390978,18.364432194293837,-0.23865052309862467,0.0,-1.9565647867205198,1.8677408393088042,0.0,0.0,0.0,0.0,4.016574074074074,-0.17882813050524982,-9.287392635024549,0.0,0.0,0.833093714318075,0.0,-0.9008174893373183,0.0,-0.055636439267886854,-0.05502590673575129,0.2905701192660886,0.0,-0.7449305682624835,Biotechnology,Healthcare,SVRA
2015Q1,2015,Q1,2015-05-11,2015-03-31,-9616000.0,0.0,-9650000.0,-4.199916,0.0,0.0,62720000.0,50108000.0,50562000.0,9181000.0,12612000.0,0.0,-244747000.0,77339050.60000001,49432050.60000001,21.996217781344214,5.507243219692844,0.0,0.0,-0.19248030318141018,21.996217781344214,-0.19190548415422687,0.0,-2.0106866316555743,1.5434471661211784,0.0,0.0,0.0,0.0,5.433721816795556,-0.15331632653061225,-10.42445755492654,0.0,-0.2,0.7454467791818399,0.0,-0.8307021226731558,0.0,-0.3149127044825314,-0.31215626434958454,0.3070600336758175,0.0,-0.7168583244104467,Biotechnology,Healthcare,SVRA
2014Q4,2014,Q4,2015-03-24,2014-12-31,-7313033.0,0.0,-7354307.0,-3.49993,0.0,0.0,70500000.0,58658000.0,58403000.0,8438000.0,11842000.0,0.0,-235131000.0,81345527.2,45537527.2,28.266994869264305,6.921426878407206,0.0,0.0,-0.12537602714037302,28.266994869264305,-0.12467238910293565,0.0,-2.7808409725485994,1.38677635105186,0.0,0.0,0.0,0.0,6.789405072292013,-0.1037309645390071,-13.501206826957294,0.0,0.16666666666666666,0.841395617044574,0.0,-0.3861894238154968,0.0,0.07035711066819196,0.06720072713196111,-0.012771017109176427,0.0,-0.6606359366691362,Biotechnology,Healthcare,SVRA
2014Q3,2014,Q3,2014-10-31,2014-09-30,-7866497.0,0.0,-7884126.0,-4.199916,0.0,0.0,56164045.0,45248755.0,44058950.0,7511615.0,10915290.0,0.0,-227817793.0,68672268.21000001,42690663.21000001,25.69085022872583,5.86544305052908,0.0,0.0,-0.17423962272553134,25.69085022872583,-0.17385002084587742,0.0,-2.1824284751522818,1.5176609435994428,0.0,0.0,0.0,0.0,5.734333961471668,-0.14006286406187446,-12.728665076454732,0.0,0.0,0.8703788751657824,0.0,0.07957092745091793,0.0,-0.09991877670360935,-0.09475673502769827,0.5228759646684437,0.0,-0.774903377216636,Biotechnology,Healthcare,SVRA
2014Q2,2014,Q2,2014-08-11,2014-06-30,-7151889.0,0.0,-7201715.0,-4.199916,0.0,0.0,59369605.0,50220851.0,47563880.0,5745079.0,9148754.0,0.0,-219951296.0,72705682.28,46337230.28,30.413359729082238,8.279064569869274,0.0,0.0,-0.14340089537710143,30.413359729082238,-0.1424087576692,0.0,-2.5414852733312836,1.447719041638701,0.0,0.0,0.0,0.0,8.083044636984104,-0.12046381309089053,-10.250439737693842,0.0,0.0,0.9109491939303576,0.0,-0.2930455949261668,0.0,-0.12264313097973324,-0.053059051431439075,0.6302024882226326,0.0,-0.7541821832109052,Biotechnology,Healthcare,SVRA
2014Q1,2014,Q1,2014-05-05,2014-03-31,-6370581.0,0.0,-6838852.0,-4.199916,0.0,0.0,62358557.0,52789555.0,50612637.0,6165327.0,9569002.0,0.0,-212799407.0,71437984.8,41589832.8,35.174323926337856,8.209238050147219,0.0,0.0,-0.1295493398267896,35.174323926337856,-0.12067881610292036,0.0,-2.8034328737049257,1.3532598408908731,0.0,0.0,0.0,0.0,8.048261349316913,-0.102160494188472,-11.377426479031515,0.0,-0.10491506288535007,0.9306569025195859,-1.0,-0.3977638782726607,0.0,-0.11672204483484276,-0.1951170922044315,0.5332509185353843,0.0,-0.7448977094319116,Biotechnology,Healthcare,SVRA
2013Q4,2013,Q4,2014-03-26,2013-12-31,-5704715.0,0.0,-5722328.0,-3.8011211368885087,0.0,0.0,55249972.0,47807839.0,45528030.0,4833378.0,7442133.0,0.0,-206428826.0,48577829.664000005,22896737.664000005,31.85494583548219,9.419505364571114,0.0,0.0,-0.11969434552354478,31.85494583548219,-0.11932593313828721,0.0,-2.128845598071069,1.016105949988662,0.0,0.0,0.0,0.0,9.18457857010149,-0.10325281250821268,-9.991901973787055,0.0,-0.08605633166620726,0.9739038219249515,0.0,-0.7259731901129276,0.0,-0.08588204771229103,-0.08568220552747907,0.8129742149127884,-1.0,-0.6119392586370962,Biotechnology,Healthcare,SVRA
2013Q3,2013,Q3,2013-11-04,2013-09-30,-5253531.0,0.0,-5270721.0,-3.49993,0.0,0.0,59649265.0,53063769.0,49934378.0,3976741.0,6585496.0,0.0,-200724111.0,45090712.87,14859558.869999997,36.16375784679405,12.556608036580707,0.0,0.0,-0.09932805564565156,36.16375784679405,-0.09900410579580203,0.0,-2.1457336441909263,0.8497457628763612,0.0,0.0,0.0,0.0,12.420209161220205,-0.08807369210668396,-11.874673707086005,0.0,0.4444444444444444,0.9727528898738669,0.0,-0.8593276334407572,0.0,-0.06321556909980061,-0.06409583708761075,0.8955361062321224,0.0,-0.773991878108131,Biotechnology,Healthcare,SVRA
2013Q2,2013,Q2,2013-08-05,2013-06-30,-4941172.0,0.0,-4953239.0,-6.299874,0.0,0.0,63836085.0,57898041.0,54116339.0,3329289.0,5938044.0,0.0,-195470580.0,24187968.0,-20784268.0,75.40064099224871,16.254623434613215,0.0,0.0,-0.0855510638088774,75.40064099224871,-0.08534264570367761,0.0,-1.2237971072450018,0.4177683317471829,0.0,0.0,0.0,0.0,16.04913631709353,-0.07740405759532402,-5.164267610532404,0.0,0.25,0.9483518726438903,0.0,-0.8022627010956632,0.0,0.11462287132088975,0.11437224215717284,0.7549391491825448,0.0,-0.5927766891964991,Biotechnology,Healthcare,SVRA
2013Q1,2013,Q1,2013-05-15,2013-03-31,-5580867.0,0.0,-5592913.0,-8.399832,0.0,0.0,42327985.0,36554635.0,32529484.0,3164595.0,5773350.0,0.0,-190529408.0,31002947.115,9593024.114999998,55.306621579707844,10.279193388095475,0.0,0.0,-0.15300147300061948,55.306621579707844,-0.15267193886630245,0.0,-1.3888051406259994,0.8481262941074367,0.0,0.0,0.0,0.0,10.117651073834093,-0.13184816144685366,-6.900140886370156,0.0,-0.3890832868556399,0.9266028616698265,0.0,-0.8892371272020558,0.0,-0.39634918919243506,-0.3925019339222283,0.49081036937795175,0.0,-0.5743225617858303,Biotechnology,Healthcare,SVRA
2012Q4,2012,Q4,2013-03-19,2012-12-31,-3996756.0,0.0,-4016449.0,-6.047032657785444,0.0,0.0,46971815.0,41792394.0,37173662.0,2570666.0,5179421.0,0.0,-184948541.0,26371705.5,3871265.5,63.23127340398974,14.460712515744946,0.0,0.0,,63.23127340398974,-0.09563357389863811,0.0,-1.649569394528963,0.6310168663704693,0.0,0.0,0.0,0.0,14.209193648649805,-0.08508838757880657,-7.745435569603672,0.0,-0.23411297976682874,0.9420465088267261,0.0,-0.8949226744374507,0.0,-0.24935598128571174,-0.2479261295405094,0.7278504774744964,0.0,0.37305095714948,Biotechnology,Healthcare,SVRA
2012Q3,2012,Q3,2012-11-05,2012-09-30,-3199053.0,0.0,-3218499.0,-4.899902,0.0,0.0,51558688.0,46289915.0,41638466.0,2660018.0,5268773.0,0.0,-180951785.0,35119432.32,9030722.32,67.90703218291657,15.653452720996626,0.0,0.0,,67.90703218291657,-0.0691090705178439,0.0,-2.744517855752937,0.7586843121228457,0.0,0.0,0.0,0.0,15.004341699943383,-0.06204682710312567,-10.903046482127346,0.0,0.2222222222222222,0.9591867449604817,0.0,-0.9027111969633836,0.0,0.24033978262062047,0.23760398412150205,0.8638014876773003,0.0,1.853562924600277,Biotechnology,Healthcare,SVRA
2012Q2,2012,Q2,2012-08-06,2012-06-30,-4211163.0,0.0,-4221558.0,-6.299874,0.0,0.0,54180488.0,49078437.0,44285194.0,2493296.0,5102051.0,0.0,-177752732.0,24335476.200000003,-5621387.799999997,71.99777750393888,17.761707394549223,0.0,0.0,,71.99777750393888,-0.08580474965003469,0.0,-1.4447004426093222,0.4958486391895488,0.0,0.0,0.0,0.0,17.28484102970526,-0.07772471521482051,-8.220769781399703,0.0,0.0,0.9446630431996011,0.0,-0.9094442194950155,0.0,-0.014123000580130076,-0.012000970395273062,0.872981442214634,0.0,0.673578533096556,Biotechnology,Healthcare,SVRA
2012Q1,2012,Q1,2012-05-07,2012-03-31,-4152517.0,0.0,-4171496.0,-6.299874,0.0,0.0,57510036.0,52956082.0,47307187.0,1945199.0,4553954.0,0.0,-173541569.0,32924467.799999997,-2126809.200000003,77.68625983986293,24.31997291793796,0.0,0.0,,77.68625983986293,-0.07841435474777005,0.0,-1.982199458786081,0.6217315661683581,0.0,0.0,0.0,0.0,23.679503742290635,-0.0722050843438874,-7.159161395873125,0.0,-0.8104778084112151,0.9390758536471988,-1.0,-0.9131102838994135,0.0,-0.7506572579149199,-0.7074182615956385,0.9004855324429856,-1.0,0.3301029448480556,Biotechnology,Healthcare,SVRA
2011Q4,2011,Q4,2012-03-08,2011-12-31,-2371976.0,0.0,-2443160.0,-3.4796747967479673,0.0,0.0,61856471.0,56778697.0,51792211.0,2469019.0,5077774.0,0.0,-169389052.0,28152805.799999997,-15417141.200000003,83.29401349047774,20.976837764310442,0.0,0.0,,83.29401349047774,-0.041775808979906674,0.0,-2.9672313084112147,0.4958339533575418,0.0,0.0,0.0,0.0,20.54293182839014,-0.038346448829904956,-8.680914837149626,0.0,0.6176105064136483,0.9723101181692174,0.0,-0.7861322616506612,0.0,0.3298226837539125,0.3123370144208374,0.976110676332319,0.0,-0.2834772685733906,Biotechnology,Healthcare,SVRA
2011Q3,2011,Q3,2011-11-08,2011-09-30,-3539326.0,0.0,-3552845.0,-9.099818,0.0,0.0,46274513.0,43152716.0,39037880.0,3121797.0,3121797.0,0.0,-167017076.0,24349189.200000003,-8419698.799999997,114.13254410951802,12.504938661930932,0.0,0.0,-0.08233189771879017,114.13254410951802,-0.08201861500444144,0.0,-1.7199029702265347,0.5642562382400219,0.0,0.0,0.0,0.0,12.268162215544445,-0.07648542946308262,-6.70168425676535,0.0,0.2352941176470588,0.9147734232119721,0.0,1.4020651598076563,0.0,0.1941773921437825,0.19371990926967536,0.9287613602288827,0.0,-0.5560390834013846,Biotechnology,Healthcare,SVRA
2011Q2,2011,Q2,2011-08-08,2011-06-30,-4392190.0,0.0,-4406465.0,-11.899762,0.0,0.0,50161643.0,46397550.0,42732426.0,2364093.0,3764093.0,0.0,-163477750.0,79014817.7,37058840.7,123.72317078699025,18.075611238644164,0.0,0.0,,123.72317078699025,-0.09466426567782135,0.0,-4.497461272167187,1.702995474976588,0.0,0.0,0.0,0.0,17.747291667459784,-0.08756072842350877,-17.16348930860835,0.0,-0.30769230769230765,-1.1724544455734358,0.0,1.4392554064472969,0.0,-0.4856352524100785,-0.4715612231437526,0.9059950870876099,0.0,-0.6755374320250886,Biotechnology,Healthcare,SVRA
2011Q1,2011,Q1,2011-05-09,2011-03-31,-2956439.0,0.0,-2994415.0,-9.099818,0.0,0.0,46957164.0,44823627.0,46886322.0,2133537.0,2133537.0,0.0,-159085560.0,47787348.0,1235180.0,137.88321479986712,21.975865429097315,0.0,0.0,,137.88321479986712,-0.06595715692529745,0.0,-4.040955013785165,1.0661196158891826,0.0,0.0,0.0,0.0,21.819308969096856,-0.06296033976838976,-19.922219405877193,0.0,0.5522635179698935,0.9832152972448982,0.0,1.2064301528736971,-1.0,0.5525308448298122,0.5511671260045815,0.9209474098506023,0.0,-0.723860533411197,Biotechnology,Healthcare,SVRA
2010Q4,2010,Q4,2011-03-10,2010-12-31,-6607023.0,488959.0,-6671559.0,-20.324048553604605,488959.0,1.0,28486817.0,26685341.0,28409079.0,1801476.0,1801476.0,0.0,-156129121.0,59392846.8,31414023.799999997,82.08752507044333,15.769890356574276,0.0,0.0,,82.08752507044333,-0.2475899783330481,121.4679488464268,-2.2473376738661273,2.225673143918228,0.0,0.0,0.0,0.01716439572732889,15.532154189120476,-0.2319326515138564,-43.81208606792281,1.0,0.4070068518549466,0.9478027146609617,0.0,1.40730160015976,0.0,-0.07145286199517872,-0.07074338930338178,0.8052185865177929,0.0,-0.8635874760683427,Biotechnology,Healthcare,SVRA
2010Q3,2010,Q3,2010-11-08,2010-09-30,-6166415.0,0.0,-6230773.0,-34.273665078897494,0.0,0.0,30488562.0,28788677.0,30455597.0,1699885.0,1699885.0,0.0,-153844614.0,25692147.6,-3639625.3999999985,160.01087723783743,17.916269041729294,0.0,0.0,-0.2164313768222138,160.01087723783743,-0.21419584512341433,0.0,-1.041616060547336,0.8924393295322326,0.0,0.0,0.0,0.0,17.262583645364245,-0.202253389320231,-14.042824355841333,0.0,-0.3052489283932578,0.6442599306694724,0.0,-0.7668009311168985,0.0,-0.42658002885356583,-0.42821322434721215,0.7019343158846627,0.0,-0.7707561909438825,Biotechnology,Healthcare,SVRA
2010Q2,2010,Q2,2010-08-10,2010-06-30,-4322516.0,0.0,-4362635.0,-26.25833611760775,0.0,0.0,32440440.0,30479779.0,32398877.0,1960661.0,1960661.0,0.0,-152000715.0,18782571.5,-12377058.5,185.15796859338457,16.524466493697787,0.0,0.0,-0.1431321073555028,185.15796859338457,-0.14181585765434848,0.0,-1.086321687415385,0.6162305671573275,0.0,0.0,0.0,0.0,15.897987464431639,-0.1332446785555313,-9.405370292012288,0.0,-0.5834720529401133,0.7499171544282068,0.0,-0.24798500841141308,0.0,-0.7987444414945191,-0.8028274070875269,0.7647920178518717,0.0,-0.7671160840794837,Biotechnology,Healthcare,SVRA
2010Q1,2010,Q1,2010-04-30,2010-03-31,-2403074.0,0.0,-2419885.0,-16.582759429730736,0.0,0.0,20074925.0,18828115.0,20027317.0,1246810.0,1246810.0,0.0,-146956397.0,55233971.099999994,35421958.099999994,129.9261286004113,16.062845982948485,0.0,0.0,,129.9261286004113,-0.12763221384615508,0.0,-5.746178758956237,2.933590064645345,0.0,0.0,0.0,0.0,15.899229233002623,-0.11970525419148514,-17.327973048986355,0.0,0.25368518472508644,0.8104800181310831,0.0,-0.5688019765661587,0.0,0.25368518472508633,0.24954311440142482,0.8341534403440245,-1.0,-0.854681581383775,Biotechnology,Healthcare,SVRA
2009Q4,2009,Q4,2010-03-18,2009-12-31,-3219920.0,0.0,-3224549.0,-22.219523303476546,0.0,0.0,9027217.0,6673530.0,8972494.0,2353687.0,2353687.0,0.0,-142038403.0,88734465.05000001,80067061.05000001,46.0516582248782,3.812101609092458,0.0,0.0,,46.0516582248782,-0.4824912752321485,0.0,-6.889492988179831,13.29648103027933,0.0,0.0,0.0,0.0,3.688784872415066,-0.35669021803729767,-33.73597955260731,0.0,0.3651437799191256,0.6935574862910254,0.0,-0.879154449966616,0.0,-0.36867260112914046,-0.37222734071957325,0.8231857829977131,0.0,-0.8817566403746726,Biotechnology,Healthcare,SVRA
2009Q3,2009,Q3,2009-11-10,2009-09-30,-2352586.0,0.0,-2349865.0,-34.9993,0.0,0.0,3830305.0,1624783.0,3767989.0,2205522.0,2205522.0,0.0,-135560100.0,17922450.0,14762840.0,23.797278692366277,1.7084341031284205,0.0,0.0,,23.797278692366277,-1.4479385862604421,0.0,-1.9045478039910124,11.030673019104706,0.0,0.0,0.0,0.0,1.4503654917067252,-0.6142033075695017,-4.724551736391289,0.0,0.28039177813026267,0.5077425687264183,0.0,-0.9507060330645513,0.0,0.09360476293766887,0.07938146551301967,0.6862884172112652,0.0,1.083832851839808,Biotechnology,Healthcare,SVRA
2009Q2,2009,Q2,2009-08-12,2009-06-30,-2595541.0,0.0,-2552485.0,-48.63660383015403,0.0,0.0,6166630.0,2295819.0,6024057.0,3870811.0,3870811.0,0.0,-132831425.0,13550961.55,8131734.550000001,43.02025634298992,1.5562777412795405,0.0,0.0,,43.02025634298992,-1.130551232479564,0.0,-1.3052155167265707,5.902452044346702,0.0,0.0,0.0,0.0,1.4081374678329683,-0.42090104319539196,-8.215566970307835,0.0,0.07356996987265403,0.07357867734041579,0.0,-0.9248359373867203,-1.0,0.17784834384433373,0.19194114447765692,-1.716144274068984,0.0,1.1527351753532167,Biotechnology,Healthcare,SVRA
2009Q1,2009,Q1,2009-05-15,2009-03-31,-3157010.0,300000.0,-3158786.0,-52.49895,300000.0,1.0,6191354.0,3012183.0,5964580.0,3179171.0,3179171.0,0.0,-129003468.0,15794231.25,10487585.25,58.40620091908557,1.8761431832386493,0.0,0.0,,58.40620091908557,-1.0480804121130756,52.6474375,-1.250727052654252,5.2434500991473625,0.0,0.0,0.0,0.04845466758967425,1.765001001833497,-0.5099062337575916,-3.476410815762609,1.0,0.6395742470142549,-1.6493729241759603,0.0,-0.4970094538170994,0.0,0.5797393193955082,0.5805256148358714,0.8870219981763406,0.0,1.0874421226833066,Biotechnology,Healthcare,SVRA
2008Q4,2008,Q4,2009-03-27,2008-12-31,-7512028.0,0.0,-7530343.0,-145.6581544606674,0.0,0.0,10709258.0,5995235.0,10449542.0,4714023.0,4714023.0,0.0,-125846458.0,6768956.25,-3080947.75,116.24755201365055,2.2166930454094094,0.0,0.0,,116.24755201365055,-1.2529997573072615,0.0,-0.2252706010281112,1.129056033666737,0.0,0.0,0.0,0.0,2.115314244330161,-0.7014517719154773,-1.2328537242112618,0.0,-0.0404361977287217,-4.494602233385956,0.0,-0.1324697961373952,0.0,-0.10848160867351163,-0.09835599786639844,0.6259131033716832,0.0,1.576796704605034,Biotechnology,Healthcare,SVRA
2008Q3,2008,Q3,2008-11-07,2008-09-30,-6776863.0,0.0,-6856013.0,-139.9972,0.0,0.0,17265151.0,13258279.0,16936954.0,4006872.0,4006872.0,0.0,-118334430.0,17148022.5,1841546.5,257.07790898338277,4.226976554279747,0.0,0.0,,257.07790898338277,-0.5111419815497924,0.0,-0.6325944061433734,1.2933822330937523,0.0,0.0,0.0,0.0,3.8335090314839104,-0.39251686822779597,-2.528416634977947,0.0,-0.14285714285714277,-5.297231427203017,0.0,0.7926201395746508,0.0,-0.054677668612550245,-0.024631459922205272,-0.3638874963065893,0.0,-0.6253359144064287,Biotechnology,Healthcare,SVRA
2008Q2,2008,Q2,2008-08-11,2008-06-30,-6425530.0,0.0,-6691199.0,-122.49755,0.0,0.0,23158210.0,19665674.0,22802600.0,3488969.0,3492536.0,0.0,-111557567.0,33619149.375,20980602.375,381.31723964089736,6.5356270004118695,0.0,0.0,-0.340247631482145,381.31723964089736,-0.3267383563868698,0.0,-1.3080302082085058,1.7095345613376893,0.0,0.0,0.0,0.0,6.329439441852307,-0.2774622909110851,-4.954245657962427,0.0,0.0,-3.3099189225733157,0.0,6.079858123625645,0.0,-0.08300219515286517,-0.0736358122549051,-0.1865970374514302,0.0,0.5487115296175161,Biotechnology,Healthcare,SVRA
2008Q1,2008,Q1,2008-05-12,2008-03-31,-5933072.0,0.0,-6232280.0,-122.49755,0.0,0.0,29853909.0,25751665.0,29477223.0,4093326.0,4102244.0,0.0,-105132037.0,48736485.0,28437121.0,499.32454966746167,7.201288878530564,0.0,0.0,,499.32454966746167,-0.23039566567831635,0.0,-2.0535940318944386,1.8925566560453468,0.0,0.0,0.0,0.0,7.037590213923836,-0.1987368555320511,-10.166067832212322,0.0,-0.1739907958877397,-4.293722308832146,0.0,25.483357261379005,0.0,-0.10254040214268963,-0.07091393036279188,-0.3147870851479696,0.0,0.6571551941702418,Biotechnology,Healthcare,SVRA
2007Q4,2007,Q4,2008-03-17,2007-12-31,-5381274.0,0.0,-5819590.0,-104.3428538188587,0.0,0.0,34541625.0,31034540.0,34150876.0,3492815.0,3507085.0,0.0,-99198965.0,40613737.5,25832998.5,601.7594477730595,9.77746488147812,0.0,0.0,,601.7594477730595,-0.1733962868468487,0.0,-1.8868086581356014,1.308662461244794,0.0,0.0,0.0,0.0,9.60119130271715,-0.1557909913039702,-7.589056227657462,0.0,0.1482045655700159,-198.41769513345005,0.0,14.167391244587991,0.0,0.0900978741737576,0.09723621578815513,-0.43905366353274533,0.0,0.5790951782629989,Biotechnology,Healthcare,SVRA
2007Q3,2007,Q3,2007-11-07,2007-09-30,-5914124.0,0.0,-6446415.0,-122.49755,0.0,0.0,39876980.0,35899942.0,39446157.0,3957417.0,3977038.0,0.0,-93817691.0,49504262.5,30224349.5,697.9943227110999,9.967652385381678,0.0,0.0,,697.9943227110999,-0.16473909623586577,0.0,-2.092628701224391,1.378951043987759,0.0,0.0,0.0,0.0,9.772026046282209,-0.14830922502155378,-8.602912208670954,0.0,-0.16666666666666669,-0.439304921849643,0.0,4.033506025348161,0.0,-0.03342683023148695,-0.02339609737480715,-0.6427194977302841,0.0,0.44583376568552857,Biotechnology,Healthcare,SVRA
2007Q2,2007,Q2,2007-08-07,2007-06-30,-5722828.0,0.0,-6299042.0,-104.9979,0.0,0.0,44945445.0,40756648.0,44517494.0,4163825.0,4188797.0,0.0,-87903567.0,227859590.0,211107827.0,795.0655066130857,10.691490156286587,0.0,0.0,,795.0655066130857,-0.14041458954131852,0.0,-9.953976862488267,5.5907343018002855,0.0,0.0,0.0,0.0,10.521669378516147,-0.1273283199220744,-55.901812727363726,0.0,0.0,-0.2758980350709212,0.0,5.859965366884886,0.0,-0.11690783467159424,-0.09624855421112224,-1.126475814893084,0.0,0.38912127915441314,Biotechnology,Healthcare,SVRA
2007Q1,2007,Q1,2007-05-08,2007-03-31,-5123814.0,500000.0,-5745998.0,-104.9979,0.0,0.0,48629709.0,45816178.0,48183895.0,2783208.0,2813531.0,0.0,-82180739.0,224192500.0,203237927.0,894.0788775271251,17.312358616387996,0.0,0.0,,894.0788775271251,-0.11183416477908742,448.385,-10.938750899232486,4.893304282168626,0.0,0.0,0.0,0.010281780629203437,17.092365716108894,-0.10536386306568275,-48.86070332562477,0.0,0.16446805713065585,-0.1437052873317833,0.0,8.786875816121416,0.0,0.20433037638061222,-0.04279224507840363,-3.3275277815561664,0.0,6.699751325394102,Biotechnology,Healthcare,SVRA
