Quarters,Year,Quarter,FillingDate,Date,NetIncome,Revenue,OperatingIncome,EPSDiluted,GrossProfit,GrossProfitRatio,TotalAssets,CommonStockEquity,CurrentAssets,CurrentLiability,TotalLiability,Inventory,RetainedEarnings,MarketCap,EnterpriseValue,bookValuePerShare,currentRatio,debtToAssets,debtToEquity,roic,shareholdersEquityPerShare,roe,priceToSalesRatio,peRatio,pbRatio,payoutRatio,inventoryTurnover,dividendYield,assetTurnover,quickRatio,returnOnAssets,priceToFreeCashFlowsRatio,grossProfitMargin,epsdilutedGrowth,fiveYNetIncomeGrowthPerShare,fiveYRevenueGrowthPerShare,fiveYShareholdersEquityGrowthPerShare,grossProfitGrowth,netIncomeGrowth,operatingIncomeGrowth,threeYNetIncomeGrowthPerShare,threeYRevenueGrowthPerShare,threeYShareholdersEquityGrowthPerShare,Industry,Sector,Symbol
2023Q4,2023,Q4,2023-03-31,2023-03-31,61687000000.0,422427000000.0,121359000000.0,261.31,422427000000.0,1.0,15266191000000.0,3356585000000.0,2761226000000.0,875647000000.0,11838891000000.0,0.0,3031942000000.0,2580999103818.1924,7067658103818.192,14218.528138968244,3.1533551762296907,0.3745871514381027,1.7036717377930248,0.010067701820912966,14218.528138968244,0.018377904924201233,6.109929298596426,10.4600608872947,0.768936017952232,0.0,0.0,0.0,0.027670752973023852,3.1533551762296907,0.004040759086533111,85.24338145908555,1.0,-0.3141469816272966,0.17833580434801474,0.515359993696502,0.3563307077602054,0.061498311121904105,-0.3116212114448958,0.9662513569125581,0.14407968288260675,0.36847382466971984,0.21405083437457983,Credit Services,Financial Services,IX
2023Q3,2023,Q3,2022-12-31,2022-12-31,89612000000.0,398079000000.0,61721000000.0,381.0,397953530000.0,0.9996848113,14553890000000.0,3255412000000.0,4509984000000.0,698303000000.0,11195666000000.0,0.0,3014415000000.0,2473656930101.28,6727762930101.279,13859.941621054568,6.45849151442855,0.35765379565188415,1.5989539880052048,0.0055756227093877765,13859.941621054568,0.027527084129443522,6.213984988158832,6.901020315642101,0.759859867230716,0.5645002901397135,0.0,0.02044988510105516,0.027352068759623715,6.45849151442855,0.0061572541774054905,138.52589629284202,0.9996848113062985,0.5077166600712307,0.07966913003869569,0.3024133862675712,0.32931913415442227,-0.03496939671269285,0.4956771372300297,-0.42584582182159836,0.14503094493118185,0.26500065061792843,0.17761014415625181,Credit Services,Financial Services,IX
2023Q2,2023,Q2,2022-09-30,2022-09-30,59914000000.0,412374000000.0,107499000000.0,252.7,412374000000.0,1.0,14786006000000.0,3344812000000.0,4581342000000.0,710196000000.0,11334785000000.0,0.0,2975389000000.0,2417145997878.7803,6901565997878.78,14124.215629143548,6.450813578223476,0.36591253919415423,1.6175453209328357,0.009490843267827788,14124.215629143548,0.017912516458324115,5.861538307164808,10.085898111788481,0.722655263697565,0.0,0.0,0.0,0.027889478740912185,6.450813578223476,0.0040520746440925294,60.35019469386748,1.0,-0.02526518804243013,-0.1511522953194195,0.3510444557163357,0.3841876305712741,0.42944693831568365,-0.03148944424687207,0.028826552585489103,-0.2798927785476055,0.32452705587663183,0.22066836505404203,Credit Services,Financial Services,IX
2023Q1,2023,Q1,2022-06-30,2022-06-30,61862000000.0,400915000000.0,104487000000.0,259.25,288485000000.0,0.7195664917,14622486000000.0,3293726000000.0,4556587000000.0,854463000000.0,11219001000000.0,0.0,2915475000000.0,2710192202399.194,7161877202399.193,13816.058243716221,5.332690824529558,0.36294300435644117,1.6112843023372314,0.009186603871198469,13816.058243716221,0.01878176873243251,6.760016967185548,10.952572671426699,0.8228347477595871,0.9004558533510071,0.0,0.020553523824136208,0.027417704486090804,5.332690824529558,0.004230607572474339,-10.620999096296215,0.7195664916503498,-0.9004033807145602,-0.2566325056300479,0.29592959207605196,0.4060436092202922,-0.2777709626299016,-0.39281928467669114,-0.4899863816743219,-0.04020490212246742,0.35354323530032705,0.22504932167805125,Credit Services,Financial Services,IX
2022Q4,2022,Q4,2022-03-31,2022-03-31,101884000000.0,399437000000.0,204871000000.0,2603.0,399437000000.0,1.0,14270672000000.0,3261419000000.0,4649021000000.0,731061000000.0,10899271000000.0,0.0,2909317000000.0,478218698543.69995,4390076698543.7,83324.87672772795,6.359279184637123,0.34102703782975324,1.492198641143625,0.01364607028054268,83324.87672772795,0.031239163075949455,1.19723185018839,1.173439152721968,0.14662902820634208,0.0,0.0,0.0,0.02799006241612168,6.359279184637123,0.007139397499991591,5.328520157149542,1.0,8.904116886081729,11.132414167472172,7.40874907280206,7.691565445632951,0.009936613005585236,0.6169753527273881,0.7880795279988828,6.612100650848443,6.263569539403187,6.362785753223847,Credit Services,Financial Services,IX
2022Q3,2022,Q3,2022-02-17,2021-12-31,63009000000.0,395507000000.0,114576000000.0,262.82,395507000000.0,1.0,13994355000000.0,3147960000000.0,2256885000000.0,892380000000.0,10846395000000.0,0.0,2856748000000.0,2804319588308.261,6924908588308.262,13146.188475640822,2.5290627311235125,0.35847511371549456,1.5936123711864192,0.009220264122356079,13146.188475640822,0.02001581976899325,7.090442364631375,11.126662811297836,0.890837109845189,0.745242743100192,0.0,0.0167445251945508,0.028261895600047306,2.5290627311235125,0.004502458312655353,-48.85999805398138,1.0,-0.2204656681002521,-0.08188756456318998,0.3036560216737577,0.41104635033338566,0.0,-0.22656077381975304,0.0,-0.17000720297375685,0.5640752764099091,0.19443717040141123,Credit Services,Financial Services,IX
2022Q2,2022,Q2,2021-09-30,2021-09-30,81466000000.0,393306000000.0,0.0,337.15,0.0,0.0,13834678000000.0,3117654000000.0,0.0,724258000000.0,10626179000000.0,0.0,2839047000000.0,2533183300530.176,6347760300530.176,12917.199764000849,0.0,0.35024089465616765,1.5542038981875475,0.0,12917.199764000849,0.026130545596143768,6.440744103904278,7.773743956160163,0.8125286835967608,0.0,0.0,0.0,0.028428995600764975,1.8214558900281392,0.005888536039653398,21.432056080833327,0.0,0.25778772617049045,0.35170642606866526,0.43169810277963006,0.43008436934606603,0.0,0.24917198233562315,0.0,0.15062768348410624,0.21407736967574087,0.17942524234016438,Credit Services,Financial Services,IX
2022Q1,2022,Q1,2021-08-03,2021-06-30,65216000000.0,386924000000.0,0.0,268.05,0.0,0.0,13581966000000.0,3047532000000.0,0.0,666863000000.0,10466715000000.0,0.0,2757581000000.0,2296414084772.808,6069250084772.809,12535.32064581623,0.0,0.35160513581023545,1.5670020856220706,0.0,12535.32064581623,0.021399611226395655,5.935052063900942,8.803108457942866,0.7535323943350908,0.8040664867517173,0.0,0.02283473191865041,0.028488070136532515,6.562845741929002,0.004801661261705411,64.64037844882081,0.0,0.31465462824356255,-0.08483395091522247,0.5313651055056948,0.4108774839160977,0.0,0.2947646369790943,0.0,-0.14099153006546158,0.26169582742903297,0.18323558388541036,Credit Services,Financial Services,IX
2021Q4,2021,Q4,2021-06-29,2021-03-31,50369000000.0,381613000000.0,0.0,203.8938548888135,0.0,0.0,13563082000000.0,3028456000000.0,0.0,567981000000.0,10459938000000.0,0.0,2744588000000.0,2316872558646.826,6089732558646.826,12259.198479246294,0.0,0.34830593813412025,1.5599044529621695,0.0,12259.198479246294,0.01663190748024736,6.07126213899114,11.499496508997728,0.7650342480283109,0.0,0.0,0.0,0.028136156664097436,7.688568807759414,0.003713683954723565,20.296381654695722,0.0,0.04641444643989486,0.19160747487054153,0.7264525972855721,0.3893914981005297,0.0,0.04558570153405435,0.0,-0.08056174641238784,0.3081909045230367,0.16942676396711215,Credit Services,Financial Services,IX
2021Q3,2021,Q3,2021-02-08,2020-12-31,48173000000.0,367093000000.0,0.0,194.85,0.0,0.0,13324491000000.0,2938261000000.0,0.0,584072000000.0,10322277000000.0,0.0,2758457000000.0,1969946021797.8171,5679833021797.817,11894.088863377476,0.0,0.3533301947519046,1.6022895855745967,0.0,11894.088863377476,0.016395071778851505,5.3663404690305105,10.223289092426343,0.6704462339451183,0.9065451601519523,0.0,0.022168627727243442,0.027550245634148426,3.9827076113903765,0.003615372624740412,41.56968962834871,0.0,0.109624145785877,-0.05555684173821498,0.28669285896734953,0.3699405388798628,0.0,0.09999086632872083,0.0,-0.4481594952369209,0.1419341316365034,0.14077247521751687,Credit Services,Financial Services,IX
2021Q2,2021,Q2,2020-11-02,2020-09-30,43794000000.0,350158000000.0,0.0,175.6,0.0,0.0,13168070000000.0,2979684000000.0,0.0,558587000000.0,10127385000000.0,0.0,2753954000000.0,1647182828878.788,5089611828878.788,11957.698966311831,0.0,0.3512273248851198,1.5521733177075152,0.0,11957.698966311831,0.014697531684567893,4.704113082890546,9.403016559795795,0.5528045352724611,0.0,0.0,0.0,0.026591444304290605,2.5721633335541285,0.003325772113908872,10.299913888513077,0.0,-0.1230961298377029,-0.42329117520185455,0.5566064331810864,0.39192398128791395,0.0,-0.12496003836317135,0.0,-0.4103410998363603,0.09025276735397926,0.17186677362184927,Credit Services,Financial Services,IX
2021Q1,2021,Q1,2020-08-04,2020-06-30,50048000000.0,322887000000.0,0.0,200.25,0.0,0.0,13092507000000.0,2935174000000.0,0.0,567931000000.0,10086955000000.0,0.0,2710160000000.0,1653339456186.8801,5313457456186.88,11752.429625738338,0.0,0.36015348320990015,1.6064846581497383,0.0,11752.429625738338,0.01705111860489361,5.120489385410004,8.258768862826088,0.5632849896417997,1.0288722826086956,0.0,0.031144844337507693,0.02466196886509207,2.371560981879841,0.0038226445095656623,81.6060935926397,0.0,-0.1236204773482177,-0.3564766705625824,0.04074558747847932,0.4068159369524349,0.0,-0.14273479385416488,0.0,-0.42593184368249903,-0.0037306223721442727,0.19603060993146956,Credit Services,Financial Services,IX
2020Q4,2020,Q4,2020-06-29,2020-03-31,58381000000.0,334233000000.0,0.0,228.49689526527956,0.0,0.0,13067528000000.0,2993608000000.0,0.0,619559000000.0,10001693000000.0,0.0,2754461000000.0,1622924447339.52,5256444447339.52,11711.641503292522,0.0,0.35325625474075895,1.542014184889939,0.0,11711.641503292522,0.019501885350386557,4.855667894371651,6.949711581419983,0.5421299139164246,0.0,0.0,0.0,0.0255773701039707,2.1318292527426768,0.004467639173989143,18.517656458541794,0.0,-0.31361701632538425,0.2392384078625666,0.08209556916860669,0.42383371803672076,0.0,-0.3145275863283589,0.0,0.06455358403073386,0.07742533880697108,0.22163395373838712,Credit Services,Financial Services,IX
2020Q3,2020,Q3,2020-02-03,2019-12-31,85169000000.0,342461000000.0,0.0,332.9,0.0,0.0,12842958000000.0,3008410000000.0,0.0,611032000000.0,9763251000000.0,0.0,2696080000000.0,2321215575158.9243,5922214575158.924,11769.550126442826,0.0,0.3506443764746408,1.4969073364335312,0.0,11769.550126442826,0.028310303449330377,6.778043558708654,6.813557676968511,0.7715755416179724,0.526740950345783,0.0,0.019326942521023054,0.026665274464029238,1.9290593618664815,0.006631571947833202,-20.651384120631,0.0,-0.05170203674690225,0.9246806241837222,-0.08187851451904525,0.4619892753982722,0.0,-0.05304647542806315,0.0,0.16259117208235815,0.057479973035118946,0.26328485110004074,Credit Services,Financial Services,IX
2020Q2,2020,Q2,2019-10-28,2019-09-30,89940000000.0,336552000000.0,0.0,351.05,0.0,0.0,12511073000000.0,2962073000000.0,0.0,507690000000.0,9483357000000.0,0.0,2655773000000.0,2075271278520.96,5439321278520.96,11570.886928423211,0.0,0.3473415109958994,1.467085720034584,0.0,11570.886928423211,0.030363870167953323,6.166272310136205,5.768488099068713,0.700614494822025,0.0,0.0,0.0,0.026900330611131434,2.44483444621718,0.00718883184519825,17.359604491333545,0.0,0.29970381340244345,0.2521448375779604,-0.12050298615876219,0.4882971199315797,0.0,0.29952319029042046,0.0,0.4069844581858111,0.15505718187408973,0.28103186744272607,Credit Services,Financial Services,IX
2020Q1,2020,Q1,2019-07-29,2019-06-30,69210000000.0,318056000000.0,0.0,270.1,0.0,0.0,12404945000000.0,2887070000000.0,0.0,558559000000.0,9458982000000.0,0.0,2565833000000.0,2084040827626.266,5507154827626.266,11277.960812868518,0.0,0.3586467332180836,1.541006279723041,0.0,11277.960812868518,0.023972401084836874,6.552433620577087,7.527961377063524,0.7218532379285109,0.8519289120069354,0.0,0.028292152062662824,0.025639452653760254,2.408050000089516,0.005579226671299228,-46.07346025305122,0.0,-0.2098602728893358,0.03235710349901992,-0.13431871374532905,0.5201564903505643,0.0,-0.20937192990472708,0.0,-0.07763952155806692,0.19548123943193718,0.2693589119058545,Credit Services,Financial Services,IX
2019Q4,2019,Q4,2019-06-25,2019-03-31,87538000000.0,359661000000.0,0.0,341.8382733237393,0.0,0.0,12174917000000.0,2897074000000.0,0.0,603029000000.0,9221716000000.0,0.0,2555585000000.0,2077253330030.9282,5411992330030.928,11317.03128686633,0.0,0.3692650225048762,1.5518316066486393,0.0,11317.03128686633,0.030216004147633094,5.775586816560395,5.932433143408942,0.7170176978672026,0.0,0.0,0.0,0.02954114594785328,2.390634612929063,0.007190028482329695,-47.20279341993156,0.0,0.07920528279002152,0.2824787596380987,0.09750437593119461,0.5178496213431949,0.0,0.07862538043545227,0.0,0.998474586486689,0.5702072016511955,0.28261134529542975,Credit Services,Financial Services,IX
2019Q3,2019,Q3,2019-01-28,2018-12-31,81157000000.0,270330000000.0,0.0,316.75,0.0,0.0,12121792000000.0,2817498000000.0,0.0,882454000000.0,9238442000000.0,0.0,2470128000000.0,2020832585385.1123,5424236585385.112,11006.178308418532,0.0,0.38107492687549827,1.639508173563921,0.0,11006.178308418532,0.028804634466466347,7.4754284962272495,6.225071729441429,0.7172436627763754,0.4738223443449117,0.0,0.019028790548066,0.022301158112595892,1.6745439422338162,0.0066951322048753184,-14.61437972609409,0.0,0.08068918457864202,1.1601095949185558,-0.14237307322580312,0.5373700469583299,0.0,0.08060929656604929,0.0,0.5354307584968021,-0.08562329821375907,0.26767254020340375,Credit Services,Financial Services,IX
2019Q2,2019,Q2,2018-10-26,2018-09-30,75103000000.0,343637000000.0,0.0,293.1,0.0,0.0,11778544000000.0,2803969000000.0,0.0,553931000000.0,8848645000000.0,0.0,2427424000000.0,2377416445392.8,5422016445392.8,10952.114046983683,0.0,0.35534960857640807,1.49270587513628,0.0,10952.114046983683,0.02678453292457941,6.918394833480678,7.913853126349145,0.8478754384919376,0.0,0.0,0.0,0.029174828399842968,2.557035081986746,0.006376254993826062,-14.42685853834736,0.0,-0.060727447524435145,1.0814322572882082,0.15473469466727263,0.5634117189837231,0.0,-0.06059014096839156,0.0,-0.03739832948384554,0.4868324452247763,0.2748698751109931,Credit Services,Financial Services,IX
2019Q1,2019,Q1,2018-07-30,2018-06-30,79947000000.0,322936000000.0,0.0,312.05,0.0,0.0,11371902000000.0,2712205000000.0,0.0,503990000000.0,8536952000000.0,0.0,2352321000000.0,2234845986747.6885,5006794986747.688,10594.103842494145,0.0,0.35181405889709566,1.4751078919181995,0.0,10594.103842494145,0.02947675415390798,6.920399047327298,6.988523605475153,0.8239959688694949,0.6252142044104219,0.0,0.02236574703420184,0.028397712185701213,3.043623881426219,0.007030222384962516,-17.80172204098811,0.0,0.4031019972587334,0.7057386106849844,0.24082146853084158,0.5408865976953875,0.0,0.40890666854645424,0.0,0.002830758671314054,0.015449630110533161,0.26815940175548697,Credit Services,Financial Services,IX
2018Q4,2018,Q4,2018-05-09,2018-03-31,56744000000.0,302156000000.0,0.0,222.40008253830294,0.0,0.0,11425982000000.0,2682424000000.0,0.0,569055000000.0,8627108000000.0,0.0,2315283000000.0,2448323158156.789,5260340158156.789,10483.083555962688,0.0,0.36174203670196575,1.5408667682663144,0.0,10483.083555962688,0.02115400100804347,8.102844749588918,10.786705017961323,0.9127278752936856,0.0,0.0,0.0,0.026444641694691975,2.839820404003128,0.004966225222479783,-67.54740269703662,0.0,-0.3699714375685469,1.1909018588317806,0.6822838836820387,0.3717463296216926,0.0,-0.3724466661505624,0.0,0.20321174952994658,-0.022793614482275414,0.2744727399468071,Credit Services,Financial Services,IX
2018Q3,2018,Q3,2018-01-30,2017-12-31,90421000000.0,332977000000.0,0.0,353.0,0.0,0.0,11551918000000.0,2667906000000.0,0.0,568601000000.0,8745522000000.0,0.0,2261107000000.0,2445064879400.4243,5461766879400.424,10426.346288824658,0.0,0.36786756969708406,1.5928507226266593,0.0,10426.346288824658,0.03389212363554038,7.343044352614218,6.760224061336482,0.9164733987630839,0.3825991749704162,0.0,0.014148908804613537,0.02882439089335641,2.7101640693561917,0.007827358192812656,-22.99679162732477,0.0,0.1855583543240974,1.508234479574316,0.2278104856415108,0.5156443474024107,0.0,0.18572477641690052,0.0,1.0411983750251697,-0.10825219647957407,0.2951392612367642,Credit Services,Financial Services,IX
2018Q2,2018,Q2,2017-10-30,2017-09-30,76258000000.0,329768000000.0,0.0,297.75,0.0,0.0,11426036000000.0,2610740000000.0,0.0,547575000000.0,8678194000000.0,0.0,2205281000000.0,2329070155170.456,5346325155170.456,10203.97474821696,0.0,0.3678630104088592,1.609971119299509,0.0,10203.97474821696,0.029209342944912172,7.062753678860459,7.635494489661595,0.8921111084100507,0.0,0.0,0.0,0.028861102835664093,2.670390357485276,0.006674055639243566,-14.652571232820117,0.0,-0.14635894495412846,1.55693784242258,0.18480455424115258,0.5496649035098644,0.0,-0.14996878901373284,0.0,0.06223829654286981,-0.1377651671885405,0.3124790107766934,Credit Services,Financial Services,IX
2018Q1,2018,Q1,2017-07-31,2017-06-30,89712000000.0,333504000000.0,0.0,348.8,0.0,0.0,11317946000000.0,2525334000000.0,0.0,585134000000.0,8659163000000.0,0.0,2129022000000.0,2243319177946.351,5308431177946.352,9826.194687786236,0.0,0.37615809441041687,1.6858510597014098,0.0,9826.194687786236,0.03552480582766478,6.726513558896898,6.2514467906923015,0.8883257335252885,0.4253834492598538,0.0,0.017011400060750807,0.02946683081894895,2.491205433285367,0.007926526597670637,-11.04468536207112,0.0,0.6197313696319836,1.1587494831415053,0.26145141295236285,0.5208772095884351,0.0,0.5985459988239696,0.0,0.3329225379127088,-0.09583278590081601,0.3244729147349475,Credit Services,Financial Services,IX
2017Q4,2017,Q4,2017-05-15,2017-03-31,56121000000.0,317456000000.0,0.0,215.34435063713698,0.0,0.0,11231895000000.0,2507698000000.0,0.0,535267000000.0,8584270000000.0,0.0,2077474000000.0,2173257860253.0857,5271838860253.086,9586.866399262319,0.0,0.3684552784725997,1.6502987999352394,0.0,9586.866399262319,0.022379489077233382,6.845855363430163,9.681125872013531,0.8666346028321934,0.0,0.0,0.0,0.02826379698172036,2.4722185376643804,0.0049965744872080805,-13.838528439501577,0.0,-0.2478367075196054,1.6543608764802211,0.11222740761723828,0.47649348660065766,0.0,-0.25140059758830435,0.0,-0.19534914764828765,-0.051963700503304906,0.2857984718019965,Credit Services,Financial Services,IX
2017Q3,2017,Q3,2017-01-26,2016-12-31,74968000000.0,331406000000.0,0.0,286.3,0.0,0.0,11142540000000.0,2437009000000.0,0.0,504499000000.0,8565232000000.0,0.0,2020060000000.0,2367020657028.6216,5598526657028.621,9316.624129699774,0.0,0.37449558179732806,1.7122759907739364,0.0,9316.624129699774,0.030762299195448192,7.142359091352063,7.893436723097261,0.9712810486250243,0.4022783054103084,0.0,0.0127409112000983,0.029742410617327828,2.4020781012449977,0.006728088927659223,-18.175694210463192,0.0,0.14772499498897584,1.6296339959696602,0.33090163279589896,0.4756262093154835,0.0,0.14663281381441093,0.0,0.9527841420824253,0.028947092062463403,0.3013689651760444,Credit Services,Financial Services,IX
2017Q2,2017,Q2,2016-10-26,2016-09-30,65381000000.0,298014000000.0,0.0,249.45,0.0,0.0,10782692000000.0,2364960000000.0,0.0,417014000000.0,8258296000000.0,0.0,1975249000000.0,1965002072910.5972,5017086072910.598,9032.473916142088,0.0,0.3722552772535838,1.697243928015696,0.0,9032.473916142088,0.02764571070969488,6.593656918502477,7.513658681079354,0.8308817370740296,0.0,0.0,0.0,0.027638181634048343,2.9359134225709447,0.006063513638338181,-61.602673299598635,0.0,-0.1483441447593035,1.4763381770030226,0.16609435220968383,0.45995823153804355,0.0,-0.14834112727793772,0.0,0.7718000967844509,-0.020787093275382217,0.289383539226432,Credit Services,Financial Services,IX
2017Q1,2017,Q1,2016-07-26,2016-06-30,76769000000.0,272194000000.0,0.0,292.9,0.0,0.0,10762882000000.0,2326969000000.0,0.0,440198000000.0,8276498000000.0,0.0,1909869000000.0,1715080765216.896,5009137765216.896,8884.769080744421,0.0,0.3843048729884802,1.7775174486639056,0.0,8884.769080744421,0.032990985268819654,6.300949929891533,5.585199641837512,0.7370449564291127,0.4056455079524287,0.0,0.0181571624098191,0.02529006635954942,2.546538148742157,0.0071327549628435955,-19.76491535732934,0.0,0.711438216182443,1.6643392819087084,0.04232802798980063,0.43842743695309394,0.0,0.7134025220399509,0.0,0.6010689158957634,0.022316143812580826,0.29226802037031413,Credit Services,Financial Services,IX
2016Q4,2016,Q4,2016-05-10,2016-03-31,44805000000.0,234296000000.0,0.0,171.1426081470511,0.0,0.0,10996906000000.0,2310431000000.0,0.0,615840000000.0,8524087000000.0,0.0,1864241000000.0,2086187066623.1982,5646297066623.198,8823.429894314264,0.0,0.3901579226011389,1.8570258103358204,0.0,8823.429894314264,0.01939248564445335,8.904066081466173,11.640369750157337,0.902942813104221,0.0,0.0,0.0,0.021305629056027214,1.664487529228371,0.004074327815478281,-12.496777645731937,0.0,-0.17021765746884313,1.2324344396003137,0.9594498512909154,0.4376935288907982,0.0,-0.17129064476750638,0.0,0.6904887065138573,0.274722792226486,0.15457513121847996,Credit Services,Financial Services,IX
2016Q3,2016,Q3,2016-01-27,2015-12-31,54066000000.0,302411000000.0,0.0,206.25,0.0,0.0,11064619000000.0,2273448000000.0,0.0,523260000000.0,8622861000000.0,0.0,1813704000000.0,2215373008356.989,5748540008356.988,8682.19351556873,0.0,0.39249132753689936,1.9102117136613637,0.0,8682.19351556873,0.023781498411223834,7.325702465707229,10.243836275834113,0.9744551044743441,0.5335330891872896,0.0,0.013020832108717156,0.02733135230413266,2.0672610174674158,0.004886386056311564,-20.330118457896567,0.0,-0.32254885859747084,1.6507542229847687,0.03682162854608946,0.4404200366701308,0.0,-0.32237930515867047,0.0,0.46556769368727413,0.08967628984937932,0.2621024815788093,Credit Services,Financial Services,IX
2016Q2,2016,Q2,2015-10-29,2015-09-30,79788000000.0,236355000000.0,0.0,304.45,0.0,0.0,11080559000000.0,2249232000000.0,0.0,578496000000.0,8660292000000.0,0.0,1788470000000.0,2039993595360.0,5462119595360.0,8590.770133328444,0.0,0.3944969743854981,1.9434398052312967,0.0,8590.770133328444,0.035473441601399945,8.631057499777876,6.391918569709731,0.9069734004140081,0.0,0.0,0.0,0.021330602544510614,2.0935978814028102,0.007200719747081352,-25.7780001182759,0.0,-0.021375763420122255,2.7216426698813896,-0.10485104657794214,0.44303189454770187,0.0,-0.02112624217887376,0.0,1.6143542306248007,-0.17015861138694047,0.30466953302350397,Credit Services,Financial Services,IX
2016Q1,2016,Q1,2015-07-30,2015-06-30,81510000000.0,325158000000.0,0.0,311.1,0.0,0.0,11252045000000.0,2186679000000.0,0.0,522337000000.0,8899656000000.0,0.0,1706168000000.0,2405183346755.28,5933217346755.279,8353.921303448877,0.0,0.39240564715125115,2.0192108672557794,0.0,8353.921303448877,0.037275704390081946,7.3969680793807315,7.376957878650717,1.0999252047306807,0.5789228315544105,0.0,0.019619294330995234,0.02889768037721143,2.342129697877041,0.007244016532105942,-11.081802564310008,0.0,0.6328961881644937,3.0693794995212187,0.32525801622122,0.4176267372403625,0.0,0.6902372262773723,0.0,0.9257566572167616,0.20754335085356962,0.29300191221563426,Credit Services,Financial Services,IX
2015Q4,2015,Q4,2015-05-12,2015-03-31,48224000000.0,316177000000.0,0.0,190.52037861004587,0.0,0.0,11443628000000.0,2152198000000.0,0.0,620721000000.0,9125557000000.0,0.0,1672585000000.0,2201924861899.68,5792136861899.68,8225.427839594453,0.0,0.38604278293562144,2.0526596530616605,0.0,8225.427839594453,0.022406860335340895,6.96421580918182,11.415088243922527,1.0231051519886554,0.0,0.0,0.0,0.027629087558595927,1.894445330510809,0.004214048202196017,-9.44100185181872,0.0,0.10191080746122534,2.8366142203501346,0.10979714309098722,0.36116768744917455,0.0,0.06461796586970439,0.0,1.280198359282417,0.10742713086156484,0.26681546648020826,Credit Services,Financial Services,IX
2015Q3,2015,Q3,2015-01-29,2014-12-31,45297000000.0,381819000000.0,0.0,172.9,0.0,0.0,11379485000000.0,2106393000000.0,0.0,586631000000.0,9076841000000.0,0.0,1623764000000.0,1970300269565.0042,5480006269565.004,8050.366938045143,0.0,0.3773381660066339,2.038515129892665,0.0,8050.366938045143,0.02150453405418647,5.160299172029166,10.874341951812504,0.9353906272784822,0.0,0.0,0.0,0.033553275917143875,1.752496884753789,0.003980584358606739,-10.426579330816187,0.0,-0.38294075660242677,4.108483879994363,0.23368599995006467,0.3552683141363832,0.0,-0.38372267043985797,0.0,0.5884138028451183,0.5329145924780754,0.27506833838203354,Credit Services,Financial Services,IX
2015Q2,2015,Q2,2014-10-30,2014-09-30,73501000000.0,391573000000.0,0.0,280.2,0.0,0.0,11215063000000.0,2036578000000.0,0.0,794122000000.0,8990038000000.0,0.0,1579309000000.0,1963861496359.2002,5323902496359.2,7774.581280487293,0.0,0.3745180923192317,2.0624027167140175,0.0,7774.581280487293,0.03609044190794558,5.0153138657650045,6.67971012761459,0.9642947612903606,0.0,0.0,0.0,0.03491491755329417,1.4344810998813784,0.006553775043439345,-12.588210196651454,0.0,0.07130567769069003,3.4576216180281714,0.39726970945877715,0.2647599506266717,0.0,0.07136506085562276,0.0,1.7825609495742598,0.5314499481697456,0.25663954776821674,Credit Services,Financial Services,IX
2015Q1,2015,Q1,2014-07-30,2014-06-30,68605000000.0,375978000000.0,0.0,261.55,0.0,0.0,8980708000000.0,1943506000000.0,0.0,722684000000.0,6874006000000.0,0.0,1505807000000.0,2210208272313.2163,5478768272313.217,7418.947249481992,0.0,0.4587096028509111,2.1196420283755235,0.0,7418.947249481992,0.03529960802796595,5.878557448343297,8.054107835847299,1.1372273984815156,0.43899132716274325,0.0,0.013626317653982619,0.04186507344409817,1.5299646871938497,0.007639152726043426,-14.447977619597824,0.0,-0.03877209416905861,5.1192334328374045,0.18915048598713194,0.12539931855072634,0.0,-0.00017488377515775973,0.0,1.3804565750201048,0.43942536656535036,0.2011136339030719,Credit Services,Financial Services,IX
2014Q4,2014,Q4,2014-05-08,2014-03-31,68617000000.0,329437000000.0,0.0,272.0998822583089,0.0,0.0,9069392000000.0,1918740000000.0,0.0,752924000000.0,6974214000000.0,0.0,1467602000000.0,1883079967162.77,5216735967162.77,7455.963441787809,0.0,0.45961901304960684,2.1725012247620836,0.0,7455.963441787809,0.03576148931069348,5.716054866826647,6.860836116278655,0.9814148697388755,0.0,0.0,0.0,0.036324044654812586,1.4274574857488938,0.0075657772869449245,-28.569607463933274,0.0,0.8876162487569124,4.5011225216778845,-0.08932299782187318,0.13322623373457668,0.0,0.8167544811882761,0.0,2.4787815860575,1.8033986335233056,0.21487794659219442,Credit Services,Financial Services,IX
2014Q3,2014,Q3,2014-01-30,2013-12-31,37769000000.0,316870000000.0,0.0,144.15,0.0,0.0,8673628000000.0,1842343000000.0,0.0,678293000000.0,6720785000000.0,0.0,1401743000000.0,2414038488186.5996,5863151488186.6,7159.095059900599,0.0,0.47954800459507835,2.257680030265808,0.0,7159.095059900599,0.020500525689298898,7.618387629585002,15.978967461321451,1.3103089317171666,0.0,0.0,0.0,0.03653257898540265,1.368728558307398,0.004354463899074297,-21.35636866296224,0.0,0.06266126059712496,1.6209327046972903,-0.009137264568846873,0.10047950070207876,0.0,0.06689076579757634,0.0,0.8841866064390873,0.10542884260468376,0.18773026081663832,Credit Services,Financial Services,IX
2014Q2,2014,Q2,2013-10-30,2013-09-30,35401000000.0,291970000000.0,0.0,135.65,0.0,0.0,8429989000000.0,1759626000000.0,0.0,631637000000.0,6595543000000.0,0.0,1363969000000.0,2008470115593.7837,5419284115593.783,7005.265416651074,0.0,0.48873551317801245,2.3414265304104394,0.0,7005.265416651074,0.020118479722395555,6.879029063238633,14.183710316048867,1.141418753527047,0.0,0.0,0.0,0.03463468339045282,1.446997246836395,0.004199412359850055,-52.81972690581943,0.0,-0.2201782121299223,0.07084165056428414,-0.22300076140757358,-0.02071963831367877,0.0,-0.21343346590530363,0.0,0.7211511153187518,0.15259073222911704,0.17670724150581957,Credit Services,Financial Services,IX
2014Q1,2014,Q1,2013-07-30,2013-06-30,45007000000.0,249918000000.0,0.0,173.95,0.0,0.0,8218930000000.0,1690216000000.0,0.0,603705000000.0,6482974000000.0,0.0,1334055000000.0,1718798269373.1719,5191459269373.172,6875.329994004177,0.0,0.512127856059122,2.490298873043445,0.0,6875.329994004177,0.026627957610151604,6.877448880725566,9.547394124098316,1.016910424095602,0.3527895660675006,0.0,0.0092378496551492,0.030407607802962186,1.5652694610778444,0.005476016951111641,-10.039533590960275,0.0,0.6048829522543006,0.006921201854479177,-0.3059388183985809,-0.02273326717766921,0.0,1.0674812807202902,0.0,1.3924526919089693,0.08454986998752723,0.16671575812272538,Credit Services,Financial Services,IX
2013Q4,2013,Q4,2013-05-09,2013-03-31,21769000000.0,150964000000.0,0.0,108.3879667085135,0.0,0.0,8439710000000.0,1643596000000.0,0.0,733648000000.0,6752137000000.0,0.0,1305044000000.0,1221244136756.4001,4868852136756.4,7642.144418096434,0.0,0.5310917081274119,2.727105687772421,0.0,7642.144418096434,0.013244738974784558,8.08963817040089,14.025037171624788,0.7430318257992841,0.0,0.0,0.0,0.017887344470366873,1.4056850151571325,0.0025793540299370475,-13.447159558197717,0.0,-0.08308969876902539,-0.6303556912337396,-0.6001852252467527,0.09590801631486802,0.0,-0.28155115511551154,0.0,1.107013278449821,-0.35534016263403884,0.2646442528691386,Credit Services,Financial Services,IX
2013Q3,2013,Q3,2013-01-31,2012-12-31,30300000000.0,227942000000.0,0.0,118.21,0.0,0.0,8241801000000.0,1479499000000.0,0.0,609043000000.0,6718470000000.0,0.0,1282645000000.0,106130665163.51999,3895502665163.52,6879.150974101455,0.0,0.5432397603387901,3.026209547961844,0.0,6879.150974101455,0.020479905697807162,0.4656038166003632,0.8756655541544554,0.0717341918876052,0.0,0.0,0.0,0.027656819183088745,1.4217354111286067,0.003676380926935751,-1.0324697709330402,0.0,0.23045695846778394,-0.09846396604105281,-0.23535036675541682,0.003531335764347653,0.0,0.20876052180157179,0.0,3.1572783882854742,-0.10398486284748816,0.1580957011164573,Credit Services,Financial Services,IX
2013Q2,2013,Q2,2012-10-26,2012-09-30,25067000000.0,233937000000.0,0.0,96.07,0.0,0.0,8186534000000.0,1415999000000.0,0.0,356033000000.0,6693416000000.0,0.0,1252467000000.0,83803591355.328,3862208591355.328,6584.6330552532945,0.0,0.5504667787368867,3.1824987164538956,0.0,6584.6330552532945,0.017702696117723248,0.3582314527215789,0.8357959803260063,0.059183369024503545,0.0,0.0,0.0,0.02857582952687914,6.389837458887238,0.0030619795874542266,-1.2826753096399786,0.0,-0.2655198776758411,-0.5370254843551255,-0.2605212043531715,-0.04452804122477532,0.0,-0.27912460817300777,0.0,0.8518464999840082,0.016855151353923715,0.07118054045669817,Credit Services,Financial Services,IX
2013Q1,2013,Q1,2012-07-25,2012-06-30,34773000000.0,221220000000.0,0.0,130.8,0.0,0.0,8177457000000.0,1389372000000.0,0.0,474908000000.0,6711659000000.0,0.0,1227373000000.0,79394682117.7793,4026801682117.7793,6460.8731236398135,0.0,0.5597320780775735,3.294427266419649,0.0,6460.8731236398135,0.02502785431115641,0.3588946845573605,0.5708069631451076,0.057144294053557504,0.2782618698415437,0.0,0.1218721423387776,0.02705241984152286,4.500105283549656,0.004252299950950522,-0.9218754817851131,0.0,0.6182323130034524,-0.3522439467601079,-0.31959962426718663,-0.05109185250220636,0.0,1.0007479861910242,0.0,2.778328250255464,-0.14765573131092996,-0.019933426390835837,Credit Services,Financial Services,IX
2012Q4,2012,Q4,2012-06-27,2012-03-31,17380000000.0,234625000000.0,0.0,80.82893843420673,0.0,0.0,8354874000000.0,1396137000000.0,0.0,748438000000.0,6881369000000.0,0.0,1217851000000.0,85356689766.39346,3999847689766.3936,6492.996065518877,0.0,0.5655923715905231,3.384662823204313,0.0,6492.996065518877,0.012448635055155761,0.36380048914818736,1.227800485707616,0.0611377606684684,0.062082853855005754,0.0,0.012641071285133443,0.028082410339162506,3.085182740587731,0.0020802228734987504,-2.0428080070456027,0.0,-0.11152582100349834,-0.6778996781828266,-0.29063980787817933,-0.018156163393928112,0.0,-0.258374226584169,0.0,0.6676266460907864,-0.22376049244165916,-0.013134448092592212,Credit Services,Financial Services,IX
2012Q3,2012,Q3,2012-01-31,2011-12-31,23435000000.0,204691000000.0,0.0,90.975,0.0,0.0,8194598000000.0,1357579000000.0,0.0,467121000000.0,6764117000000.0,0.0,1201783000000.0,68496807482.73527,4038226807482.7354,6313.674879779744,0.0,0.566183234369764,3.4175867481745077,0.0,6313.674879779744,0.01726234716359048,0.3346351695127547,0.7307105556084411,0.05045511714805199,0.0,0.0,0.0,0.024978772601169697,4.508776098698196,0.0028598108168332356,-0.6443241099704187,0.0,0.07886154758375323,-0.670636263995083,-0.3972076669385986,0.0006308353009184885,0.0,0.08085047504842727,0.0,1.46110886187646,-0.23394388801437746,-0.02947653004180947,Credit Services,Financial Services,IX
2012Q2,2012,Q2,2011-10-25,2011-09-30,21682000000.0,209875000000.0,0.0,84.325,0.0,0.0,8255173000000.0,1330274000000.0,0.0,393742000000.0,6853677000000.0,0.0,1178318000000.0,63927182437.44529,4019060182437.4453,6186.802965333135,0.0,0.565342725100976,3.508301297326716,0.0,6186.802965333135,0.0162988978210504,0.304596461881812,0.7370996960317924,0.04805565051819797,0.0,0.0,0.0,0.02542345266416585,5.539116985233986,0.002626474333124212,-2.3801914676239964,0.0,-0.08177710023411544,-0.5897402933218236,-0.350830527985362,0.07592937906241928,0.0,-0.0833298101720712,0.0,-0.2338213909027402,-0.3475247680403042,-0.13513417619088458,Credit Services,Financial Services,IX
2012Q1,2012,Q1,2011-07-26,2011-06-30,23653000000.0,214370000000.0,0.0,91.835,0.0,0.0,8420141000000.0,1327983000000.0,0.0,738783000000.0,7016711000000.0,0.0,1156559000000.0,84821419977.54068,4277174419977.5405,6176.723866978176,0.0,0.5805997785547772,3.681321221732507,0.0,6176.723866978176,0.017811221981004276,0.3956776600155837,0.8965186231930483,0.06387236883118284,0.36354796431742276,0.0,0.10137769448185227,0.025459193616828982,2.973981534496598,0.0028090978523993837,-0.8917681565408625,0.0,0.1981633361655641,-0.5773379036523089,-0.31673317897366704,0.13370065465753012,0.0,0.43551617406081206,0.0,-0.39491556199603817,-0.3192642510888048,-0.122033886621936,Credit Services,Financial Services,IX
2011Q4,2011,Q4,2011-05-10,2011-03-31,16477000000.0,98166000000.0,0.0,76.6464781787565,0.0,0.0,8581582000000.0,1319341000000.0,0.0,782987000000.0,7206652000000.0,0.0,1141559000000.0,84117274058.196,4356743274058.1963,6137.211941909254,0.0,0.5837969036478355,3.7972753063840203,0.0,6137.211941909254,0.012488810701706382,0.8568880677443922,1.2762832138465134,0.0637570378379782,0.3617770225162347,0.0,0.07086534920135334,0.011439149564730605,2.7964487277566548,0.0019200422486203592,-2.172113671905077,0.0,0.1628960427667501,-0.6674692601963014,-0.7218632404028313,0.12928575360875932,0.0,-0.016004777545535982,0.0,-0.7200905351073331,-0.7398999491050532,-0.11990412677427383,Credit Services,Financial Services,IX
2011Q3,2011,Q3,2011-01-31,2010-12-31,16745000000.0,239455000000.0,0.0,65.91,0.0,0.0,8529358000000.0,1295765000000.0,0.0,789015000000.0,7190348000000.0,0.0,1124573000000.0,85212236515.91254,4539428236515.912,6027.542865648869,0.0,0.5937791566493047,3.908544373401041,0.0,6027.542865648869,0.012922867958310342,0.35585908214868156,1.2722041880548305,0.06576210695296797,0.35598686174977606,0.0,0.06995474175691707,0.028074211447098363,2.5932574158919666,0.001963219271602857,-0.6680483286757964,0.0,-0.04415923428322822,-0.6752026685809114,-0.07211346192091471,0.1785986296578407,0.0,-0.04874169175708686,0.0,-0.5015523979520684,-0.1963703761108344,-0.12070135310098162,Credit Services,Financial Services,IX
2011Q2,2011,Q2,2010-11-02,2010-09-30,17603000000.0,216797000000.0,0.0,68.955,0.0,0.0,8643758000000.0,1279800000000.0,0.0,861673000000.0,7341881000000.0,0.0,1108073000000.0,68742954853.056,4600219954853.056,5953.2780708364735,0.0,0.6112855079931668,4.128616971401781,0.0,5953.2780708364735,0.013754492889513987,0.3170844377600059,0.9762960127969096,0.05371382626430379,0.0,0.0,0.0,0.025081336150317952,2.4989932375738824,0.0020364984767042298,-1.6222526219010265,0.0,0.06683685309816652,-0.6899519323699614,-0.20955956770145745,0.2673234934375048,0.0,0.07009118541033435,0.0,-0.6747728110914473,-0.31447150970398957,-0.1361416480243172,Credit Services,Financial Services,IX
2011Q1,2011,Q1,2010-08-05,2010-06-30,16450000000.0,201501000000.0,0.0,64.635,0.0,0.0,8704169000000.0,1266795000000.0,0.0,922959000000.0,7414402000000.0,0.0,1090413000000.0,68195651314.77,4856194651314.77,5892.892031446248,0.0,0.620461068713165,4.263198070721782,0.0,5892.892031446248,0.012985526466397484,0.33843827730269327,1.0364080746925532,0.05383321793563284,0.4900303951367781,0.0,0.11820401806550569,0.02314994113740209,2.182804436600109,0.001889898966805447,-0.4840553314412566,0.0,0.3454773198372725,-0.6606644234253015,-0.23858314571726896,0.2929811966204338,0.0,0.5933746609841147,0.0,-0.6934617349092307,-0.38003548020246,-0.13451121017929046,Credit Services,Financial Services,IX
2010Q4,2010,Q4,2010-05-10,2010-03-31,10324000000.0,234002000000.0,0.0,48.03871388022893,0.0,0.0,7739800000000.0,1298684000000.0,0.0,884678000000.0,6423339000000.0,0.0,1104779000000.0,88871052969.48999,3859071052969.49,6042.920292215346,0.0,0.5697608465335021,3.3956181796341527,0.0,6042.920292215346,0.007949585888484035,0.37978757860825973,2.15204990724259,0.06843162229571627,0.0,0.0,0.0,0.03023359776738417,2.332350301465618,0.0013338845965012015,-36.58750636866611,0.0,0.6331366268988249,-0.6736920641983734,-0.39909474701766023,0.3941662377425305,0.0,0.417547713854181,0.0,-0.8085675068824537,-0.29215467241072957,-0.08621474830059696,Credit Services,Financial Services,IX
2010Q3,2010,Q3,2010-02-04,2009-12-31,7283000000.0,254206000000.0,0.0,29.415,0.0,0.0,7958356000000.0,1276577000000.0,0.0,1069781000000.0,6662714000000.0,0.0,1094495000000.0,68208259086.13024,4054415259086.1304,5940.053976083012,0.0,0.586523271891833,3.6564664724493703,0.0,5940.053976083012,0.005705100436558076,0.2683188401773768,2.341351746743452,0.05343058748992833,0.0,0.0,0.0,0.03194202420700959,2.044051072135325,0.0009151387547880491,-0.7729419126990792,0.0,-0.4480720517872221,-0.7694073286885893,-0.013448998737791871,0.576289402599284,0.0,-0.43795338786849825,0.0,-0.8975888117263819,-0.25100133776250366,-0.05858295129256971,Credit Services,Financial Services,IX
2010Q2,2010,Q2,2009-11-04,2009-09-30,12958000000.0,220232000000.0,0.0,53.295,0.0,0.0,7918537000000.0,1265438000000.0,0.0,1042127000000.0,6636045000000.0,0.0,1087035000000.0,55857214961.51999,4143480214961.52,6147.080540172933,0.0,0.5916109250989167,3.70203281393478,0.0,6147.080540172933,0.01023993273475271,0.2536289683675396,1.0776588779425835,0.044140617684564544,0.0,0.0,0.0,0.027812208239981703,2.021756465382818,0.0016364133930295457,-11.202810862719613,0.0,0.24529235910619254,-0.4525671145439651,-0.11558196479652114,0.6608563699304414,0.0,0.6980736469663216,0.0,-0.7439054417787353,-0.28849058450191156,0.06902136461991178,Credit Services,Financial Services,IX
2010Q1,2010,Q1,2009-08-05,2009-06-30,7631000000.0,215203000000.0,0.0,42.797179,0.0,0.0,8139440000000.0,1175444000000.0,0.0,1158954000000.0,6946474000000.0,0.0,1072850000000.0,50739113178.45581,4679941113178.456,6592.279848752716,0.0,0.6207377903148128,4.298340031511497,0.0,6592.279848752716,0.0064920149322298636,0.23577326142505362,1.6622694659433828,0.0431659127771768,0.8204691390381339,0.0,0.1233959288562904,0.02643953392370974,1.675138961511846,0.0009375337861081352,-0.6008753129776155,0.0,-0.11702767028159512,-0.6949878590291679,0.09420843835353312,0.8569542389457753,0.0,-0.11277758400186025,0.0,-0.8355792801001033,-0.17292924158262188,0.20997346508755688,Credit Services,Financial Services,IX
2009Q4,2009,Q4,2009-05-08,2009-03-31,8601000000.0,249446000000.0,0.0,48.46944525843608,0.0,0.0,8369736000000.0,1167530000000.0,0.0,1168477000000.0,7158743000000.0,0.0,1071919000000.0,28925313344.943447,4820288313344.943,6579.4130243671525,0.0,0.6275003178116968,4.498395758567232,0.0,6579.4130243671525,0.007366834256935582,0.11595821678817639,0.8407543699844043,0.02477479237787761,0.0,0.0,0.0,0.029803329519592973,0.5898532876556406,0.0010276309790416328,-0.716469665732276,0.0,1.2050661924963448,-0.012413972652533124,0.24255273156090326,0.9538011197124017,0.0,1.2050640154495387,0.0,-0.789715315398147,-0.14379279379804827,0.2106535452667292,Credit Services,Financial Services,IX
2009Q3,2009,Q3,2009-02-09,2008-12-31,-41943000000.0,220514000000.0,0.0,-236.36,0.0,0.0,8578045000000.0,1154402000000.0,0.0,1306297000000.0,7423643000000.0,0.0,1073233000000.0,45716480648.237175,5189634480648.237,6505.432454973739,0.0,0.6450587517318923,4.793254862690813,0.0,6505.432454973739,-0.03633309713600635,0.20731781496066995,-0.2724917188102733,0.03960187235316395,-0.012523061297475145,0.0,0.01148939622105959,0.025706789833814116,1.391304580811255,-0.004889575655058933,-0.30280637785986037,0.0,-2.8600594107823483,-3.731954121749759,0.2807311481584548,0.9752684761043383,0.0,-2.7910230190769147,0.0,-1.9855798817447519,0.03517117475501062,0.2720430111679184,Credit Services,Financial Services,IX
2009Q2,2009,Q2,2008-11-07,2008-09-30,23418459480.0,266186290560.0,0.0,127.07121,0.0,0.0,9103952614320.0,1272862150560.0,0.0,1311115833240.0,7785631101240.0,0.0,1140934629960.0,117601847241.12,6059532602361.12,7153.482997032641,0.0,0.6886072118630259,4.925158175158175,0.0,7153.482997032641,0.0183982683982684,0.4418027953044104,1.2554396174261075,0.09239166015689967,0.024919075078289478,0.0,0.004962220948821572,0.029238540866447844,0.43489856946577227,0.0025723397816421073,-0.9087699943670954,0.0,-0.28762248766754084,0.2664228455430868,0.4871464844585434,1.2076631995932023,0.0,-0.2746440381588055,0.0,-0.5016634092233326,0.17252922705162252,0.5228210330802503,Credit Services,Financial Services,IX
2009Q1,2009,Q1,2008-08-14,2008-06-30,32285471840.0,260089212290.0,0.0,178.376223,0.0,0.0,8986937212410.0,1249256596230.0,0.0,1385726436080.0,7693394294610.0,0.0,1087829237030.0,135920325046.17543,5760601771066.176,7035.2645425147475,0.0,0.652556693964855,4.694380685199354,0.0,7035.2645425147475,0.025843747343364788,0.5225911672746504,1.0524882965917917,0.1088009664758666,0.7269736842105263,0.0,0.17267975486393547,0.028940806655558312,0.36043838136112816,0.0035924888621027876,-0.5972122112252071,0.0,-0.3485781171437632,1.153546858507953,0.5520536846727615,1.2372883810866324,0.0,-0.3484179226132643,0.0,-0.19373600223987789,0.18980080172943567,0.5436333668053901,Credit Services,Financial Services,IX
2008Q4,2008,Q4,2008-05-09,2008-03-31,49549355270.0,317686023080.0,0.0,273.8259608625492,0.0,0.0,8951939504360.0,1261840680200.0,0.0,1323761111840.0,7649017958080.0,0.0,1078273023760.0,123513236545.22426,5568522787265.225,6973.344755515275,0.0,0.643947916550641,4.568391939944686,0.0,6973.344755515275,0.03926752089031279,0.3887902758445279,0.6231828641976609,0.09788338455346643,0.0028632235319093384,0.0,0.0011486289564443088,0.0354879546410331,0.45510695992768907,0.005535041344489339,-0.1289401352321025,0.0,0.7506937528417255,9.439352257138976,0.8484729681991836,1.3521849013611418,0.0,0.7522453527862036,0.0,0.8599911787965134,-0.03110263271529941,0.6088250965021802,Credit Services,Financial Services,IX
2008Q3,2008,Q3,2008-02-06,2007-12-31,28277635430.0,250810331640.0,0.0,156.409972,0.0,0.0,8924779403500.0,1240415802380.0,0.0,1946797841580.0,7641779494010.0,0.0,1013077025840.0,171303705761.784,6130731545651.784,6854.943865666033,0.0,0.6952661239824671,5.002432870787529,0.0,6854.943865666033,0.022796900342404038,0.6830009937854727,1.514480464480831,0.1381018408771491,0.007158665387744551,0.0,0.0011817031575574938,0.028102692548528492,0.2559421288322425,0.0031684408265497807,0.3016586445985428,0.0,0.01985578254680811,1.0966728771169372,0.5671272603756298,1.2631926949033405,0.0,-0.3858393741203014,0.0,0.06333844996771004,0.15603878204066002,0.8190702330936754,Credit Services,Financial Services,IX
2008Q2,2008,Q2,2007-11-07,2007-09-30,46042735790.0,269022767970.0,0.0,153.364794,0.0,0.0,8831019688480.0,1260262015040.0,0.0,1784414356390.0,7530111467780.0,0.0,998358074050.0,239041214141.5774,6022858495811.577,6891.497960540706,0.0,0.6838074682754317,4.791636297376093,0.0,6891.497960540706,0.03653425655976676,0.8885538422838397,1.2979312047824418,0.1896758065297956,6.625431672682107e-05,0.0,1.2761523199899983e-05,0.030463386727688786,0.27984042210925936,0.005213750780112336,-0.9477029858652718,0.0,-0.37181785009061363,2.7224987541079817,0.6634580407972157,1.3247864197659045,0.0,0.007665775530946763,0.0,1.1896705728950157,0.21616068011838788,0.8619876885173653,Credit Services,Financial Services,IX
2008Q1,2008,Q1,2007-08-10,2007-06-30,45692467590.0,276741171630.0,0.0,244.140643,0.0,0.0,8717901127650.0,1246258974510.0,0.0,1865016271470.0,7428043410480.0,0.0,958802857650.0,300362409861.1132,6027931696311.113,6808.7444930014535,0.0,0.678844387935297,4.748690582073327,0.0,6808.7444930014535,0.03666370194683269,1.0853549838355623,1.6433912726944129,0.24101123121637597,0.2587601078167116,0.0,0.03936374010804849,0.03174401356219538,0.22604503731096875,0.005241223423041605,-1.053019278358596,0.0,-0.02710859251279938,2.6739417152362823,0.0,0.0,0.0,0.010281962060769057,0.0,0.7791203696775022,0.3707257145138485,0.9179293413294576,Credit Services,Financial Services,IX
2007Q4,2007,Q4,2007-05-11,2007-03-31,45227440760.0,277236796970.0,0.0,250.94336440956997,0.0,0.0,8191222107360.0,1191870357120.0,0.0,1172076543360.0,6960235404000.0,0.0,922297464960.0,277831940825.59436,5089731629945.595,6613.06393485459,0.0,0.6137824892481625,4.218268090154211,0.0,6613.06393485459,0.03794661096302977,1.0021466986420953,1.5357487410127468,0.23310584004869386,0.000770462343534116,0.0,0.0001254212884827169,0.033845596339146564,0.3647969441093687,0.005521452130978369,-0.2975027315544493,0.0,-0.06735840779182746,3.739072594066192,0.0,0.0,0.0,-0.24165044582470008,0.0,4.113080189489492,0.3597020683907605,0.9637939847820058,Credit Services,Financial Services,IX
2007Q3,2007,Q3,2007-02-09,2006-12-31,59639305530.0,284625907230.0,0.0,269.06731,0.0,0.0,7797987998710.0,1137194183090.0,0.0,1112076631260.0,6623534129730.0,0.0,875781179210.0,,,,,,,,,,,,,,,,,,,,,,,,,,,,,,,Credit Services,Financial Services,IX
2007Q2,2007,Q2,2006-11-08,2006-09-30,44261366250.0,270761531140.0,0.0,122.137765,0.0,0.0,7642344542190.0,1035479909630.0,0.0,1269061893120.0,6570865388010.0,0.0,819720502950.0,,,,,,,,,,,,,,,,,,,,,,,,,,,,,,,Credit Services,Financial Services,IX
2007Q1,2007,Q1,2006-08-11,2006-06-30,46839211700.0,262597340900.0,0.0,260.123681,0.0,0.0,7178538647900.0,980416849300.0,0.0,1167315610900.0,6162734716900.0,0.0,769812178600.0,,,,,,,,,,,,,,,,,,,,,,,,,,,,,,,Credit Services,Financial Services,IX
