Quarters,Year,Quarter,FillingDate,Date,NetIncome,Revenue,OperatingIncome,EPSDiluted,GrossProfit,GrossProfitRatio,TotalAssets,CommonStockEquity,CurrentAssets,CurrentLiability,TotalLiability,Inventory,RetainedEarnings,MarketCap,EnterpriseValue,bookValuePerShare,currentRatio,debtToAssets,debtToEquity,roic,shareholdersEquityPerShare,roe,priceToSalesRatio,peRatio,pbRatio,payoutRatio,inventoryTurnover,dividendYield,assetTurnover,quickRatio,returnOnAssets,priceToFreeCashFlowsRatio,grossProfitMargin,epsdilutedGrowth,fiveYNetIncomeGrowthPerShare,fiveYRevenueGrowthPerShare,fiveYShareholdersEquityGrowthPerShare,grossProfitGrowth,netIncomeGrowth,operatingIncomeGrowth,threeYNetIncomeGrowthPerShare,threeYRevenueGrowthPerShare,threeYShareholdersEquityGrowthPerShare,Industry,Sector,Symbol
2023Q2,2023,Q2,2023-05-04,2023-03-25,40540000.0,1380604000.0,29920243.0,2.13,325940000.0,0.2360850758,2341065000.0,1360206000.0,853670000.0,292499000.0,980859000.0,474248000.0,1350019660.0,1673594469.36,1979980469.36,71.6109863256366,2.918539892444077,0.23779348288065474,0.40926889015340323,0.011458141980336409,71.6109863256366,0.029804309053187532,1.2122190500389685,10.320636836211149,1.2303977995685946,0.07560335471139615,2.223865994163391,0.0018313636045726614,0.5897333051410363,1.1868382456008397,0.017316904912934927,325.9247276846668,0.23608507580740024,-0.41643835616438357,3.652151660261008,0.4956693340663884,1.5954237020632922,-0.12182241920491439,-0.4156059448472705,-0.555493213192682,0.07317737854432889,0.2855543676298463,1.0554987604576755,Grocery Stores,Consumer Defensive,IMKTA
2023Q1,2023,Q1,2023-02-02,2022-12-24,69371000.0,1493314000.0,67311105.0,3.65,371155000.0,0.2485445124,2345303000.0,1324751000.0,858572000.0,321878000.0,1020552000.0,464827000.0,1312544815.0,1844946598.4,2153835598.4,71.22986611860082,2.6673832942916262,0.24068105485730415,0.4260951680730945,0.026303250793106057,71.22986611860082,0.05236531242475001,1.2354713063695915,6.648839566966023,1.3926742447448615,0.04418014732380966,2.4141433264418803,0.0016611976751294134,0.6367254039243543,1.169396479411454,0.029578694096242576,-889.7140286645706,0.24854451240663383,-0.010840108401084021,0.6738404952717475,0.6046019850862491,1.6098291123412134,0.01746791928351924,-0.011330273921842488,-0.027001543212954976,3.272456237035853,0.5085229337727815,1.12436259117625,Grocery Stores,Consumer Defensive,IMKTA
2022Q4,2022,Q4,2022-11-23,2022-09-24,70166000.0,1452020000.0,69179046.0,3.69,364783000.0,0.251224501,2295511000.0,1259594000.0,838132000.0,333778000.0,1035917000.0,457946000.0,1246238155.0,1518035852.52,1822744852.52,67.85715709480772,2.5110462642834457,0.2491419121929714,0.4540415403693571,0.027821223697729977,67.85715709480772,0.055705251057086645,1.0454648369306208,5.408730198814241,1.2051786944999738,0.043678448251289796,2.3741598354391127,0.0020188864412605317,0.6325476114032997,1.0916117898723103,0.030566614579498858,48.25861724270189,0.2512245010399306,0.033613445378151294,2.8182721082214086,0.405053586556944,1.5981835984888133,0.03667169680486758,0.035461830202322804,0.04050275235423762,2.5328216044452225,0.42110158106908857,1.0017058719604437,Grocery Stores,Consumer Defensive,IMKTA
2022Q3,2022,Q3,2022-08-04,2022-06-25,67763000.0,1458167000.0,66486173.0,3.57,351879000.0,0.241315981,2215396000.0,1188831000.0,779102000.0,319426000.0,1026565000.0,418570000.0,1179137242.0,1657069362.24,2106201362.24,62.58857885091882,2.4390688297132983,0.25962852690895893,0.48381981963794685,0.027594157944665406,62.58857885091882,0.0569996912933798,1.1364057493003201,6.113474028009386,1.3938645293065204,0.04521694730162478,2.6430178942590246,0.001849069248289091,0.6581969995431968,1.0663659188669676,0.030587308093000077,24.71449446872646,0.24131598095417053,-0.01108033240997231,5.270425570688301,0.5799606522783682,1.5620375045197559,0.00951334478989451,-0.012791188939555076,0.01972041764042101,2.0742865111250786,0.4641486083387234,0.964704217619373,Grocery Stores,Consumer Defensive,IMKTA
2022Q2,2022,Q2,2022-05-05,2022-03-26,68641000.0,1377119000.0,65200394.0,3.61,348563000.0,0.2531102977,2124177000.0,1120851000.0,701439000.0,287989000.0,1003326000.0,397891000.0,1114438370.0,1755650173.68,2268478173.6800003,59.009624743660964,2.4356451114452287,0.2723181731089264,0.5160828691770807,0.028211214355126708,59.009624743660964,0.06124007562111289,1.2748717966130743,6.3943203540158216,1.566354648102201,0.044634067102752,2.5850195153949196,0.0017450668965436054,0.6483070855206511,0.9675438992461518,0.032314162143738494,36.77547870602276,0.25311029765764614,0.03735632183908043,7.000247847348285,0.552459153119636,1.4566162268273461,-0.005651970926832961,0.037045148486717236,-0.29126069166733815,3.754926612829828,0.4283151185643317,0.860649189354249,Grocery Stores,Consumer Defensive,IMKTA
2022Q1,2022,Q1,2022-02-03,2021-12-25,66189018.0,1391529510.0,91994889.0,3.48,350544266.0,0.2519129228,2077997703.0,1047795216.0,649185374.0,307849465.0,1030202487.0,389467377.0,1048860750.0,1655359868.4,2254238138.4,55.163445011302294,2.1087753847485167,0.30150297476050675,0.597943643407511,0.04101435631457598,55.163445011302294,0.06316980359261347,1.189597386547699,6.252396237393945,1.5798505691974833,0.04627998862288605,2.672843235339837,0.0018504900707546955,0.6696492050934668,0.7980688516057678,0.03185230566157175,22.4775436155575,0.251912922780919,-0.07936507936507932,4.106994278018003,0.5102724206387437,1.3246939946092677,0.027147587055185333,-0.07742634790407572,-0.06810780253780702,2.111259731881673,0.36459754681894424,0.7750665289280727,Grocery Stores,Consumer Defensive,IMKTA
2021Q4,2021,Q4,2021-11-24,2021-09-25,71743885.0,1335456593.0,98718381.0,3.78,341279355.0,0.2555525629128404,2018343955.0,983258538.0,575440415.0,306097331.0,1035085417.0,389953456.0,985734959.0,1217231718.7199998,1778956244.7199998,52.9016790010485,1.87992627416931,0.3131467629361518,0.6427992756468696,0.04570752232248886,52.9016790010485,0.07296543302428969,0.911472319729676,4.2415869962994055,1.2379569275807294,0.04269438433672779,2.54947666882583,0.0025164156938179464,0.6616595698130153,0.5566705317009119,0.035545916156793006,20.379191056266194,0.2555525629128404,-0.0026385224274406943,4.3610361046152955,0.4706973064138305,1.216383780282697,0.01130168813204586,-0.0032040101095816,-0.01855708146539307,3.1062777588768884,0.33003469796256135,0.742850176750302,Grocery Stores,Consumer Defensive,IMKTA
2021Q3,2021,Q3,2021-08-05,2021-06-30,71974492.0,1277465132.0,100584944.0,3.79,337465426.0,0.26416801331529416,2247491724.0,914292856.0,800397411.0,585570008.0,1333198868.0,380501312.0,917054134.0,1106802289.52,2028216782.52,48.134924569251446,1.3668688629285126,0.4208621130388643,1.0345526707254509,0.04015428437928684,48.134924569251446,0.07872148571179473,0.8664050875401897,3.8444254998006797,1.2105555482104742,0.04255616003514134,2.470424349023007,0.0027673939862632095,0.5683959226005141,0.6995666878485347,0.03202436352998112,18.224532585999512,0.26416801331529416,0.4689922480620155,5.059887528799465,0.42352833646081495,1.123511547869544,0.08684380368461436,0.37911248833638156,0.35352189594202377,2.135536873765238,0.3167866996095919,0.6807310631656442,Grocery Stores,Consumer Defensive,IMKTA
2021Q2,2021,Q2,2021-05-05,2021-03-27,52188993.0,1184554737.0,74313496.0,2.58,310500391.0,0.2621241393929777,1932574524.0,846035636.0,496995790.0,294024952.0,1086538888.0,386588417.0,848142599.0,1300945476.06,1986982125.06,41.87434108847121,1.6903184121597952,0.35956911382735374,0.8213532378912701,0.03551637282053605,41.87434108847121,0.06168651860428253,1.0982569529499082,6.231895852349556,1.537695837743648,0.06231725912013669,2.260942924215963,0.0024999318263896277,0.6129412978849762,0.3321423210367534,0.027004905814436785,59.94062063949416,0.2621241393929777,-0.030075187969924838,2.5383676188867415,0.2475757797597239,0.8309649373204433,-0.011737397142123842,-0.030378480920633173,-0.027829227915820435,4.6303241348631285,0.20644063468005566,0.5176673712479386,Grocery Stores,Consumer Defensive,IMKTA
2021Q1,2021,Q1,2021-02-04,2020-12-26,53824087.0,1190443141.0,76440784.0,2.66,314188142.0,0.26392536625989094,1928500293.0,871991631.0,497985456.0,318371055.0,1056508662.0,373546565.0,866829951.0,825383274.24,1450906116.24,43.040536627848205,1.5641668681218523,0.32954536968794745,0.7288239008339749,0.03740475195395121,43.040536627848205,0.06172546282155775,0.6933411985948853,3.8337077331195606,0.9465495365975595,0.06042187023070173,2.3457718022383633,0.00394017191951767,0.6172895826466955,0.34850354093904673,0.027909815308490595,35.07042415762992,0.26392536625989094,-0.06993006993006984,3.1468782549116394,0.2516305221807075,0.9876265843650069,-0.03163991881926746,-0.06989386224601538,-0.12836973036546956,0.1922031801188746,0.1742547731060871,0.5769852117244587,Grocery Stores,Consumer Defensive,IMKTA
2020Q4,2020,Q4,2020-12-08,2020-09-26,57868758.0,1197172283.0,87698634.0,2.86,324453835.0,0.2710168282437591,1899298902.0,819330957.0,470186860.0,323812907.0,1079967945.0,366824438.0,816258015.0,718244821.1700001,1366192372.17,41.625620874269615,1.45203248491883,0.34478591300738826,0.7992515117428914,0.0436338895384169,41.625620874269615,0.07062928296019456,0.5999510942319403,3.102904079823175,0.8766235610086927,0.05619382741893303,2.379117522153745,0.0045275188962766244,0.6303232638840329,0.27257193920315226,0.03046848389111531,9.29491208269766,0.2710168282437591,-0.07741935483870975,2.5419599768910994,0.24857102786252575,0.8980143897113335,-0.0008215308715720758,-0.07783342200366956,-0.041151101053937864,1.9697548484366165,0.09247932214810312,0.593803956174232,Grocery Stores,Consumer Defensive,IMKTA
2020Q3,2020,Q3,2020-08-06,2020-06-27,62753042.0,1189599756.0,91462413.0,3.1,324720603.0,0.2729662656386759,2011113223.0,764151299.0,596216736.0,428025516.0,1246961924.0,355499657.0,761641126.0,816874168.32,1532737639.3200002,37.71765783590105,1.3929467139524458,0.43159409876745664,1.1358805515817096,0.04145335467376163,37.71765783590105,0.08212122662373436,0.6866798384918297,3.2543209949885776,1.0689953277433346,0.05182273076100438,2.4328550983665225,0.003981070923919897,0.5915130696746456,0.5353418603203086,0.031203137288506606,25.89709263431566,0.2729662656386759,0.5577889447236182,3.4249874513514946,0.22164051705767657,0.7845134231282908,0.11362911320697269,0.5574457935862651,0.44488836280710925,4.444143539359814,0.2084543900938381,0.5439566728044237,Grocery Stores,Consumer Defensive,IMKTA
2020Q2,2020,Q2,2020-05-07,2020-03-28,40292280.0,1145482049.0,63300678.0,1.99,291587746.0,0.25455461851589434,1964230250.0,705825063.0,556036557.0,294866985.0,1258405187.0,315268498.0,702140116.0,657429731.2,1397141112.2,34.838739727428376,1.885719952676289,0.45039710288546875,1.253403513669222,0.029287524078024173,34.838739727428376,0.057085363090882475,0.5739328100112375,4.0791296198676275,0.9314343817796679,0.08070682522805858,2.7084669366490273,0.004946326345880963,0.5831709643001374,0.7706711451605882,0.02051301266743041,4.928701587939493,0.25455461851589434,1.2873563218390807,1.8172065715718062,0.25143519934925135,0.7408120021021002,0.13242477436779448,1.278027695834419,0.645226356680578,3.402831595921388,0.21067448882659243,0.4503636264151803,Grocery Stores,Consumer Defensive,IMKTA
2020Q1,2020,Q1,2020-02-06,2019-12-28,17687353.0,1078354937.0,38475361.0,0.87,257489727.0,0.2387801253234305,1897946373.0,679310179.0,481133550.0,235227250.0,1218636194.0,371581621.0,665099698.0,966999108.4799999,1839885825.48,33.52999455670191,2.045398864289745,0.4720435064684517,1.318857406669303,0.01824853476566059,33.52999455670191,0.02603722650827524,0.8967354581509186,13.667945515646123,1.423501573174572,0.1838416975112104,2.209111440417555,0.0033626432242644133,0.5681693394189489,0.41897386038394785,0.009319205880428741,-65.09988590207823,0.2387801253234305,-0.1634615384615385,0.17615078208775464,0.11804922304384757,0.722400102436772,-0.010982477198184326,-0.15441675880313852,-0.004024196328843041,0.2794775449191678,0.09727375917997684,0.4130186569978726,Grocery Stores,Consumer Defensive,IMKTA
2019Q4,2019,Q4,2019-12-10,2019-09-28,20917341.0,1076090855.0,38630819.0,1.04,260349004.0,0.24193961205998726,1867328368.0,662722606.0,497103371.0,247579389.0,1204605762.0,374129060.0,650664018.0,759108366.39,1569221083.3899999,33.89966430400153,2.007854422001179,0.45639419215421034,1.2859646166951486,0.019447833681429296,33.89966430400153,0.03156273953932394,0.7054314817962095,9.072715867542628,1.1454390713661577,0.15545121150914928,2.180375539392743,0.0042834806517327234,0.5762729648629212,0.46076698250515513,0.011201747565375175,26.676188356975405,0.24193961205998726,-0.10344827586206887,0.304824561686034,0.22477254708291172,0.9021531728019355,0.005442412825096334,-0.11028977317799422,-0.10891963605847826,0.48604582163608506,0.12668975166151522,0.42026997137327465,Grocery Stores,Consumer Defensive,IMKTA
2019Q3,2019,Q3,2019-08-08,2019-06-29,23510285.0,1062262169.0,43352789.0,1.16,258939747.0,0.24376256121759712,1839033323.0,645405337.0,475673303.0,231284283.0,1193627986.0,368087914.0,632998305.0,630686826.88,1466846092.88,31.85648928201378,2.0566607329733686,0.4647617573376619,1.3243032091629574,0.02134764679304894,31.85648928201378,0.036427162361689615,0.5937205007250899,6.70649916493994,0.977194935839212,0.13830657518613662,2.182419991111145,0.005155691955840839,0.5776198591481423,0.4166456913978889,0.012784045131736855,86.3527998197055,0.24376256121759712,0.5675675675675674,0.8419400097206126,0.17692587582141805,0.6132514882948629,0.05992239063350572,0.5673481537382566,0.4100307197794158,0.8558131200687059,0.10978581097137931,0.4053750674858619,Grocery Stores,Consumer Defensive,IMKTA
2019Q2,2019,Q2,2019-05-08,2019-03-30,15000040.0,1001843929.0,30745989.0,0.74,244300667.0,0.2438510230269609,1842497882.0,625944776.0,480920198.0,248523264.0,1216553106.0,365755190.0,612739647.0,545131576.04,1385920461.04,31.714535486477523,1.9351113865943754,0.46538429887866756,1.3698805675470642,0.01619511870927822,31.714535486477523,0.023963839263673316,0.5441282421944985,9.085502039327896,0.8708940420009192,0.21674288868563016,2.0711757008834244,0.005963976667096313,0.543742241870322,0.36322246274698855,0.008141143686807234,25.51680238828304,0.2438510230269609,-0.32110091743119273,0.6170367440807667,0.19137900914836692,0.6662400567068664,-0.05460347738181758,-0.3228687338947579,-0.22090137430401263,0.04106886348373215,0.08012713726494616,0.38672516318430034,Grocery Stores,Consumer Defensive,IMKTA
2019Q1,2019,Q1,2019-02-07,2018-12-29,22152337.0,1061836658.0,39463539.0,1.09,258410795.0,0.24336209628204417,1855763317.0,614655336.0,488789488.0,254718604.0,1241107981.0,374921644.0,600990759.0,524329917.21000004,1390162704.21,31.076832396031037,1.9189390972007683,0.47416190035617567,1.4315864671839438,0.020780543025734455,31.076832396031037,0.03604025817812147,0.4937952680948034,5.9173205654328935,0.8530470436036368,0.14676320606715218,2.142916729021918,0.006200576952197597,0.5721832349378204,0.3428622708689154,0.011937048651123865,-71.12995584713752,0.24336209628204417,0.19780219780219785,1.5454588691163877,0.23069525801331486,0.6163647564218596,0.007719546300871849,0.20135608217666878,0.1084400052647583,0.7482514292629319,0.14357573414198613,0.4351386638669586,Grocery Stores,Consumer Defensive,IMKTA
2018Q4,2018,Q4,2018-12-07,2018-09-29,18439443.0,1059688048.0,35602774.0,0.91,256431262.0,0.24198750045730438,1824910820.0,595413808.0,496743116.0,260138091.0,1229497012.0,372195421.0,582089570.0,671846527.25,1526896997.25,30.353543699142488,1.9095362547271095,0.47431784803599336,1.453758312907651,0.018527868394186398,30.353543699142488,0.030969122234397357,0.6340040623445816,9.108823504728424,1.1283690741179453,0.17630668128099097,2.158158700184546,0.004838898272358377,0.5806793605399304,0.3098131907180022,0.01010429813770297,28.359917356278935,0.24198750045730438,-0.2479338842975206,0.3239491351117676,0.23960060965632976,0.6201528224409412,0.05141822717498831,-0.2468673186008398,0.19559887330974046,0.13249534414383787,0.10898015567630057,0.3840385202594315,Grocery Stores,Consumer Defensive,IMKTA
2018Q3,2018,Q3,2018-08-09,2018-06-30,24483658.0,1034768578.0,29778193.0,1.21,243890828.0,0.23569601279485314,1810553259.0,580225362.0,489058000.0,249186019.0,1230327897.0,363514581.0,566901124.0,644260876.8000001,1520374266.8000002,28.639278242760433,1.9626221485564164,0.4903231526535282,1.5300196098632448,0.02689027202005848,28.639278242760433,0.042196807660400064,0.6226134910718173,6.578478559045385,1.1103631778164154,0.1327766055219363,2.175642440048368,0.005045870573651447,0.5715206514121107,0.3426014161733528,0.01352274940176173,79.73224733472314,0.23569601279485314,1.6304347826086956,2.949141008899751,0.2750514661459606,0.6711763565543112,0.03700527736907811,1.634127642287269,0.26424277345674585,0.7264482479300625,0.06263910553706997,0.35499337406540427,Grocery Stores,Consumer Defensive,IMKTA
2018Q2,2018,Q2,2018-05-09,2018-03-31,9294788.0,984562174.0,23554173.0,0.46,235187644.0,0.23887536024718334,1774575834.0,558992561.0,453980389.0,250584111.0,1215583273.0,358831862.0,545668323.0,685793417.6,1567745876.6,27.591250811460107,1.8116886469310098,0.5008990982348743,1.5901525297757944,0.012388255634209559,27.591250811460107,0.016627749005053396,0.6965465825421808,18.44564441921645,1.22683818255678,0.3497380467418945,2.088372325197811,0.0047401169456777244,0.5548154973916996,0.321878983779622,0.0052377519303015594,-421.7702821915045,0.23887536024718334,-0.7937219730941704,0.310775863935689,0.22276929459849235,0.40451940035027306,-0.038714944829393756,-0.7941205057109328,-0.3436846987929449,-0.35011526190707587,0.07563078929700652,0.37867158632561965,Grocery Stores,Consumer Defensive,IMKTA
2018Q1,2018,Q1,2018-02-08,2017-12-30,45146740.0,1013786078.0,35888502.0,2.23,244659628.0,0.24133259798030093,1773661878.0,552948515.0,455576851.0,252042237.0,1220713363.0,361626877.0,539624277.0,700988249.6,1577773684.6,27.29292342620175,1.807541689927153,0.5020916438730607,1.6105311504453539,0.044207178041213456,27.29292342620175,0.08164727596745602,0.6914557861979241,3.8817213025791015,1.267727881681715,0.07199252925017399,2.1268509032861513,0.004636636922023521,0.5715779825764513,0.3383139033161335,0.025453972123992395,-36.150614421191115,0.24133259798030093,1.4777777777777779,3.4569213205048723,0.24112467630072568,0.4158647036604264,-0.06364384138719496,1.3305702767492644,-0.125320782921513,2.0021096746196285,0.05110358190029728,0.40200840252426273,Grocery Stores,Consumer Defensive,IMKTA
2017Q4,2017,Q4,2017-12-06,2017-09-30,19371542.0,1089391692.0,41030473.0,0.9,261289068.0,0.2398485961649871,1733305774.0,511052003.0,445840014.0,245563479.0,1222253771.0,349333013.0,497727765.0,502889298.9,1356847513.9,26.11715243459916,1.8155794819961808,0.5064716959744,1.7177710093037244,0.019286465416475624,26.11715243459916,0.03790522664285497,0.46162395270038464,6.490052507177797,0.9840276448344143,0.16777559576826667,2.3705249523611442,0.006462798089180021,0.6285051999140228,0.36748650233938085,0.011176067310556365,41.88091699423698,0.2398485961649871,0.5789473684210528,0.7067988245434086,0.2849070044664141,0.3069414202369821,0.10186177688671351,0.680579169799247,0.38317514763277677,0.2072770800199575,0.23876143925205412,0.46546655809097415,Grocery Stores,Consumer Defensive,IMKTA
2017Q3,2017,Q3,2017-08-02,2017-06-24,11526706.0,984397728.0,29663975.0,0.57,237134161.0,0.24089263338893038,1706062266.0,494930533.0,431430475.0,265273899.0,1211131733.0,348284592.0,481606295.0,647299843.1999999,1510019249.1999998,24.42922039217018,1.6263585547856707,0.5103792014822043,1.7593149723902768,0.013202097135982456,24.42922039217018,0.02328954314079467,0.6575592616564836,14.039133192084538,1.3078599925456609,0.2819569615118144,2.145554480917146,0.00502091114982059,0.5769998830746076,0.269631480027366,0.00675632198760558,61.28439775354236,0.24089263338893038,0.26666666666666655,0.016004556677459675,0.23461274310200855,0.27169366662624556,0.039673180680146615,0.25955010174893656,0.18410023953461116,-0.09692711246645275,0.09065651775368283,0.23712552901436534,Grocery Stores,Consumer Defensive,IMKTA
2017Q2,2017,Q2,2017-05-03,2017-03-25,9151447.0,946151967.0,25051912.0,0.45,228085292.0,0.2410662345534182,1703193011.0,486653864.0,430449519.0,240172251.0,1216539147.0,348067707.0,473329626.0,874209334.4,1744588472.4,24.020693219905294,1.792253339874805,0.514611903841355,1.8010406632669826,0.01192097688074106,24.020693219905294,0.01880483784672056,0.9239629202187136,23.88172423442981,1.7963678069141973,0.35498386211492017,2.063008605966425,0.003716061899784721,0.5555165861351694,0.2899929809126867,0.00537311211406797,48.135816128211474,0.2410662345534182,-0.3382352941176471,0.6132144336481005,0.23190727750068058,0.2732984361394431,-0.0379577311937174,-0.33799755452283425,-0.2211772147337797,-0.03891839414677035,0.09610912936893977,0.26201568520336094,Grocery Stores,Consumer Defensive,IMKTA
2017Q1,2017,Q1,2017-02-01,2016-12-24,13823887.0,982758339.0,32166383.0,0.68,237084481.0,0.24124392700777683,1724690441.0,480751033.0,456496257.0,244537764.0,1243939408.0,352596442.0,467426795.0,997793968.0,1882876501.0,23.729336049914867,1.866772025444708,0.5219712132677148,1.8725675041867254,0.014964509814425217,23.729336049914867,0.028754773367278445,1.015299416350208,18.044743276619666,2.0754900135596794,0.23498918936475682,2.1148082316724,0.003255646059387683,0.5698172353933746,0.39191667754024284,0.00801528591530009,-82.55445172483834,0.24124392700777683,-0.02857142857142844,0.5162617238237052,0.24401980091014958,0.28076152342865046,-0.0004601978424910277,-0.025332055387312404,0.005871799747650078,0.5507328278653223,0.11198728588078323,0.23420759218920975,Grocery Stores,Consumer Defensive,IMKTA
2016Q4,2016,Q4,2016-12-16,2016-09-24,14183176.0,962373849.0,31978611.0,0.7,237193637.0,0.24646725100278571,1686478299.0,470175610.0,418487439.0,241604637.0,1216302689.0,343881078.0,456851372.0,759972412.38,1630766997.38,23.868465142034633,1.7321167515505922,0.5197067134037282,1.864141983034807,0.016229861220518102,23.868465142034633,0.03016569915228057,0.7896852280116352,13.395667027963272,1.6163586460386576,0.22901781660186687,2.1088110349590097,0.00427410251620534,0.5706411102773401,0.279029810177029,0.008409936853862831,29.656199679162903,0.24646725100278571,0.11111111111111104,3.6377539681912574,2.8077763572592387,2.9012173348564008,0.0186361126384263,0.11956635596053347,0.003566519014426001,0.0140769025437974,0.12104089350561613,0.2740048262731546,Grocery Stores,Consumer Defensive,IMKTA
2016Q3,2016,Q3,2016-08-03,2016-06-25,12668455.0,957177645.0,31864964.0,0.63,232854141.0,0.2432716039873664,1689685903.0,459240634.0,429877379.0,235219067.0,1230445269.0,341846076.0,445916396.0,772910454.4,1665715582.4,22.667606690222044,1.8275617894530634,0.531601838782696,1.9559247734162826,0.014036056416713755,22.667606690222044,0.027585657849257303,0.8074890365831726,15.252658165498476,1.683018437780486,0.2563939328039607,2.1188586175258597,0.004202446714893342,0.5664825890424677,0.3313663258429641,0.007497520679735469,82.58443520821008,0.2432716039873664,-0.11267605633802812,-0.3660312202417485,-0.33092313810698093,-0.31199859938405333,0.01808361988332449,-0.11769798203993465,-0.038115657236858905,2.008534147957021,0.17944319683370577,0.32271379324816885,Grocery Stores,Consumer Defensive,IMKTA
2016Q2,2016,Q2,2016-05-05,2016-03-26,14358411.0,924312049.0,33127646.0,0.71,228718090.0,0.2474468338343602,1681048218.0,449820293.0,429878091.0,231054707.0,1231227925.0,340880244.0,436496055.0,688200570.07,1586839069.0700002,22.870094470379605,1.8605034997187917,0.5399638941231131,2.017928839862278,0.015616925224106359,22.870094470379605,0.031920327347259095,0.7445543643129552,11.982533618622563,1.5299455822238772,0.22621611820416618,2.040581615518909,0.004719705477241352,0.5498426750064822,0.3443130375179935,0.008541343934252337,33.505280391301625,0.2474468338343602,0.10937499999999992,0.21874170001426801,-0.30397062947286607,-0.2996341507453153,0.013644598096931079,0.10624416817296116,0.047323214580635015,1.0857338120325495,0.1824520704680593,0.1641911992677731,Grocery Stores,Consumer Defensive,IMKTA
2016Q1,2016,Q1,2016-02-04,2015-12-26,12979423.0,951113863.0,31630776.0,0.64,225639332.0,0.23723692901319848,1688009180.0,438709986.0,441559478.0,231856635.0,1249299194.0,341275978.0,425385748.0,877045703.04,1793247986.04,21.654236749705426,1.904450472163542,0.5478353897340772,2.107887206834631,0.014862620610465465,21.654236749705426,0.029585428675425685,0.9221248234923477,16.893002544103847,1.999146887529476,0.2502296904877821,2.1257708651266394,0.00370315593445405,0.5634530156998316,0.3845573062854121,0.007689189818268642,-25.69227036152062,0.23723692901319848,-0.20000000000000004,0.07911522910563878,-0.30663464489341136,-0.3307723440284633,-0.010598141542282728,-0.20057207831366672,-0.14283010556128373,0.2813387433190372,0.16439839820034277,0.123348679796635,Grocery Stores,Consumer Defensive,IMKTA
2015Q4,2015,Q4,2015-12-10,2015-09-26,16235889.0,952837765.0,36901408.0,0.8,228056305.0,0.23934431797001665,1671383492.0,428978400.0,432296094.0,253243507.0,1242405092.0,338644128.0,415654162.0,867301085.94,1755138837.94,21.931140827968328,1.7070372272170438,0.5356896225704735,2.0871512225324165,0.01830710774295831,21.931140827968328,0.037847800728428284,0.91022954567717,13.354690432103842,2.021782649056456,0.1999386051481382,2.140245172064522,0.00374285360946103,0.5700892521439359,0.291376485320905,0.009714041737107213,39.817045013358644,0.23934431797001665,0.1764705882352941,0.2648744324227425,-0.26649674390711914,-0.3169665722085648,0.026522570858549657,0.17850477092275827,0.18597099341335557,0.43106475441959774,0.12427271011239283,0.09746713057242606,Grocery Stores,Consumer Defensive,IMKTA
2015Q3,2015,Q3,2015-08-04,2015-06-27,13776685.0,945974494.0,31114933.0,0.68,222163946.0,0.23485194094461495,1665679420.0,415988692.0,429834227.0,237389133.0,1249690728.0,334921157.0,402664454.0,936245577.53,1845770670.53,21.13610205844301,1.8106735618769878,0.5512275219201543,2.207195427802638,0.015260118323811493,21.13610205844301,0.03311793148454141,0.9897154558270785,16.98967453944835,2.2506515093684327,0.23556958731363895,2.161137129954439,0.003466364037266717,0.5679211033297151,0.3243871234830282,0.008270910257149001,71.89274093972492,0.23485194094461495,-0.042253521126760445,-0.22686686960874208,-0.27640863793437004,-0.3343452155124288,0.015880644960447204,-0.036744321332157756,-0.07490233010945342,0.25000911392558717,0.22128659669936154,0.10026626692937023,Grocery Stores,Consumer Defensive,IMKTA
2015Q2,2015,Q2,2015-05-06,2015-03-28,14302210.0,915334689.0,33634214.0,0.71,218690992.0,0.23891915670640557,1658240281.0,405457374.0,425395467.0,231961083.0,1252782907.0,337056383.0,392133136.0,974090030.0799999,1893942831.08,20.01292482207108,1.8339087811553285,0.5599532146451338,2.2900976416820575,0.015941669858893285,20.01292482207108,0.035274262887126574,1.0641900080769253,17.026914548171227,2.4024474397153277,0.22669706290146768,2.0668461780769776,0.003328510609777742,0.551991589812309,0.31493450131891304,0.008624932203055076,20.722611299548657,0.23891915670640557,-0.04054054054054058,0.6261628458098515,-0.30429819750517995,-0.35746935312625683,-0.025408886445373497,-0.0489500900963923,-0.10384009032202747,1.5211894474246748,0.19178261426995702,0.060853058870206075,Grocery Stores,Consumer Defensive,IMKTA
2015Q1,2015,Q1,2015-02-05,2014-12-27,15038338.0,964496835.0,37531487.0,0.74,224392557.0,0.2326524555158338,1675583961.0,394397433.0,432903525.0,220113421.0,1281186528.0,338320755.0,381073195.0,721045427.84,1685168458.8400002,19.46701844087516,1.9667293481391124,0.5791295193711872,2.460411891169687,0.015862455542006552,19.46701844087516,0.038129908416518525,0.7475871373284496,11.986787167571311,1.8282203876311742,0.21565361810593697,2.1875816575308837,0.004497736029912996,0.575618326177091,0.35604150643771965,0.008974983259582538,-22.253204833338472,0.2326524555158338,-0.06329113924050639,0.5899756900524658,-0.27037391091109225,-0.3732295798678569,0.01819425562846075,-0.14575123037630808,0.04312638355379773,0.6494677871226473,0.22090356605477696,0.05070820955558739,Grocery Stores,Consumer Defensive,IMKTA
2014Q4,2014,Q4,2014-12-16,2014-09-27,17604167.0,964838498.0,35979808.0,0.79,220382855.0,0.22841424285704653,1656951564.0,382602167.0,413917298.0,250748019.0,1274349397.0,329523604.0,369277929.0,516097763.71999997,1444743878.72,17.821732123741743,1.6507300821387545,0.5656530724032679,2.4496979469538656,0.019034999790380515,17.821732123741743,0.046011676144008876,0.5349058570836588,7.329198872630554,1.348914899690048,0.20539239374404936,2.2591876089094973,0.007005963315821825,0.5822973458987604,0.277588195023786,0.010624430660786654,11.445825707906096,0.22841424285704653,0.29508196721311486,1.0287661348820476,-0.3045850631743846,-0.42506385951465264,0.024316911756961664,0.2725079024998139,0.07851971150672765,4.281870918571136,2.502840269045134,1.9128999240033153,Grocery Stores,Consumer Defensive,IMKTA
2014Q3,2014,Q3,2014-08-07,2014-06-28,13834230.0,978261998.0,33360362.0,0.61,215151046.0,0.21993192666163447,1654305604.0,433613762.0,421577291.0,225536369.0,1220691842.0,337083967.0,355289524.0,579051710.1,1484328437.1,19.746759580358244,1.8692208838389164,0.5496576665166154,2.0970315928303034,0.015299063581303889,19.746759580358244,0.031904499377951014,0.5919188430950376,10.464111665412531,1.3354089764798565,0.26142958444380354,2.263860125984574,0.006245861875402136,0.5913429753454429,0.30720832878177623,0.008362560077503068,288.3297192098579,0.21993192666163447,0.326086956521739,0.7102287632868992,-0.3071179236989947,-0.3601591748204421,0.04379451845059031,0.32322575535670833,0.19981336918540102,-0.3612562988043417,-0.3690919513007644,-0.4006514038037708,Grocery Stores,Consumer Defensive,IMKTA
2014Q2,2014,Q2,2014-05-06,2014-03-29,10454928.0,947760587.0,27804626.0,0.46,206123947.0,0.21748524872980396,1660451319.0,423396210.0,430845388.0,227637060.0,1237055109.0,333423272.0,345071972.0,520303088.59000003,1424048798.5900002,19.03359324415576,1.892685611033634,0.5487261400404838,2.15196315290588,0.012932027805179231,19.03359324415576,0.024693012722055305,0.5489815631993569,12.441575125864091,1.2288798914614754,0.34582505015816467,2.224309765636275,0.006948980467900089,0.5707849282632296,0.31765972552975336,0.006296437528982444,25.725620290812987,0.21748524872980396,0.09523809523809533,-0.2237612995670587,-0.30704431441560587,-0.38303721480823255,0.01286588250144405,0.09669427530037619,0.061230725884328534,-0.2153585617899152,-0.3689663778974881,-0.41712183506384465,Grocery Stores,Consumer Defensive,IMKTA
2014Q1,2014,Q1,2014-02-04,2013-12-28,9533129.0,945124870.0,26200359.0,0.42,203505667.0,0.2153214601156353,1653722606.0,416556857.0,423022149.0,218304612.0,1237165749.0,335049224.0,338232619.0,584979543.0,1505405454.0,19.226373423796804,1.937760934707142,0.5593754561035492,2.2207096617305235,0.012201565781909448,19.226373423796804,0.02288554092869008,0.6189441856503046,15.34070143706227,1.404321002450813,0.37926131074068126,2.213463425302546,0.006180638354391138,0.5715135456036694,0.29839425930222674,0.005764648173407143,-27.44644427325397,0.2153214601156353,-0.3823529411764707,-0.49316046962822324,-0.30524723902775486,-0.37140495380902405,-0.036731810751197434,-0.38742198298324604,-0.1674076266513743,-0.2588508246930669,-0.35571719332483404,-0.40580584908327383,Grocery Stores,Consumer Defensive,IMKTA
2013Q4,2013,Q4,2013-12-12,2013-09-28,15562310.0,955198912.0,31468411.0,0.68,211265844.0,0.22117471172328973,1669327737.0,410639275.0,434540068.0,251274007.0,1258688462.0,329691256.0,332315037.0,622918370.2,1518545362.2,18.734988007743297,1.7293474688768744,0.5466098590321332,2.22207434736972,0.018121084165197178,18.734988007743297,0.03789776318887179,0.6521347149524392,10.006842978323913,1.5169478618429766,0.23207518678139685,2.256453741072223,0.005797912170804045,0.5722057393694405,0.30553696706082295,0.009322501301013248,16.193054042366633,0.22117471172328973,2.096774193548387,-0.15521916569172878,-0.35634180503075236,-0.3939750513803761,0.004461562091358924,2.0789010957470637,-0.0435993032480333,0.08196332295228767,-0.343788193717913,-0.4165090097711165,Grocery Stores,Consumer Defensive,IMKTA
2013Q3,2013,Q3,2013-08-06,2013-06-29,-14424223.0,931911991.0,32902957.0,-0.62,210327455.0,0.22569454737276795,1659673575.0,398688591.0,439441003.0,235191560.0,1260984984.0,334544538.0,320364353.0,587429029.0,1517387959.0,17.137196879574027,1.8684386591083455,0.5630694608124974,2.3439634995725274,0.014010080699480395,17.137196879574027,-0.036179171728543395,0.630348181666438,-10.181294150125105,1.4734031579047617,-0.26577279067302273,2.1569162070731522,0.006526007076167154,0.5615031805275323,0.274314499210771,-0.008690999975703053,80.45125927252866,0.22569454737276795,-2.8787878787878785,-1.4844055530413751,-0.4015448600709069,-0.4345211917310603,0.060505668815012036,-2.782935088025497,0.1868982894328651,-1.684801321344177,-0.3969525951105804,-0.4602856731079649,Grocery Stores,Consumer Defensive,IMKTA
2013Q2,2013,Q2,2013-05-08,2013-03-30,8090156.0,918638125.0,27721800.0,0.33,198327516.0,0.21589297308992048,1653138154.0,454071380.0,438240497.0,295240095.0,1199066774.0,330254960.0,338622142.0,496494863.28000003,1344322610.28,19.644620647161673,1.4843529196127647,0.5202288235372735,1.8939976287428641,0.013395137891003614,19.644620647161673,0.017816925612003997,0.5404683844141566,15.342561480891098,1.0934291064105384,2.3691286051838802,2.1810743099815975,0.03860386363995657,0.5556934989233816,0.26041186919412146,0.004893817241120914,15.821278417771664,0.21589297308992048,-0.31249999999999994,-0.6654190480804524,-0.3693062794751853,-0.33344781800325346,-0.04599398848909723,-0.3006222181034554,-0.17201412645725161,-0.19374589949160792,-0.3880135179722756,-0.3692940475102511,Grocery Stores,Consumer Defensive,IMKTA
2013Q1,2013,Q1,2013-02-07,2012-12-29,11567648.0,932791433.0,33481006.0,0.48,207889168.0,0.22286779299783727,1661476698.0,445981226.0,445463331.0,296410978.0,1215495472.0,343248403.0,330531988.0,394931520.0,1262481747.0,19.27650527316736,1.5028570601727174,0.5278432704206364,1.9664489060801855,0.015836362518108712,19.27650527316736,0.02593752231175758,0.42338673579992026,8.53525971744645,0.8855339574316521,0.33137868648838553,2.11188823797674,0.009706168806176828,0.5614231208435522,0.2391920821502097,0.00696226917532129,-11.82298621203763,0.22286779299783727,-0.12727272727272737,-0.07410224302447074,0.21947093226832473,0.2692727686407073,-0.05168491185700083,-0.12870899335560135,-0.04109648754001326,0.07098175136190614,-0.38208254953474735,-0.37936344256119064,Grocery Stores,Consumer Defensive,IMKTA
2012Q4,2012,Q4,2012-12-26,2012-09-29,13276446.0,991773131.0,34915928.0,0.55,219219509.0,0.22103795933548032,1642108604.0,457413469.0,426203869.0,306151733.0,1184695135.0,329614925.0,341964231.0,374245859.25000006,1204730962.25,19.98341473473497,1.3921327990653576,0.5085951751093802,1.82585028557609,0.017434263953556683,19.98341473473497,0.02902504386026289,0.37735027049245606,7.047176993941,0.8181784853606924,0.288710246703071,2.3438065554828866,0.010242053199149724,0.6039631779433755,0.21624078476145683,0.008084998743481403,28.54478990230138,0.22103795933548032,0.018518518518518535,-0.0004920365060019505,0.4229187501531551,0.40629651739545486,0.06441877123070343,0.016681719319811012,0.0054314025474475275,0.43501555083329135,-0.32955987863322994,-0.3553271218794222,Grocery Stores,Consumer Defensive,IMKTA
2012Q3,2012,Q3,2012-08-01,2012-06-23,13058606.0,917755732.0,34727310.0,0.54,205952314.0,0.22440863817999016,1612649059.0,447970068.0,400290106.0,274067967.0,1164678991.0,316339945.0,332520831.0,377545020.17,1217307907.17,19.209988248962475,1.4605504991395073,0.5246463037188304,1.8886761157444119,0.01691206750483072,19.209988248962475,0.029150621733057398,0.411378547696175,7.227896686866884,0.8427907289779013,0.2935265065811772,2.2501218364945976,0.010152556106485168,0.5690982342860748,0.23033204387581713,0.008097611769356448,-12.486528400008625,0.22440863817999016,1.0,-0.33335344180638754,0.2523839494693532,0.3369148500366454,0.07024103443643588,1.0052910938525739,0.4566153179431871,0.5201321858783076,-0.3879081867779187,-0.3775518113295036,Grocery Stores,Consumer Defensive,IMKTA
2012Q2,2012,Q2,2012-05-03,2012-03-24,6512075.0,881667028.0,23841099.0,0.27,192435449.0,0.2182631797363755,1601329304.0,438744509.0,383243914.0,280985503.0,1162584795.0,301981163.0,323295272.0,418628574.0,1248216350.0,18.86493577478541,1.363927711245658,0.5204908159227691,1.8996868995573002,0.012583380402809503,18.86493577478541,0.01484252193797826,0.47481482317608004,16.07124357443672,0.9541511412966766,0.5888791207103726,2.2823661322213002,0.009160447322929276,0.5505844586729676,0.21362986829964675,0.004066668226037785,15.758975876521907,0.2182631797363755,-0.3720930232558139,-0.5172358151001243,0.296042439883546,0.36500491721723266,-0.046065606699073974,-0.3854919065535703,-0.2147848472976785,-0.5375514121514172,-0.3834316371941821,-0.38850414796748123,Grocery Stores,Consumer Defensive,IMKTA
2012Q1,2012,Q1,2012-01-30,2011-12-24,10597216.0,918237929.0,30362505.0,0.43,201728180.0,0.2196905329533605,1617619193.0,436302536.0,396081600.0,247084720.0,1181316657.0,299176458.0,320618022.0,352997846.11,1225656290.1100001,18.527521022329335,1.6030194016044375,0.5455526713696701,2.022670966093124,0.014915622573889512,18.527521022329335,0.02428868760918685,0.38442960692598444,8.327608074375384,0.8090666842009829,0.36410345887070716,2.39494027635022,0.010930613437220897,0.567647770855795,0.323702525999989,0.006551119105076049,-6.268031507367078,0.2196905329533605,1.7597715165907193,-0.06248089859966917,0.3230296523363714,0.3809321563472627,-0.003416770460036316,-0.033154894424710146,-0.005388410789308886,-0.48163784269031523,-0.3789839707804571,-0.3942535247744353,Grocery Stores,Consumer Defensive,IMKTA
2011Q4,2011,Q4,2011-12-02,2011-09-24,10960614.0,905819107.0,30526997.0,0.15581,202419802.0,0.2234660324956029,1618349808.0,431945594.0,389364457.0,290495964.0,1186404214.0,303166488.0,313879289.0,996166000.0,1838864486.0,6.11820954674221,1.3403437749654932,0.5283899264379559,1.97969315552273,0.015768373768068878,6.11820954674221,0.025374987387879223,1.0997405467623902,22.721491697454173,2.306230261026809,0.3522232422380717,2.3201749957271,0.003875441442490509,0.5597177461400854,0.2384277841464262,0.0067727100444034535,-87.11481402031448,0.2234660324956029,-0.7003653846153847,-0.6660180775090386,-0.5598876587820513,-0.5019852332340724,0.005364964875120308,-0.138634104249298,-0.12300079526630102,-0.8152828421560702,-0.810501696974686,-0.8020928743228398,Grocery Stores,Consumer Defensive,IMKTA
2011Q3,2011,Q3,2011-08-09,2011-06-25,12724690.0,910978159.0,34808466.0,0.52,201339622.0,0.22101476309927645,1591043043.0,425052343.0,389292478.0,307846822.0,1165990700.0,305382753.0,306779258.0,206030247.6,1056269927.6,32.94703567453268,1.2645655247335963,0.5387028771917391,2.016456276774364,0.01692607410077801,32.94703567453268,0.029936760047456084,0.22616376206666003,4.047844143943782,0.4847173553869811,0.30333564118261425,2.3237675671880527,0.01873439480349389,0.5725666335728417,0.21788307108137045,0.007997703177160368,34.69950974769918,0.22101476309927645,0.625,0.671741498579573,1.5130587129033404,1.6025713468194824,0.03444026167431658,0.6479318049132746,0.307126881725114,-0.2293949524004551,0.05495180539121975,0.08715857092330262,Grocery Stores,Consumer Defensive,IMKTA
2011Q2,2011,Q2,2011-04-29,2011-03-26,7721612.0,870370803.0,26629753.0,0.32,194636297.0,0.223624570503889,1596369552.0,420946932.0,392153193.0,311361623.0,1175422620.0,295580613.0,302673847.0,255627201.39,1107805454.3899999,32.65449692431106,1.259478253040838,0.5484935902861671,2.080068532249096,0.013224327682251938,32.65449692431106,0.018343433371311516,0.29369919177998893,8.276354775078053,0.6072670494959208,0.49987606214868086,2.2861259374950955,0.015099523755733594,0.5452188698472495,0.25330442217023,0.00483698275898963,24.705443712713222,0.223624570503889,0.03225806451612906,0.552183644515993,1.7228438067269913,1.7847524823948402,0.005973869093867717,0.009018902610016944,0.0029432873433936422,-0.42740385081394405,0.07145635980988808,0.10798404142512201,Grocery Stores,Consumer Defensive,IMKTA
2011Q1,2011,Q1,2011-01-31,2010-12-25,7652594.0,872753265.0,26551604.0,0.31,193480470.0,0.22168976933016687,1500091512.0,417085170.0,385698926.0,311663231.0,1083006342.0,289670704.0,298812085.0,254321357.32,1017452852.3199999,32.35705601297866,1.237550303134732,0.5229621064611424,1.8808892605795597,0.014304480249470604,32.35705601297866,0.018347796925985167,0.29140120984823814,8.30833823537483,0.6097588109402211,0.5049504782299963,2.3449827187218766,0.015194087672070308,0.5818000155446517,0.2611575697872426,0.005101418106017521,-49.598807489707596,0.22168976933016687,-0.07376975708864918,0.7990323817351264,1.5574190230831664,1.7125333932798565,-0.007337812075241354,-0.09522459436056072,-0.07784071891987392,0.09940869739018367,1.0479102247138266,1.1305692857005918,Grocery Stores,Consumer Defensive,IMKTA
2010Q4,2010,Q4,2010-11-30,2010-09-25,8458004.0,855965267.0,28792861.0,0.33469,194910688.0,0.2277086413600939,1529300110.0,413840217.0,419911483.0,311156464.0,1115459893.0,286430753.0,295023672.0,213052326.84,972696742.84,32.10844438299588,1.3495187520835177,0.5345576042625145,1.9753976762485606,0.0142387748700875,32.10844438299588,0.02043784932579426,0.24890300465894957,6.2973583022661135,0.5148178405290176,0.4569034254417472,2.307903645388245,0.01813869417583123,0.5597104593159286,0.35652638088855515,0.005530637148780431,9.4177863347092,0.2277086413600939,-0.30272916666666666,0.7021504416123747,1.7430481625453733,1.8298711449623268,-0.010036229569771625,-0.2751890951745338,-0.12781309125761156,0.13083210605993162,1.180970167775037,1.2595734569981445,Grocery Stores,Consumer Defensive,IMKTA
2010Q3,2010,Q3,2010-07-30,2010-06-26,11669256.0,856128148.0,33012260.0,0.48,196886688.0,0.22997338477884038,1505082877.0,409246704.0,403407673.0,286377333.0,1095836173.0,283624176.0,290430159.0,206605973.21,979008232.21,31.752347539594158,1.4086578318682785,0.5485255992318355,2.017307601822494,0.017011081847961417,31.752347539594158,0.028513988960556173,0.2413259903819913,4.426288471390122,0.5048445624378199,0.33116781395489137,2.3243486126514123,0.01870459958131043,0.5688245883884306,0.37078035432364337,0.007753231518559094,-17.653862137234732,0.22997338477884038,1.0869565217391304,2.353281779197651,1.8765968159034117,1.889794489091691,0.059277314201279956,1.0856079586297664,0.35151225546508247,0.07784059530268247,1.113789372833342,1.209797549017277,Grocery Stores,Consumer Defensive,IMKTA
2010Q2,2010,Q2,2010-04-30,2010-03-27,5595134.0,837005224.0,24426164.0,0.23,185868880.0,0.22206418152534732,1513347113.0,401441930.0,426270481.0,265958547.0,1111905183.0,282145193.0,282625385.0,195133525.12,952206744.12,31.147035428496235,1.6027703783477205,0.5507729587217312,2.0762919981975974,0.012764084284613845,31.147035428496235,0.013937592418410303,0.23313298355232248,8.718894181980271,0.4860815737907597,0.6917594824359882,2.307805910412941,0.01983506933326701,0.5530821163300426,0.4817008494184622,0.0036971914453310223,5.009148278429991,0.22206418152534732,-0.07999999999999996,0.9131996064868592,1.8111375488091852,1.8361522085102557,0.0032830661935955457,-0.07011389377780658,-0.012419711122777772,-0.2515263943581315,1.220205326003488,1.2536973899197035,Grocery Stores,Consumer Defensive,IMKTA
2010Q1,2010,Q1,2010-01-29,2009-12-26,6017010.0,840953201.0,24733345.0,0.25,185260657.0,0.22029841467955838,1496833698.0,400310483.0,405361302.0,242032178.0,1096523215.0,282568281.0,280900738.0,195262411.20000002,986827493.2,31.059248834319423,1.67482400625259,0.5623487559938672,2.1027242696514645,0.01269799203281861,31.059248834319423,0.015030857935339155,0.23219176877834372,8.11293363315002,0.4877774115148516,0.6432568667826711,2.3204746890893957,0.019821956393008013,0.5618213981443916,0.45672361796455013,0.004019825320634918,-11.754660355853712,0.22029841467955838,0.17791179796456835,1.223081712250416,1.8133944941599371,1.8467359790070634,0.2363015788381369,0.15894576751474826,0.022260567537858204,-0.02740176013572355,1.2138622024203112,1.314973245239399,Grocery Stores,Consumer Defensive,IMKTA
2009Q4,2009,Q4,2009-12-07,2009-09-26,5191796.0,830127375.0,24194756.0,0.21224,149850700.0,0.18051530947283842,1517609065.0,398163956.0,423719737.0,228561876.0,1119445109.0,271744736.0,278754211.0,205390382.73,977668879.73,30.99775934888536,1.853851326456561,0.5596397416089499,2.133076920202189,0.012120486223757653,30.99775934888536,0.013039342014172674,0.24742032236920267,9.890141230992127,0.5158437363175084,0.7454144962552458,2.5033665233537405,0.018842362278897146,0.5469968479662448,0.5575623075477382,0.003421036497301102,6.567936306389964,0.18051530947283842,0.11705263157894742,-0.15942186350997267,1.8505382519374136,1.8479988788074515,-0.2631237296565689,0.09604931740171216,-0.28507756713298676,-0.13048163935561272,1.2168681604096043,1.523179661380098,Grocery Stores,Consumer Defensive,IMKTA
2009Q3,2009,Q3,2009-07-31,2009-06-27,4736827.0,826765973.0,33842491.0,0.19,203359378.0,0.2459696995778514,1506792871.0,396842200.0,406603895.0,222546447.0,1109950671.0,280535794.0,277432455.0,190564570.56,990239630.56,30.861987549507692,1.8270518378574698,0.5679106123140133,2.1563323205042204,0.016875663506227892,30.861987549507692,0.011936298609371685,0.23049396901098637,10.057606629923365,0.4802023841214468,0.8170091497958444,2.2221998345066796,0.020308239819329405,0.5486925170088623,0.4776395823564867,0.00314364840129377,-12.494488097246434,0.2459696995778514,-0.40625,0.052508302301843494,1.8015238334324366,1.7883966929337487,0.05503749962652565,-0.3904889905706992,0.3415039205380747,-0.37563069036866514,1.2882811131279346,1.437868016282093,Grocery Stores,Consumer Defensive,IMKTA
2009Q2,2009,Q2,2009-04-30,2009-03-28,7771520.0,789175140.0,25227277.0,0.32,192750853.0,0.2442434425899427,1432272808.0,395975405.0,341468419.0,273514915.0,1036297403.0,274130562.0,276565660.0,199589086.05,973347204.05,30.850472185675905,1.248445332496767,0.543392973498384,1.9654932356215407,0.013714975049412763,30.850472185675905,0.01962626946489265,0.25290848118961273,6.4205292545731085,0.5040441490299127,0.4978987379560241,2.175694248202796,0.019386981906569033,0.5509949889378896,0.18340377891275142,0.005426005406645966,-9.462606274648392,0.2442434425899427,-0.2888888888888889,0.9600645086826499,1.7545576435594346,1.8712260808052184,-0.022164557496365575,-0.3016437456816192,-0.15792837098998125,0.5689859401752593,1.4795322782138676,1.630906524183927,Grocery Stores,Consumer Defensive,IMKTA
2009Q1,2009,Q1,2009-02-04,2008-12-27,11128303.0,804864666.0,29958588.0,0.45,197119929.0,0.24491065060619768,1409501360.0,392073316.0,333156711.0,260619458.0,1017428044.0,267485533.0,272663571.0,211250659.84,961138667.84,30.586263032616333,1.278326313609324,0.5345478354132273,1.9216964538336498,0.01601893131044721,30.586263032616333,0.028383219530298258,0.2624673050810756,4.745796817358406,0.5388039716530977,0.34771087739073964,2.2720658204718682,0.01831678065730391,0.571027945655902,0.20222632417568762,0.00789520557823371,-6.393519997506157,0.24491065060619768,0.050003500011666716,9.851707486853869,1.6403704561553591,1.832825516735752,0.028579513699515738,0.06369605196751647,0.12916508553489442,1.630716994578969,1.3716366434163878,1.5640855527256443,Grocery Stores,Consumer Defensive,IMKTA
2008Q4,2008,Q4,2008-12-01,2008-09-27,10461920.0,842791023.0,26531628.0,0.42857,191642869.0,0.22739073361012768,1375004157.0,384814445.0,334763376.0,253272764.0,990189712.0,258676790.0,265404700.0,298619867.19,1011597072.19,30.914549063395825,1.3217503955537833,0.5215664973440512,1.8636413245869707,0.016583584669507993,30.914549063395825,0.027186921218614858,0.3543225533264846,7.135876282508373,0.7760100252733495,0.3693778006331534,2.5172268219348166,0.01294087039942736,0.6129370727422463,0.20314534096528436,0.007608646087896882,-6.868116018497417,0.22739073361012768,-0.34066153846153846,1.8467941351818615,2.0961574428055876,1.9193034067469839,0.0030340225837025355,-0.3450553586456578,-0.20935439955209234,1.180049869951929,1.796547303415689,1.7246474264058775,Grocery Stores,Consumer Defensive,IMKTA
2008Q3,2008,Q3,2008-07-31,2008-06-28,15973747.0,835346746.0,33556916.0,0.65,191063179.0,0.22872319777971578,1319572973.0,378216926.0,332021638.0,260679407.0,941356047.0,252458501.0,258807181.0,303141240.36,956334186.36,30.305639449221655,1.2736780469966313,0.5051661966708074,1.7624902910876072,0.022527480884595,30.305639449221655,0.04223435256834592,0.36289270510907096,4.744366496477,0.801500989302631,0.24187524692860105,2.552037520812183,0.012745392198737653,0.6330432367835409,0.2660196438148258,0.012105239594051614,-8.365957287870078,0.22872319777971578,0.22641509433962262,6.999619312421718,1.9656434666874665,1.8288189601763079,0.035597325916037426,0.22923030372334785,0.054405539016024795,3.74051500610639,1.8986704750321897,1.7581289780087814,Grocery Stores,Consumer Defensive,IMKTA
2008Q2,2008,Q2,2008-05-05,2008-03-29,12994918.0,782787385.0,31825436.0,0.53,184495628.0,0.2356905994339702,1253479926.0,366106833.0,319862330.0,248515149.0,887373093.0,246988475.0,246697088.0,304716443.35,917900299.35,29.471992107675014,1.2870938906022185,0.4994907688693213,1.710161066564961,0.019841871313160453,29.471992107675014,0.03549487971452311,0.38927101942247067,5.8622232812473305,0.8323156409102039,0.2972465082119025,2.4223468605164675,0.012676355622736366,0.6244913610208066,0.25290130703460656,0.010367073082269687,-17.288017948045134,0.2356905994339702,0.019230769230769246,5.914695276396752,1.9432694216093394,1.8233714379438253,0.02124678732779503,0.0238015871821596,0.009324060259230193,3.6103193232350637,1.7277553636655958,1.6836279715053077,Grocery Stores,Consumer Defensive,IMKTA
2008Q1,2008,Q1,2008-02-01,2007-12-29,12692809.0,777121292.0,31531435.0,0.52,180657242.0,0.2324698137340445,1215545189.0,356974609.0,321615806.0,305290469.0,858570580.0,249591124.0,237564864.0,602438327.26,1194535601.26,15.187047063028857,1.0534747679921839,0.4977880925165671,1.6950335002678019,0.02008449821371414,15.187047063028857,0.03555661573677919,0.7752178887153692,11.865740815527909,1.6876223464397715,0.30428063638237995,2.3897646696763144,0.006410906851770014,0.6393191294182318,0.19625945807040573,0.010442070862410365,-9.745033588463132,0.2324698137340445,-0.1028140582135648,2.8571428085369193,0.514484056623557,0.44625853434999396,0.006019609618449405,-0.10723874770150786,-0.23185866979177716,1.5714285704544595,0.4255735884992549,0.3919690562968871,Grocery Stores,Consumer Defensive,IMKTA
2007Q4,2007,Q4,2007-11-28,2007-09-29,14217473.0,746034778.0,41049002.0,0.57959,179576263.0,0.24070762958452857,1155272425.0,348143976.0,305593357.0,250468085.0,807128449.0,233464859.0,228734231.0,702170000.0,1228587461.0,14.209958204081632,1.2200890065494772,0.47024153805107916,1.5604379781082296,0.027424345211886775,14.209958204081632,0.040837911841392883,0.9412027705764677,12.346955046090118,2.016895446727477,0.27162956455060616,2.4263116831642746,0.005499930216329379,0.6457652427737985,0.24546153654666222,0.012306597727371534,64.8181593865588,0.24070762958452857,-0.28445679012345676,2.6350969470551293,0.47570670168710155,0.3995558164120634,0.024813810773728042,-0.2799782577582965,0.18332495761042455,0.20683650517097804,0.34309510742186683,0.30557646369302754,Grocery Stores,Consumer Defensive,IMKTA
2007Q3,2007,Q3,2007-08-03,2007-06-30,19745894.0,738695131.0,34689543.0,0.81,175228184.0,0.23721312981011106,1136248727.0,337769844.0,303605948.0,257620888.0,798478883.0,231570736.0,218378644.0,808641384.8,1342010107.8,14.36889436035206,1.1784989577397933,0.48458872332800423,1.630143512752429,0.024642504713510604,14.36889436035206,0.05845961192438482,1.0946889330450995,10.2380953832731,2.394060331803925,0.19555817528444142,2.433239003912826,0.004775257700859636,0.6501174553131095,0.2413596874178929,0.017378144002092245,-109.8062567080775,0.23721312981011106,0.4727272727272727,4.249999925554143,0.45113876808563624,0.34419680752520004,0.05199202845574573,0.46192850031065963,0.22358479654874702,1.400000009853044,0.36922052036606545,0.2982371096886534,Grocery Stores,Consumer Defensive,IMKTA
2007Q2,2007,Q2,2007-05-04,2007-03-31,13506744.0,681164012.0,28350747.0,0.55,166567977.0,0.24453431782300325,1087464149.0,321842799.0,293786009.0,241073054.0,765621350.0,228903193.0,202494221.0,951061091.6,1486796633.6,13.820415983002032,1.2186596723497767,0.5039949477911478,1.7029321106544317,0.026418964010112792,13.820415983002032,0.04196689825581588,1.396229211827474,17.603448536523683,2.955048534735121,0.28572844795163066,2.248094612642647,0.004057847633644063,0.6263783616465687,0.22861478330133073,0.012420403939219886,75.67471222580521,0.24453431782300325,0.19565217391304351,2.994525344515393,0.34608107921081566,0.3173090567925194,0.01034239358885474,0.20945969965753564,-0.036396306874572085,0.877581420668994,0.3104301558954327,0.28625385631527367,Grocery Stores,Consumer Defensive,IMKTA
2007Q1,2007,Q1,2007-02-02,2006-12-30,11167585.0,685698588.0,29421584.0,0.46,164862900.0,0.2404305665567449,1083909523.0,312149756.0,299005884.0,241495474.0,771759767.0,231332539.0,192846738.0,,,,,,,,,,,,,,,,,,,,,,,,,,,,,,,Grocery Stores,Consumer Defensive,IMKTA
