Quarters,Year,Quarter,FillingDate,Date,NetIncome,Revenue,OperatingIncome,EPSDiluted,GrossProfit,GrossProfitRatio,TotalAssets,CommonStockEquity,CurrentAssets,CurrentLiability,TotalLiability,Inventory,RetainedEarnings,MarketCap,EnterpriseValue,bookValuePerShare,currentRatio,debtToAssets,debtToEquity,roic,shareholdersEquityPerShare,roe,priceToSalesRatio,peRatio,pbRatio,payoutRatio,inventoryTurnover,dividendYield,assetTurnover,quickRatio,returnOnAssets,priceToFreeCashFlowsRatio,grossProfitMargin,epsdilutedGrowth,fiveYNetIncomeGrowthPerShare,fiveYRevenueGrowthPerShare,fiveYShareholdersEquityGrowthPerShare,grossProfitGrowth,netIncomeGrowth,operatingIncomeGrowth,threeYNetIncomeGrowthPerShare,threeYRevenueGrowthPerShare,threeYShareholdersEquityGrowthPerShare,Industry,Sector,Symbol
2023Q1,2023,Q1,2023-02-17,2023-03-31,-12208000.0,42541000.0,-13663000.0,-0.19,38466000.0,0.9042100562,422996000.0,199343000.0,266056000.0,59003000.0,223653000.0,48127000.0,-266491000.0,795450154.26528,781069154.26528,3.1024876926442486,4.5091944477399455,0.4028383247122904,0.8548030279468053,-0.02471457829826741,3.1024876926442486,-0.06124117726732316,18.698435727069885,-16.28952642253604,3.9903591009730963,0.0,0.08467180584702973,0.0,0.1005706909758012,3.689829330711998,-0.028860793009862978,-34.58478931588174,0.9042100561810958,0.09523809523809519,-4.166666645915247,0.24522161315635896,4.44287476056328,-0.2043766934866693,0.16555023923444975,-0.3425370934460057,-2.461538453695235,-0.1293324601975319,0.7394291523251209,Biotechnology,Healthcare,PHAR
2022Q4,2022,Q4,2022-12-31,2022-12-31,-14630000.0,54621000.0,-10177000.0,-0.21,48347000.0,0.8851357536,425797000.0,204638000.0,277500000.0,59698000.0,221159000.0,42326000.0,-256431000.0,715075645.628,674427645.628,2.9563420976596357,4.648396931220477,0.39148702315892314,0.8145798922976182,-0.02034926951116632,2.9563420976596357,-0.07149209824177327,13.091588320023435,-12.21933775850991,3.494344381923201,0.0,0.14823040211690214,0.0,0.12827943832389613,3.935826995879259,-0.03435909600114609,133.43452988020152,0.8851357536478643,-2.615384615384615,0.7225989330293391,0.330268541388006,7.71870914345425,-0.06766815797593335,-2.607515657620042,-1.9666603343465046,-2.1286504572897407,0.12016949781529218,0.8307319656753703,Biotechnology,Healthcare,PHAR
2022Q3,2022,Q3,2022-09-30,2022-09-30,9101000.0,54238000.0,10528000.0,0.13,51856000.0,0.9560824514,382323000.0,200254000.0,252048000.0,46694000.0,182069000.0,33506000.0,-242533000.0,692935504.032,643414504.032,2.893007801213522,5.397866963635585,0.3640429689032572,0.6950273153095569,0.02892561698797002,2.893007801213522,0.04544728195192106,12.775830672812418,19.034597957147565,3.460282960799784,0.0,0.07109174476213216,0.0,0.14186433983830427,4.658649933610314,0.023804479458468364,55.38167391560102,0.9560824514178251,-0.43478260869565216,1.973238482345626,0.6657740066402608,24.82377375680776,0.12444434807121019,-0.42186507432346587,-0.4092362942595814,-0.18534740388862628,0.11821650898899229,1.0727678083411423,Biotechnology,Healthcare,PHAR
2022Q2,2022,Q2,2022-06-30,2022-06-30,15742000.0,50146000.0,17821000.0,0.23,46117000.0,0.9196546085,393898000.0,199670000.0,256980000.0,49194000.0,194228000.0,33929000.0,-253549000.0,581384871.3599999,540422871.3599999,2.8845709332562843,5.2238077814367605,0.3782755941893587,0.7462412981419342,0.039010644068701764,2.8845709332562843,0.07884008614213452,11.593843404458978,9.233021079913605,2.9117287091701303,0.0,0.11874797370980578,0.0,0.1273070693428248,4.529861365207139,0.03996466090206094,206.5310377833037,0.9196546085430543,3.5999999999999996,1.4451740669899058,1.2852063308190602,19.42740208500533,0.10486344034499281,3.5483964172204567,2.1755167498218104,1.0324675600897022,0.03912484865271533,1.2805433432854985,Biotechnology,Healthcare,PHAR
2022Q1,2022,Q1,2022-03-31,2022-03-31,3461000.0,46617000.0,5612000.0,0.05,41740000.0,0.8953815132,392798000.0,194021000.0,250948000.0,45151000.0,198777000.0,29607000.0,-270498000.0,563170459.0000001,531284459.0000001,2.802961571800058,5.557972137937144,0.4017026563271707,0.8132521737337711,0.012328421089149198,2.802961571800058,0.017838275238247405,12.080795825557203,40.679750000000006,2.9026263084923802,0.0,0.16472455838146385,0.0,0.1186793211778064,4.897322318442559,0.008811144659596027,2406.7113632478636,0.8953815131818864,0.8867924528301888,1.4166666666666665,1.0865978246608954,3.6393178745412147,0.02158695971413187,0.8597528210639441,0.7866921362623368,-0.5454545481525448,0.17132340859010858,1.4862758981387147,Biotechnology,Healthcare,PHAR
2021Q4,2021,Q4,2021-12-31,2021-12-31,1861000.0,45748000.0,3141000.0,0.0265,40858000.0,0.8931100813,350552000.0,170211000.0,220085000.0,41265000.0,180341000.0,24096000.0,-237981000.0,506802154.50137997,480189154.50137997,2.65122992529887,5.333454501393433,0.40713503274835117,0.838500449442163,0.010730572669935498,2.65122992529887,0.010933488434942512,11.07812701104704,68.08196594591348,2.97749354919118,0.0,0.20293824701195218,0.0,0.1305027499486524,4.744674663758633,0.0053087701681918805,60.58603162000956,0.8931100813150301,7.2450367647058815,1.195644143117587,3.751836939654586,3.6235086985042364,0.03281092012133468,7.841911764705882,3.207308503162333,-0.8662453293212027,0.18466936725975264,1.63030534073646,Biotechnology,Healthcare,PHAR
2021Q3,2021,Q3,2021-09-30,2021-09-30,-272000.0,44630000.0,-1423000.0,-0.004243369734789392,39560000.0,0.8863992829935021,345637000.0,166851000.0,208804000.0,40277000.0,178786000.0,21636000.0,-238839000.0,525097584.99999994,509130584.99999994,2.6029797191887676,5.184199419023264,0.4110381701033165,0.851478265038867,0.0009733839508613322,2.6029797191887676,-0.00163019700211566,11.765574389424152,-482.62645680147045,3.1471048120778415,0.0,0.2343316694398225,0.0,0.12912390745203783,4.626014847183256,-0.0007869527857260652,234.62805406613046,0.8863992829935021,-1.0561056105610562,0.9451397003248551,8.763072373012017,7.32216850548271,0.05766917092211855,-1.056105610561056,-1.1577080793527652,-1.0484917475929032,0.09862373078882361,2.3103191005700885,Biotechnology,Healthcare,PHAR
2021Q2,2021,Q2,2021-06-30,2021-06-30,4848000.0,41262000.0,9023000.0,0.07563182527301092,37403000.0,0.9064756919199263,346231000.0,166516000.0,211137000.0,40199000.0,179715000.0,20434000.0,-232764000.0,609819869.05,594758869.05,2.5977535101404055,5.2522948332048065,0.41372089731999734,0.8602356530303394,0.02208464263257919,2.5977535101404055,0.029114319344687598,14.7792125696767,31.446981696060227,3.662229870102572,0.0,0.18885191347753744,0.0,0.11917477060113046,4.723326450906739,0.014002212395770455,159.68051035611416,0.9064756919199263,-0.3124379520635371,1.962736609461273,7.9678610675415245,5.099186304867143,0.16756672389573904,-0.3124379520635371,0.7358599461331281,0.3850015559407053,0.19094734894797669,2.5422459642760478,Biotechnology,Healthcare,PHAR
2021Q1,2021,Q1,2021-03-31,2021-03-31,7051000.0,36042000.0,5198000.0,0.11,32035000.0,0.8888241496032406,348519000.0,158686000.0,223343000.0,62873000.0,189833000.0,18533000.0,-239550000.0,698137906.7,653226906.7,2.475600624024961,3.5522879455410115,0.3759622861307418,0.8257187149464981,0.01162406758321323,2.475600624024961,0.044433661444613894,19.370121155873704,24.753152272727274,4.399492751093354,0.0,0.21620892462094643,0.0,0.10341473492119511,3.2444928665722967,0.020231321678301613,205.87965399587145,0.8888241496032406,-0.002550297534712354,2.385326254062038,9.82657999099476,4.017377369380561,-0.28926408271027,-0.052157548057534614,-0.6666666666666666,0.8333333333333334,0.05750086395274812,3.3430902838669945,Biotechnology,Healthcare,PHAR
2020Q4,2020,Q4,2020-12-31,2020-12-31,7439000.0,50980000.0,15594000.0,0.11028125,45073000.0,0.8841310317771676,340758000.0,149377000.0,214343000.0,62579000.0,191381000.0,17229000.0,-258151000.0,799086816.0,763906816.0,2.334015625,3.4251585995301936,0.3870430041260953,0.8829203960449065,0.08304600063588263,2.334015625,0.04980017003956432,15.674515810121616,26.854644979163865,5.349463545257971,0.0,0.342852167856521,0.0,0.14960763943913274,3.084629028907461,0.02183074205154391,48.66842170655947,0.8841310317771676,-0.052998792432577546,2.2210700938462606,13.487061457844495,3.173820599686307,0.09175245246457552,-0.0018784382128002146,-0.17202930869703728,1.1525562415676482,0.34286120105192736,5.8833723224258065,Biotechnology,Healthcare,PHAR
2020Q3,2020,Q3,2020-09-30,2020-09-30,7453000.0,46121000.0,18834000.0,0.116453125,41285000.0,0.8951453784610047,319348000.0,136253000.0,197623000.0,36504000.0,183095000.0,16382000.0,-270601000.0,912178048.0,887420048.0,2.128953125,5.413735481043173,0.40719528539399025,0.9543789861507637,0.0649486501260481,2.128953125,0.054699713033841454,19.777933002319983,30.597680397155507,6.69473734890241,0.0,0.29520205103162006,0.0,0.14442238561068177,4.964962743808898,0.02333817653468943,69.10963315402682,0.8951453784610047,-0.22304962034112544,3.058220485793688,8.455556249552748,2.5484161609740927,0.1852947087364704,-0.23291477974475092,0.4639720171006607,1.8620111842544387,0.5320140572882721,18.00361409872022,Biotechnology,Healthcare,PHAR
2020Q2,2020,Q2,2020-06-30,2020-06-30,9716000.0,39299000.0,12865000.0,0.14988489361589546,34831000.0,0.8863075396320517,317112000.0,127569000.0,195391000.0,43890000.0,189543000.0,16223000.0,-278650000.0,960986364.517289,937106364.517289,1.9679565658384282,4.451834130781499,0.4064872978632155,1.0104492470741324,0.03539795576823421,1.9679565658384282,0.07616270410522932,24.45320146867068,24.72690316275445,7.533071236094106,0.0,0.2754114528755471,0.0,0.12392782360806277,4.082205513784461,0.03063901712959459,53.779526807168224,0.8863075396320517,0.362589941962686,3.8544417231657127,6.214724714353347,1.900923266914068,-0.2066554300291545,0.15296072149044737,-0.33842435462305875,1.2933995261218387,0.912372872616287,12.936297975112465,Biotechnology,Healthcare,PHAR
2020Q1,2020,Q1,2020-03-31,2020-03-31,8427000.0,49294000.0,19446000.0,0.11,43904000.0,0.8906560636182903,303934000.0,115620000.0,178909000.0,44399000.0,188314000.0,14511000.0,-288742000.0,989349053.627869,982776053.627869,1.7836240633871792,4.029572738124733,0.41871261523883474,1.1006832727901747,0.05299173069492134,1.7836240633871792,0.07288531395952258,20.070374764228283,29.350571188675357,8.556902383911686,0.0,0.37144235407621806,0.0,0.1621865273381721,3.7027410527264126,0.027726414287312377,75.57475010525314,0.8906560636182903,-0.4125925965895049,5.02495691540446,16.565494296529096,1.5054268211079183,0.08172567570897085,-0.30579125133866053,0.0671129890797344,2.083333332047783,1.3560822228967855,1.9521628416118133,Biotechnology,Healthcare,PHAR
2019Q4,2019,Q4,2019-12-31,2019-12-31,12139000.0,45664000.0,18223000.0,0.1872635573902177,40587000.0,0.8888183251576735,228210000.0,104679000.0,106503000.0,101886000.0,123531000.0,14467000.0,-297618000.0,966409916.9006479,952009916.9006479,1.6148415787174064,1.0453153524527412,0.22741772928443102,0.49579189713314037,0.09009233664544608,1.6148415787174064,0.11596404245359623,21.163496778658196,19.902996888142514,9.232127904361409,0.0,0.35093661436372436,0.0,0.2000964024363525,0.880955185206996,0.0531922352219447,57.357108249786215,0.8888183251576735,0.1602943987765246,-0.4124222471036012,0.6700752668045683,1.2248636638081762,0.012119398518740181,0.16029439877652457,0.009472634611123422,2.263903677468145,3.697577527285881,1.8161397903143321,Biotechnology,Healthcare,PHAR
2019Q3,2019,Q3,2019-09-30,2019-09-30,10462000.0,45423000.0,18052000.0,0.1613931409025832,40101000.0,0.8828346872729674,220814000.0,90475000.0,101788000.0,90103000.0,130339000.0,11836000.0,-308136000.0,989619689.9743439,987196689.9743439,1.3957220821220813,1.1296849161515155,0.2741855135996812,0.6691793313069909,0.09266201628157085,1.3957220821220813,0.11563415308096159,21.78675318614675,23.6479566520346,10.938045758213251,0.0,0.44964515038864483,0.0,0.20570706567518363,0.9983241401507164,0.04737924225819015,266.81576974234133,0.8828346872729674,0.4423822957188283,4.221021506087857,21.094518410191306,2.613574917341298,0.07870880968392736,0.52618526622903,0.4572166612851146,3.086567192775637,8.825707316658436,3.4623606817279198,Biotechnology,Healthcare,PHAR
2019Q2,2019,Q2,2019-06-30,2019-06-30,6855000.0,42711000.0,12388000.0,0.1118934566665289,37175000.0,0.8703846784200792,205795000.0,77490000.0,101215000.0,65973000.0,128305000.0,12705000.0,-319834000.0,906929407.20774,908658407.20774,1.2648612628868454,1.5341882285177268,0.31883670643115725,0.8467544199251517,0.06336738416114385,1.2648612628868454,0.08846302748741773,21.23409443018754,33.07547072238293,11.703825102693765,0.0,0.43573396300669026,0.0,0.2075414854588304,1.3416094462886332,0.03330984717801696,66.43684764542817,0.8703846784200792,0.11893456666528898,1.9873283047846801,21.563490291107247,2.761200789918655,0.24731579653737754,0.01721323638522036,0.011760862463247305,2.424320075618709,8.712557375557894,1.9697292148936174,Biotechnology,Healthcare,PHAR
2019Q1,2019,Q1,2019-03-31,2019-03-31,6739000.0,35224000.0,12244000.0,0.1,29804000.0,0.8461276402452873,199560000.0,69067000.0,101689000.0,62269000.0,130493000.0,13642000.0,-326651000.0,913119178.6709999,919320178.6709999,1.1273735042432023,1.6330597889800704,0.3581128482661856,1.0347199096529456,0.05851479677753883,1.1273735042432023,0.09757192291542995,25.923210841216214,33.874431617116784,13.220773722197285,0.0,0.3973024483213605,0.0,0.17650831830026056,1.4139780629205543,0.033769292443375426,94.78089876178117,0.8461276402452873,-0.53857320177751,1.2486784435366767,13.687261939981745,4.746778748719977,-0.023268008127416924,-0.4924305189425322,0.7549089866704888,2.3853262622847793,10.070732063165067,1.284883212637318,Biotechnology,Healthcare,PHAR
2018Q4,2018,Q4,2018-12-31,2018-12-31,13277000.0,36850000.0,6977000.0,0.2167190990753471,30514000.0,0.8280597014925373,214569000.0,61751000.0,115440000.0,82599000.0,152818000.0,17315000.0,-333636000.0,893700689.0226239,886318689.0226239,1.0079551922122285,1.397595612537682,0.3398860040359977,1.1810173114605431,-0.06270064957473849,1.0079551922122285,0.21500866382730643,24.252393189216388,16.82798616070317,14.472651277268772,0.0,0.3659254981230147,0.0,0.17173962687993138,1.1660189590673011,0.06187753123703797,61.77939230074823,0.8280597014925373,1.4765901883976869,2.981259340306766,23.861221459445233,6.292741713978349,-0.05980588507163765,1.476590188397687,-0.5261799660441426,3.2766863128589203,9.939441972063568,0.8024832823542775,Biotechnology,Healthcare,PHAR
2018Q3,2018,Q3,2018-09-30,2018-09-30,5361000.0,38826000.0,14725000.0,0.08750704904292654,32455000.0,0.8359089270076753,192717000.0,48173000.0,115546000.0,86287000.0,144544000.0,20951000.0,-348174000.0,884185833.715464,890964833.715464,0.786322901239489,1.3390893182055235,0.40372151911870774,1.6150955929670148,0.13860323060725926,0.786322901239489,0.11128640524775289,22.773034402603,41.23231830420929,18.354385936426294,0.0,0.3040904968736576,0.0,0.20146639891654602,1.0962833335264872,0.027817992185432527,60.60633584998725,0.8359089270076753,0.6024656107761812,1.8173098404121202,20.631303802127952,18.892559935093495,0.2717476489028213,0.7704755614266843,0.821273964131107,2.5466205908300386,7.315497224472828,0.3105976161416135,Biotechnology,Healthcare,PHAR
2018Q2,2018,Q2,2018-06-30,2018-06-30,3028000.0,29971000.0,8085000.0,0.05460775473399459,25520000.0,0.8514897734476661,181367000.0,40665000.0,105476000.0,64373000.0,140702000.0,23162000.0,-352101000.0,800845552.4499999,818850552.4499999,0.7333633904418395,1.638513041181862,0.46063506591607073,2.0544448542973073,0.06203928732676011,0.7333633904418395,0.0744620681175458,26.720681740682657,66.12000928418098,19.693730541005777,0.0,0.19216820654520336,0.0,0.1652505692876874,1.2787038043900394,0.016695429708822443,85.35069300330385,0.8514897734476661,-0.08987075443342349,1.3675374625930683,0.46633823955631065,15.708657465069921,0.043293405829688075,-0.0898707544334235,-0.014625228519195612,2.0399623988830284,5.432319240384227,0.08103550625333436,Biotechnology,Healthcare,PHAR
2018Q1,2018,Q1,2018-03-31,2018-03-31,3327000.0,29483000.0,8205000.0,0.06,24461000.0,0.8296645524539565,170681000.0,31607000.0,94437000.0,59120000.0,139074000.0,21611000.0,-353091000.0,752683512.3,772820512.3,0.5700090171325518,1.5973782138024357,0.4604671873260644,2.486569430822286,0.05977767581361527,0.5700090171325518,0.10526149270731167,25.529407193976187,56.558724999999995,23.813823276489384,0.0,0.23238165748924158,0.0,0.1727374458785688,1.231833558863329,0.01949250355927139,-411.0778330420535,0.8296645524539565,1.0787492899072144,1.1324788291605303,12.175883688305301,2.1330039193293904,-0.13766480998378341,1.0787492899072146,-0.10689017089365407,2.8576724246987952,11.281914755564788,-0.19931788928368438,Biotechnology,Healthcare,PHAR
2017Q4,2017,Q4,2017-12-31,2017-12-31,-42248000.0,32892000.0,9187000.0,-0.7619116321009919,28366000.0,0.862398151526207,166190000.0,18802000.0,88251000.0,58528000.0,147388000.0,18334000.0,-356270000.0,770546341.65,793188341.65,0.33908025247971146,1.5078424002186988,0.4891930922438173,4.323954898415062,0.0745265542076623,0.33908025247971146,-2.246995000531858,23.426557875775263,-4.559661650551505,40.982147731624295,0.0,0.24686375040907604,0.0,0.19791804561044588,1.1761891744122472,-0.25421505505746433,31.118097958565542,0.862398151526207,-4.639834468028301,-104.84292769899172,-0.1492898266840921,1.5314746181623808,0.29994042436185325,-4.639834468028301,0.08184173339613754,-3.3906537445652236,0.40630806091095667,-0.5328288899669014,Biotechnology,Healthcare,PHAR
2017Q3,2017,Q3,2017-09-30,2017-09-30,-7491000.0,26083000.0,8492000.0,-0.1350946798917944,21821000.0,0.8365985507802016,139956000.0,6212000.0,73658000.0,56132000.0,133744000.0,17995000.0,-315426000.0,785973751.5500001,836029751.5500001,0.11202885482416591,1.3122283189624457,0.6319486124210466,14.237765614938828,0.08902027381177013,0.11202885482416591,-1.205891822279459,30.133564066633443,-26.23060177379522,126.52507268995494,0.0,0.2368435676576827,0.0,0.18636571493898083,0.9916446946483289,-0.05352396467461202,57.576276576807565,0.8365985507802016,0.7355523021325316,0.7873632786151957,10.656431646781778,1.1209402410033609,0.6499810964083176,0.6938700449530036,22.52354570637119,-5.370273886043593,13.831817008759897,-0.7099532457095091,Biotechnology,Healthcare,PHAR
2017Q2,2017,Q2,2017-06-30,2017-06-30,-24470000.0,15185000.0,361000.0,-0.5108559498956159,13225000.0,0.8709252551860388,126966000.0,6764000.0,61115000.0,34461000.0,120202000.0,17473000.0,-308370000.0,699138820.0,764635820.0,0.1412108559498956,1.7734540495052378,0.712741993919632,13.378769958604376,0.0036800685043222965,0.1412108559498956,-3.6176818450620933,46.04141060256833,-7.142815897016754,103.36174157303371,0.0,0.11217306701768442,0.0,0.11959894774979128,1.2664171091959027,-0.1927287620307799,-1444.5016942148761,0.8709252551860388,-3.257132915796799,0.7254077781926254,0.933500332313002,0.0,-0.039090314611639906,-3.2571329157967988,-0.9067665289256198,-3.5077036140084115,9.260029091298838,-0.5800943561733924,Biotechnology,Healthcare,PHAR
2017Q1,2017,Q1,2017-03-31,2017-03-31,-5748000.0,15460000.0,3872000.0,-0.12,13763000.0,0.8902328589909444,131438000.0,28940000.0,66105000.0,61591000.0,102498000.0,18901000.0,-284209000.0,748502500.3000001,786734500.3000001,0.6041753653444677,1.0732899287233524,0.4990185486693346,2.2664132688320664,0.04061893522161028,0.6041753653444677,-0.19861782999308916,48.41542692755498,-32.55491041666667,25.863942650310985,0.0,0.08978360933283953,0.0,0.11762199668284666,0.7664106768846097,-0.043731645338486586,-129.92579418503732,0.8902328589909444,0.190080315626321,0.8997811996915959,0.9909364341048403,1.920452416632166,1.4015006107136625,0.19008031562632097,2.7984208081746402,0.7287144268429587,7.24477698340888,2.0797798041142412,Biotechnology,Healthcare,PHAR
2016Q4,2016,Q4,2016-12-31,2016-12-31,-7097000.0,7183000.0,-2153000.0,-0.14816283924843424,5731000.0,0.7978560490045942,126783000.0,27467000.0,62190000.0,51378000.0,99316000.0,17941000.0,-279025000.0,756413807.9999999,791917807.9999999,0.5734237995824635,1.210440266261824,0.5315618024498553,2.4535988640914552,-0.02249221704519337,0.5734237995824635,-0.25838278661666725,105.30611276625363,-26.645547696209665,27.539003458695888,0.0,0.0809319435928878,0.0,0.05665586080152702,0.842286581805442,-0.05597753642049802,531.9365738396624,0.7978560490045942,-0.9155195681511469,0.7868662406629572,-0.045625719637219016,3.614190351619887,1.6180904522613064,-0.9155195681511471,0.32210327455919396,-0.3545137941223702,5.198093046897875,3.148826947182879,Biotechnology,Healthcare,PHAR
2016Q3,2016,Q3,2016-09-30,2016-09-30,-3705000.0,3416000.0,-3176000.0,-0.07734864300626305,2189000.0,0.640807962529274,48857000.0,14982000.0,41015000.0,18288000.0,33875000.0,18379000.0,-272746000.0,712977608.9999999,711481608.9999999,0.31277661795407097,2.242727471566054,0.3125038377305197,1.0190895741556534,-0.10168080678725788,0.31277661795407097,-0.2472967561073288,208.71709865339574,-48.10915040485829,47.58894733680416,0.0,0.0667609772022417,0.0,0.06991833309454121,1.2377515310586176,-0.07583355506887447,-198.15942440244578,0.640807962529274,0.015409583922162916,0.9219453038225948,-0.5385391894204125,-0.23174814156476792,0.2778750729713952,-0.1063003881755748,-0.0443932916803683,0.27756897572295625,1.434137818194685,8.117145353667599,Biotechnology,Healthcare,PHAR
2016Q2,2016,Q2,2016-06-30,2016-06-30,-3349000.0,3060000.0,-3041000.0,-0.07855920771033408,1713000.0,0.5598039215686275,53668000.0,18157000.0,46325000.0,18463000.0,35511000.0,19361000.0,-269563000.0,639017172.654051,633515172.654051,0.4259180455050868,2.509072198450956,0.29648952821047925,0.8763562262488297,-0.08671476232570076,0.4259180455050868,-0.18444676984083275,208.82914139021273,-47.70208813482016,35.19398428452117,0.0,0.06957285264190899,0.0,0.0570172169635537,1.4604343822780697,-0.06240217634344488,-103.65242054404719,0.5598039215686275,0.010639165403077012,0.919671126698695,-0.5243878283317656,-0.533676459735395,0.1001926782273603,0.010635155096011817,0.04069400630914827,0.47125729659044935,-0.8052677638616256,9.542398926884005,Biotechnology,Healthcare,PHAR
2016Q1,2016,Q1,2016-03-31,2016-03-31,-3385000.0,2214000.0,-3170000.0,-0.079404,1557000.0,0.7032520325203252,55773000.0,21034000.0,49233000.0,16368000.0,34739000.0,17850000.0,-266671000.0,624714590.18475,612620590.18475,0.49340530754827316,3.007881231671554,0.27633442705251643,0.7327184558334126,-0.08462811682417641,0.49340530754827316,-0.16092992298183892,282.16557822256095,-46.13844831497415,29.700227735321384,0.0,0.03680672268907563,0.0,0.03969662740035501,1.9173387096774193,-0.060692449751671956,-196.63663524858356,0.7032520325203252,0.16584186277279445,0.9012964391309934,-0.6347789442031524,-0.7332885504503038,0.22021943573667713,0.16584524396254313,0.15781083953241232,0.8246782281438699,0.2869722844437737,1.9807391295006798,Biotechnology,Healthcare,PHAR
2015Q4,2015,Q4,2015-12-31,2015-12-31,-4058000.0,2344000.0,-3764000.0,-0.0951905837230623,1276000.0,0.5443686006825939,57677000.0,23839000.0,51092000.0,13475000.0,33838000.0,16229000.0,-263743000.0,655128045.788958,639350045.788958,0.5592036287269794,3.791614100185529,0.27506631759626887,0.6655061034439365,-0.09233411014350545,0.5592036287269794,-0.17022526112672512,279.4914871113302,-40.36027881893531,27.481356004402784,0.0,0.06580812126440323,0.0,0.04064011651091423,2.5703896103896104,-0.070357334812837,-183.8181946658131,0.5443686006825939,-0.6824212271973465,0.9852034680517324,2.9173114136145593,-0.825897478405513,-0.3169164882226981,-0.6824212271973465,-0.25132978723404253,-13.973773449187256,-0.9211444164566921,1.8764961476795885,Biotechnology,Healthcare,PHAR
2015Q3,2015,Q3,2015-09-30,2015-09-30,-2412000.0,3249000.0,-3008000.0,-0.05657951896008533,1868000.0,0.574946137273007,62160000.0,25577000.0,55662000.0,13908000.0,36583000.0,16676000.0,-260389000.0,636746130.44016,618226130.44016,0.5999727845945698,4.002157031924073,0.26274131274131274,0.6385424404738632,-0.07005123428039124,0.5999727845945698,-0.09430347577902021,195.9821885011265,-65.99773325457711,24.895262557773002,0.0,0.0828136243703526,0.0,0.05226833976833977,2.8031348863963186,-0.0388030888030888,-138.96685518117854,0.574946137273007,-0.07751312157041508,0.9710827276592515,-0.027228984585502835,-0.8351196500942567,-0.11301044634377967,-0.11718388142658638,0.002652519893899204,0.9109448024242096,0.8886056694479768,1.647697892460047,Biotechnology,Healthcare,PHAR
2015Q2,2015,Q2,2015-06-30,2015-06-30,-2159000.0,3455000.0,-3016000.0,-0.05250935494653081,2106000.0,0.6095513748191027,50160000.0,27893000.0,43590000.0,12461000.0,22267000.0,14557000.0,-258656000.0,619992610.119673,596321610.119673,0.6783897348418638,3.4981141160420512,0.02204944178628389,0.03965152547234073,-0.100182693904667,0.6783897348418638,-0.07740293263542825,179.4479334644495,-71.79164081978612,22.227534152643063,0.0,0.09267019303427904,0.0,0.06887958532695375,2.329909317069256,-0.04304226475279107,-122.28651087173037,0.6095513748191027,-0.6257530120481928,0.9959711778129247,-0.3393863312234613,-0.9071656896420749,1.7069408740359897,-0.6257530120481928,0.00984898227183191,0.9717754869187956,-0.4874962342840584,0.0,Biotechnology,Healthcare,PHAR
2015Q1,2015,Q1,2015-03-31,2015-03-31,-1328000.0,1780000.0,-3046000.0,-0.0322984823385794,778000.0,0.4370786516853933,53750000.0,29271000.0,47397000.0,14087000.0,24479000.0,14898000.0,-257237000.0,637577595.384494,608669595.384494,0.7119042744974078,3.364591467310286,0.02264186046511628,0.0415769874619931,-0.09607317457814225,0.7119042744974078,-0.045369136688189676,358.1896603283674,-120.02590274557492,21.781886351149396,0.0,0.06725734997986307,0.0,0.03311627906976744,2.3070206573436502,-0.024706976744186048,-155.35516456737182,0.4370786516853933,-1.1013431013431014,0.993471466369497,-0.6744525102964922,-0.8106681277228374,-0.9530731648470957,-1.1013431013431014,-1.242902711323764,0.9730257070687116,-0.7329531489336554,2.084575849096903,Biotechnology,Healthcare,PHAR
2014Q4,2014,Q4,2014-12-31,2014-12-31,13104000.0,17343000.0,12540000.0,0.3187043016300786,16579000.0,0.9559476445828288,55718000.0,29843000.0,49143000.0,14873000.0,25875000.0,13404000.0,-256530000.0,569661512.114543,537067512.114543,0.7258159702034827,3.3041753513077388,0.028554506622635416,0.05331233455081594,0.3797123391370174,0.7258159702034827,0.43909794591696544,32.846768847058925,10.868084403894668,19.088614151209427,0.0,0.056997911071321995,0.0,0.311263864460318,2.3932629597256776,0.23518432104526366,49.72169958231151,0.9559476445828288,9.309992132179387,1.0409397412565515,-0.141602305475415,-0.9373127363170242,36.59410430839002,9.309992132179387,3.954063604240283,1.4584593968897188,1.6844581565655046,4.308933301581086,Biotechnology,Healthcare,PHAR
2014Q3,2014,Q3,2014-09-30,2014-09-30,1271000.0,1304000.0,-4245000.0,0.03091217699723977,441000.0,0.33819018404907975,40763000.0,15881000.0,34490000.0,13212000.0,24882000.0,9191000.0,-286982000.0,542422294.408356,520328294.40835595,0.38624412501429173,2.6105056009688163,0.03773029462993401,0.09684528682072917,-0.22392783668301947,0.38624412501429173,0.0800327435300044,415.96801718432204,106.69203273177733,34.15542436926868,0.0,0.09389620280709389,0.0,0.03198979466673209,1.914850136239782,0.031180236979613866,-170.89549288227977,0.33819018404907975,1.2727636469650545,1.0044368177029628,-0.8007312172316469,0.0,-0.1787709497206704,1.309396299902629,-0.7979669631512071,1.0311943492467779,-0.7947826343763369,-0.05129491842164225,Biotechnology,Healthcare,PHAR
2014Q2,2014,Q2,2014-06-30,2014-06-30,-4108000.0,1120000.0,-2361000.0,-0.11332953398001792,537000.0,0.47946428571428573,40994000.0,12190000.0,34490000.0,16463000.0,28804000.0,6934000.0,-288253000.0,442568589.12738,417975589.12738,0.33629187420068607,2.095000911134058,0.040542518417329365,0.13634126333059884,-0.15218512311460616,0.33629187420068607,-0.33699753896636586,395.1505260065893,-26.933336728784077,36.30587277501066,0.0,0.08407845399480819,0.0,0.02732107137629897,1.673814007167588,-0.10020978679806801,-68.6259248142937,0.47946428571428573,0.7145481212942034,0.987298979003827,-0.8739203643095429,0.0,1.6584158415841583,0.7437944368217537,0.22767419038272815,0.8841175459668077,-0.7952705700118556,-0.631805181784414,Biotechnology,Healthcare,PHAR
2014Q1,2014,Q1,2014-03-31,2014-03-31,-16034000.0,1419000.0,-3057000.0,-0.397018,202000.0,0.142353770260747,33203000.0,7111000.0,26665000.0,13246000.0,26092000.0,7478000.0,-284145000.0,438549090.52006793,421574090.52006793,0.19617485787047406,2.0130605465800997,0.04894136072041683,0.22851919561243145,-0.2950487404690667,0.19617485787047406,-2.2548164815075236,309.0550320789767,-6.837799216041973,61.67192947828265,0.0,0.16274404921101898,0.0,0.04273710206909014,1.4485127585686244,-0.48290817094840827,-96.15196021049505,0.142353770260747,-2.629562987876923,0.9291259290092027,-0.6252291488416801,0.0,0.09782608695652174,-3.0438839848675916,0.05385329619312906,0.4501468116487862,-0.7247094476100707,-0.8939571992692423,Biotechnology,Healthcare,PHAR
2013Q4,2013,Q4,2013-12-31,2013-12-31,-3965000.0,877000.0,-3231000.0,-0.10938451855666287,184000.0,0.20980615735461802,31408000.0,5010000.0,24599000.0,12925000.0,26398000.0,4763000.0,-268111000.0,440377235.970984,425382235.970984,0.1382134774196421,1.90321083172147,0.06281839021905247,0.393812375249501,-0.3607637338097365,0.1382134774196421,-0.7914171656686627,502.1405199213044,-27.7665344244,87.8996478984,0.0,0.14549653579676675,0.0,0.02792282221090168,1.3603868471953577,-0.12624172185430463,-373.8346655101732,0.20980615735461802,-0.021643906209739792,0.985948812537899,-0.9507628916918816,-0.9880627802924795,-0.713841368584759,-0.021643906209739758,-0.3866952789699571,0.9829971467747455,1.8436559316212964,-0.9569686001646981,Biotechnology,Healthcare,PHAR
2013Q3,2013,Q3,2013-09-30,2013-09-30,-3881000.0,1062000.0,-2330000.0,-0.10706716683944731,643000.0,0.6054613935969868,23718000.0,-1593000.0,16505000.0,10595000.0,25311000.0,2737000.0,-264145000.0,447726138.545196,439852138.545196,-0.04394692006576644,1.5578102878716376,0.20351631672147735,-3.030131826741996,-0.40798459113990543,-0.04394692006576644,2.436283741368487,421.58770107833897,-28.840900447384435,-281.0584673855593,0.0,0.15308732188527585,0.0,0.04477611940298507,1.2411514865502595,-0.1636309975545999,1316.8415839564589,0.6054613935969868,0.27938449366968515,0.9846326740015189,-0.8159165180719148,0.0,-0.8545577923546709,-1.1778900112233446,-3.255566311713456,0.9452789546614415,-0.626047752242696,-1.01207718707211,Biotechnology,Healthcare,PHAR
2013Q2,2013,Q2,2013-06-30,2013-06-30,-1782000.0,4421000.0,1033000.0,-0.1485773840541949,4421000.0,1.0,28722000.0,-598000.0,20910000.0,14876000.0,29320000.0,2168000.0,-260263000.0,153330306.85,149309306.85,-0.04985930171964565,1.4056197902662007,0.31432351507555184,-15.096989966555183,0.0931133946277267,-0.04985930171964565,2.979933110367893,34.68226800497625,-21.510985809483724,-256.4051954013378,0.0,0.0,0.0,0.15392382146090106,1.2432777628394729,-0.062043033214957174,-32.47147540237187,1.0,0.7006136057085618,0.9833486964239921,0.504110619089519,0.0,8.134297520661157,0.6719440353460973,1.4333053691275168,0.9886002815691665,1.8978839243924397,-1.0068230010749646,Biotechnology,Healthcare,PHAR
2013Q1,2013,Q1,2013-03-31,2013-03-31,-5432000.0,484000.0,-2384000.0,-0.496273,484000.0,1.0,27172000.0,-6034000.0,19576000.0,20521000.0,35422000.0,2216000.0,-258482000.0,155589641.5,149826641.5,-0.5030953621677957,0.953949612591979,0.4541071691447078,-2.0449121644017234,-0.2620932277924362,-0.5030953621677957,0.9002320185614849,321.466201446281,-7.160789833394698,-25.785489144845872,0.0,0.0,0.0,0.01781245399676137,0.9148189659373325,-0.19991167378183425,-56.49587563543936,1.0,-68.6383442471591,0.9274332620066675,-0.6136676185513288,0.0,-0.9337621458875052,-62.72727272727273,-2.9072,0.9084542264152399,-0.6965405424020663,-1.1337988691252519,Biotechnology,Healthcare,PHAR
2012Q4,2012,Q4,2012-12-31,2012-12-31,88000.0,8363000.0,1250000.0,0.00733715476810839,7307000.0,0.8737295228984814,16844000.0,-7652000.0,8449000.0,8968000.0,24496000.0,2101000.0,-263754000.0,151022901.25,148605901.25,-0.6379989577905159,0.9421275646743978,0.16955592495844218,-0.3732357553580763,-0.6443298969072165,-0.6379989577905159,-0.01150026136957658,18.058460032285065,429.0423330965909,-19.736395876894928,0.0,0.5026178010471204,0.0,0.49649726905723107,0.6333630686886709,0.005224412253621468,109.59571933962265,0.8737295228984814,1.011548556430446,1.0009425075727854,0.41901629384773603,-1.0551026851686185,23.036184210526315,1.0115485564304463,1.235626767200754,1.0009425075727854,0.41901629384773603,-1.0551026851686185,Biotechnology,Healthcare,PHAR
2012Q3,2012,Q3,2012-09-30,2012-09-30,-7620000.0,484000.0,-5305000.0,-0.6353309015112037,304000.0,0.628099173553719,15650000.0,-11110000.0,6738000.0,10239000.0,26760000.0,3971000.0,-263842000.0,155309227.62499997,156906227.62499997,-0.9263157894736842,0.6580720773513038,0.1959105431309904,-0.27596759675967597,1.0656890317396546,-0.9263157894736842,0.6858685868586859,320.88683393595034,-5.095447100557742,-13.979228409090908,0.0,0.04532863258625031,0.0,0.030926517571884984,0.14347104209395448,-0.48690095846645365,-44.33606269626034,0.628099173553719,0.6585007498405552,0.9088111008384836,-0.7464474368196095,0.0,1.1738136077758718,0.24374751885668916,0.3972275877741166,0.9088111008384836,-0.7464474368196095,0.0,Biotechnology,Healthcare,PHAR
2012Q2,2012,Q2,2012-06-30,2012-06-30,-10076000.0,888000.0,-8801000.0,-1.8604166808992113,-1749000.0,-1.9695945945945945,,,,,,,,72701338.54886,,,0.0,0.0,0.0,0.0,,0.0,81.87087674421171,-1.803824398294462,0.0,0.0,0.0,0.0,0.0,0.0,0.0,-14.067596468432662,-1.9695945945945945,-0.8743883718227782,0.7915001456734337,-0.3309643094516729,0.0,-4.613636363636363,-0.5537393986121819,-0.9111834961997829,0.7915001456734337,-0.3309643094516729,0.0,Biotechnology,Healthcare,PHAR
2012Q1,2012,Q1,2012-03-31,2012-03-31,-6485000.0,878000.0,-4605000.0,-0.992546,484000.0,0.55125284738041,27700000.0,-3555000.0,16541000.0,14191000.0,31255000.0,7483000.0,0.0,67934779.02967,66210779.02967,-0.6563895693327407,1.1655979141709534,0.22285198555956678,-1.7364275668073137,,-0.6563895693327407,1.8241912798874824,77.37446358732346,-2.6189197775508863,-19.10964248373277,0.0,0.052652679406655085,0.0,0.03169675090252708,0.5564794588119231,-0.23411552346570397,-18.91806712048733,0.55125284738041,-0.4277875705407702,0.8081486416566196,0.5519842998261999,0.0,1.3928571428571428,-0.7224435590969456,-0.07467911318553092,0.8081486416566196,0.5519842998261999,0.0,Biotechnology,Healthcare,PHAR
2011Q4,2011,Q4,2011-12-31,2011-12-31,-3765000.0,851000.0,-4285000.0,-0.695163636719485,-1232000.0,-1.4477085781433607,24694000.0,-1188000.0,13161000.0,8135000.0,25882000.0,6580000.0,-258413000.0,69810650.84044799,69466650.84044799,-0.21935043835929566,1.6178242163491088,0.13902162468615858,-2.8897306397306397,,-0.21935043835929566,3.169191919191919,82.03366726257109,-4.635501383827887,-58.7631741081212,0.0,0.31656534954407295,0.0,0.03446181258605329,0.4642901044867855,-0.15246618611808538,-15.801414857502941,-1.4477085781433607,0.2984907769703744,0.9107014895227474,-0.680234280268008,-1.0189448556285563,-3.5454545454545454,0.2984907769703745,0.2110108635610385,0.9107014895227474,-0.680234280268008,-1.0189448556285563,Biotechnology,Healthcare,PHAR
2011Q3,2011,Q3,2011-09-30,2011-09-30,-5367000.0,837000.0,-5431000.0,-0.9909543793555048,484000.0,0.5782556750298686,27745000.0,2205000.0,16531000.0,7125000.0,25540000.0,6880000.0,0.0,66574455.402182,57842455.402182,0.4071277075608139,2.320140350877193,0.0,0.0,,0.4071277075608139,-2.434013605442177,79.53937324036082,-3.1011018912885224,30.19249678103492,0.0,0.05130813953488372,0.0,0.030167597765363128,1.2255438596491228,-0.19344025950621735,-16.0536424890721,0.5782556750298686,-0.013277133345508731,0.8577685443006605,-0.028986742117228192,0.0,2.6133333333333333,-0.2270233196159122,-0.20957683741648106,0.8577685443006605,-0.028986742117228192,0.0,Biotechnology,Healthcare,PHAR
2011Q2,2011,Q2,2011-06-30,2011-06-30,-4374000.0,675000.0,-4490000.0,-0.977969744647941,-300000.0,-0.4444444444444444,29790000.0,4085000.0,18502000.0,6684000.0,25705000.0,7913000.0,0.0,51586270.949682,41681270.949682,0.9133530879942475,2.768102932375823,0.0,0.0,,0.9133530879942475,-1.0707466340269278,76.42410511064,-2.9484608453179013,12.628218102737332,0.0,0.12321496271957538,0.0,0.022658610271903322,1.4818970676241772,-0.14682779456193354,-10.662726529491938,-0.4444444444444444,0.014685722729283163,0.890397376357468,-0.3841645742004057,0.0,-1.5802707930367506,-0.21567537520844915,-0.04540162980209546,0.890397376357468,-0.3841645742004057,0.0,Biotechnology,Healthcare,PHAR
2011Q1,2011,Q1,2011-03-31,2011-03-31,-3598000.0,636000.0,-4295000.0,-0.992546,517000.0,0.8128930817610063,32867000.0,8274000.0,23962000.0,7592000.0,24593000.0,8894000.0,0.0,52892621.22175499,38408621.22175499,1.8499592289019349,3.1562170706006323,0.0,0.0,,1.8499592289019349,-0.43485617597292725,83.16449877634433,-3.675140440644455,6.3926300727284255,0.0,0.013379806611198562,0.0,0.019350716524173184,1.9077976817702844,-0.1094715063741747,-11.536013352618319,0.8128930817610063,0.8457175276721507,0.8711036464054708,0.3613647395624536,0.0,0.0,0.8346507352941176,0.8339454861782332,0.8711036464054708,0.3613647395624536,0.0,Biotechnology,Healthcare,PHAR
2010Q4,2010,Q4,2010-12-31,2010-12-31,-21760000.0,-97000.0,-25865000.0,-6.43330369953397,0.0,0.0,37288000.0,10864000.0,29247000.0,9684000.0,27188000.0,9013000.0,-241213000.0,42466787.24957299,32164787.249572992,3.2119214793996806,3.0201363073110286,0.0,0.0,-1.9897905041869068,3.2119214793996806,-2.0029455081001473,-437.801930407969,-0.48789966968718973,3.908945807214009,0.0,0.0,0.0,-0.002601373095902167,1.063816604708798,-0.5835657584209397,-2022.2279642653805,0.0,-2.240808838851786,0.173598261659362,-1.0583615979721697,-0.7225928100594229,0.0,-2.2880024176488365,-2.9554977825355557,0.173598261659362,-1.0583615979721697,-0.7225928100594229,Biotechnology,Healthcare,PHAR
2010Q3,2010,Q3,2010-09-30,2010-09-30,-6618000.0,265000.0,-6539000.0,-1.985092,0.0,0.0,54355000.0,12308000.0,29392000.0,18678000.0,36419000.0,11188000.0,0.0,41448343.528274,35762343.528274,3.6388374050489016,1.573616018845701,0.20448900745101647,0.9030711732206694,-0.27917004653545663,3.6388374050489016,-0.537699057523562,156.40884350292075,-1.5657428047852069,3.3675937218292167,0.0,0.0,0.0,0.004875356452948211,0.8995074419102688,-0.12175512832306136,6.882820247139488,0.0,0.847692231200907,0.7191697288784648,-0.5077353244108435,0.0,0.0,0.6737973186119873,-0.13327556325823223,0.7191697288784648,-0.5077353244108435,0.0,Biotechnology,Healthcare,PHAR
2010Q2,2010,Q2,2010-06-30,2010-06-30,-20288000.0,198000.0,-5770000.0,-13.033425777633875,0.0,0.0,72112000.0,11375000.0,44934000.0,51479000.0,60737000.0,11205000.0,0.0,21255429.099186003,23271429.099186003,7.307532443837999,0.8728607781813944,0.47903261593077434,3.036835164835165,,7.307532443837999,-1.7835604395604396,107.35065201609092,-0.2619211984816887,1.8686091515767913,0.0,0.0,0.0,0.0027457288662081207,0.6318693059305737,-0.28134013756378967,-5.624617385336333,0.0,-1.6262613073114751,-0.46067674188952074,-0.48096243385425946,0.0,0.0,-1.634463056745877,0.03139164008729226,-0.46067674188952074,-0.48096243385425946,0.0,Biotechnology,Healthcare,PHAR
2010Q1,2010,Q1,2010-03-31,2010-03-31,-7701000.0,207000.0,-5957000.0,-4.96273,0.0,0.0,61403000.0,5853000.0,33958000.0,49173000.0,55550000.0,11286000.0,0.0,19244422.08513,34202422.08513,3.760086803849126,0.6905822300856161,0.5906551797143462,6.196480437382539,,3.760086803849126,-1.3157355202460277,92.96822263347825,-0.6247377640932995,3.2879586682265503,0.0,0.0,0.0,0.0033711707897008288,0.4333679051512009,-0.1254173248864062,-3.0600130521752265,0.0,0.36250348336387,0.20731744184624093,0.2730938903889406,0.0,0.0,0.1396492012065691,0.12972972972972974,0.20731744184624093,0.2730938903889406,0.0,Biotechnology,Healthcare,PHAR
2009Q4,2009,Q4,2009-12-31,2009-12-31,-8951000.0,565000.0,-6845000.0,-7.784717046277799,0.0,0.0,55883000.0,13313000.0,28570000.0,36270000.0,42570000.0,11255000.0,-262068000.0,13402572.803322,26768572.803322002,11.578364209261126,0.7877033360904329,0.5241128786929835,2.2000300458198754,-0.1408494176715091,11.578364209261126,-0.6723503342597461,23.721367793490266,-0.374331717219361,1.0067282207858483,0.0,0.0,0.0,0.010110409247892919,0.4390129583677971,-0.16017393482812303,-2.279736826555877,0.0,-0.12045430154626854,0.0,0.0,0.0,0.0,-0.11733865934340282,-0.024547223469540486,0.0,0.0,0.0,Biotechnology,Healthcare,PHAR
2009Q3,2009,Q3,2009-09-30,2009-09-30,-8011000.0,183000.0,-6681000.0,-6.947822,0.0,0.0,,,,,,,,13102638.439603997,,,0.0,0.0,0.0,0.0,,0.0,71.599117156306,-0.4088952203096991,0.0,0.0,0.0,0.0,0.0,0.0,0.0,-2.6085284570185143,0.0,0.2213465457712741,0.0,0.0,0.0,0.0,0.09826654660063035,0.1505403687221869,0.0,0.0,0.0,Biotechnology,Healthcare,PHAR
2009Q2,2009,Q2,2009-06-30,2009-06-30,-8884000.0,244000.0,-7865000.0,-8.92286801306491,0.0,0.0,,,,,,,,11843759.866588,,,0.0,0.0,0.0,0.0,,0.0,48.53999945322951,-0.333289055228163,0.0,0.0,0.0,0.0,0.0,0.0,0.0,-1.6318214200314136,0.0,-0.4983130946516855,0.0,0.0,0.0,0.0,-0.4296749275828774,-0.21805792163543442,0.0,0.0,0.0,Biotechnology,Healthcare,PHAR
2009Q1,2009,Q1,2009-03-31,2009-03-31,-6214000.0,104000.0,-6457000.0,-5.955276,0.0,0.0,,,,,,,,12551748.375971999,,,0.0,0.0,0.0,0.0,,0.0,120.68988823049999,-0.5049786118430962,0.0,0.0,0.0,0.0,0.0,0.0,0.0,-1.9526677622856252,0.0,0.0,0.0,0.0,0.0,0.0,0.0,0.0,0.0,0.0,0.0,Biotechnology,Healthcare,PHAR
