Quarters,Year,Quarter,FillingDate,Date,NetIncome,Revenue,OperatingIncome,EPSDiluted,GrossProfit,GrossProfitRatio,TotalAssets,CommonStockEquity,CurrentAssets,CurrentLiability,TotalLiability,Inventory,RetainedEarnings,MarketCap,EnterpriseValue,bookValuePerShare,currentRatio,debtToAssets,debtToEquity,roic,shareholdersEquityPerShare,roe,priceToSalesRatio,peRatio,pbRatio,payoutRatio,inventoryTurnover,dividendYield,assetTurnover,quickRatio,returnOnAssets,priceToFreeCashFlowsRatio,grossProfitMargin,epsdilutedGrowth,fiveYNetIncomeGrowthPerShare,fiveYRevenueGrowthPerShare,fiveYShareholdersEquityGrowthPerShare,grossProfitGrowth,netIncomeGrowth,operatingIncomeGrowth,threeYNetIncomeGrowthPerShare,threeYRevenueGrowthPerShare,threeYShareholdersEquityGrowthPerShare,Industry,Sector,Symbol
2023Q1,2023,Q1,2023-05-10,2023-03-31,25000000.0,1167400000.0,80500000.0,0.13,681000000.0,0.5833476101,8941400000.0,3811100000.0,1754800000.0,1074600000.0,5130300000.0,929800000.0,877500000.0,4004024000.0,6974124000.0,20.57829373650108,1.6329797133817234,0.35237211174983785,0.8267166959670437,0.011419595606159511,20.57829373650108,0.006559785888588596,3.4298646565016275,40.040240000000004,1.0506216053108026,0.0,0.5231232523123253,0.0,0.13056120965396917,0.5912897822445561,0.0027959827320106472,-14.613226277372263,0.583347610073668,1.3333333333333333,-0.7960289658411926,0.4848315248688896,1.8477600934052214,0.24839596700274977,1.343878954607978,3.3887240356083086,-0.5593999950066983,0.3441213310953646,1.5536875995874564,Leisure,Consumer Cyclical,MODG
2022Q4,2022,Q4,2023-03-01,2022-12-31,-72700000.0,851300000.0,-33700000.0,-0.39,545500000.0,0.6407846823,8590400000.0,3774300000.0,1518900000.0,1176200000.0,4816100000.0,959200000.0,852500000.0,3651775000.0,6381075000.0,20.41265548945376,1.2913620132630506,0.33869202831067236,0.7708714198659354,-0.003922087870687243,20.41265548945376,-0.019261849879447845,4.2896452484435565,-12.557685694635488,0.967537026733434,0.0,0.31880733944954126,0.0,0.09909899422611287,0.29544295187893216,-0.00846293536971503,-14.537320859872612,0.6407846822506754,-2.95,-0.9181230180829452,1.271894719370515,1.9716655572226547,-0.1051509186351706,-2.8883116883116884,-2.2574626865671643,-0.2670267678032919,0.38967113653595825,1.5046271598000258,Leisure,Consumer Cyclical,MODG
2022Q3,2022,Q3,2022-11-04,2022-09-30,38500000.0,988500000.0,26800000.0,0.2,609600000.0,0.6166919575,8221700000.0,3806500000.0,1360800000.0,1039000000.0,4415200000.0,722300000.0,925200000.0,3559248000.0000005,6026048000.0,20.59794372294372,1.309720885466795,0.32439763066032573,0.7006699067384736,0.0033344346856699065,20.59794372294372,0.010114278208327861,3.6006555386949928,23.112000000000002,0.9350447918034942,0.0,0.5245742766163644,0.0,0.12023060924139777,0.45745909528392686,0.004682729849057981,-125.76848056537104,0.6166919575113808,-0.6226415094339622,5.430419389978214,1.0739212133082923,1.9343304871487161,-0.0855085508550855,-0.6347248576850095,-0.7922480620155039,-0.3685852014085716,0.1809555793312893,1.4934090742581314,Leisure,Consumer Cyclical,MODG
2022Q2,2022,Q2,2022-06-30,2022-06-30,105400000.0,1115700000.0,129000000.0,0.53,666600000.0,0.5974724388,8156200000.0,3790200000.0,1341700000.0,1036300000.0,4366000000.0,604000000.0,886700000.0,3767879999.9999995,6276080000.0,20.52084461288576,1.2947023062819647,0.32938132954071747,0.7088016463511161,0.01569929677389878,20.52084461288576,0.02780855891509683,3.377144393654208,8.937096774193549,0.9941111287003324,0.0,0.7435430463576159,0.0,0.13679164316716116,0.5627713982437518,0.012922684583507026,203.66918918918915,0.5974724388276419,0.2325581395348838,0.709860079568186,0.8686829324186001,1.9661677362998218,0.1309806582965728,0.21568627450980393,0.3679745493107105,0.8555808447921671,0.27211512982571423,1.533648411562933,Leisure,Consumer Cyclical,MODG
2022Q1,2022,Q1,2022-03-31,2022-03-31,86700000.0,1040200000.0,94300000.0,0.43,589400000.0,0.5666218035,8079400000.0,3700500000.0,1403500000.0,1156500000.0,4378900000.0,552400000.0,781300000.0,4335042000.0,7277342000.0,19.991896272285253,1.2135754431474275,0.39449711612248434,0.8613160383731928,0.01383742141377187,19.991896272285253,0.02342926631536279,4.16750817150548,12.500121107266438,1.1714746655857318,0.0,0.8160753077480087,0.0,0.1287471841968463,0.6052745352356247,0.010730994875857118,-14.002073643410853,0.566621803499327,4.071428571428571,0.7152073300676152,0.7112194494809458,2.058017064345975,0.3114360157621526,4.305879661404713,2.698854219211645,-0.08833934434351089,0.030793215008990214,1.551597358301036,Leisure,Consumer Cyclical,MODG
2021Q4,2021,Q4,2021-12-31,2021-12-31,-26226000.0,711724000.0,-55508000.0,-0.14,449431000.0,0.6314680972,7747780000.0,3682902000.0,1165753000.0,866025000.0,4064878000.0,533457000.0,682165000.0,5103044425.971,7703521425.971,19.80363605078211,1.346096244334748,0.3811024577362806,0.8017313520696451,-0.0018797125498972167,19.80363605078211,-0.007121014895318963,7.169976600439215,-48.64489844020247,1.38560418549584,0.0,0.4916853654558849,0.0,0.0918616687618905,0.5869068444906325,-0.003384969630010145,-55.51312946392167,0.6314680971837398,-0.5555555555555558,-1.1076663879798738,1.2003167371196237,2.1120065641074017,-0.1488484490376439,-0.6400475267337877,-1.7302723325878173,0.5323596298220649,1.0017779285761028,1.5829558126280592,Leisure,Consumer Cyclical,MODG
2021Q3,2021,Q3,2021-09-30,2021-09-30,-15991000.0,856461000.0,76010000.0,-0.09,528027000.0,0.6165219432058202,7397379000.0,3721926000.0,1339411000.0,840155000.0,3675453000.0,385311000.0,708391000.0,5138157504.037001,7258084504.037001,20.014336185155113,1.5942427290202403,0.35527502376179454,0.7061139850711702,-0.0031889306521623007,20.014336185155113,-0.004296431471232905,5.999289522858602,-80.3288960045807,1.3805103873739026,0.0,0.8523867732818424,0.0,0.11577898063624968,0.9086418577524386,-0.002161711600825103,75.25789471888275,0.6165219432058202,-1.1914893617021276,-0.3791418771114863,1.3065972687538558,2.8960419501546197,-0.05004974390434778,-1.1743002267178235,-0.2914075828058433,-1.8536406829657694,0.6566208503593861,1.5187510769759172,Leisure,Consumer Cyclical,MODG
2021Q2,2021,Q2,2021-06-30,2021-06-30,91744000.0,913641000.0,107269000.0,0.47,555847000.0,0.6083866639084717,7271834000.0,3739463000.0,1254050000.0,787632000.0,3532371000.0,335346000.0,724393000.0,6247639249.999999,8411793249.999999,20.188759616682415,1.5921775651573324,0.3547052916774503,0.6897669531694791,0.017177772715299272,20.188759616682415,0.024534003946555964,6.8381774132290465,17.02465351957621,1.6707316665521224,0.0,1.0669398173826437,0.0,0.1256410693643447,0.940133209417596,0.012616349603140006,71.7533880396458,0.6083866639084717,-0.7853881278538812,0.3655947275953762,0.8885132745988507,2.9035606684605217,0.6843542238625965,-0.6632765790333296,0.4095980236271173,-0.23207939705945624,0.17451887094459514,1.5721600886041103,Leisure,Consumer Cyclical,MODG
2021Q1,2021,Q1,2021-03-31,2021-03-31,272461000.0,651621000.0,76099000.0,2.19,330006000.0,0.5064385586099895,7108557000.0,3612819000.0,1203191000.0,696339000.0,3495738000.0,336314000.0,632650000.0,3142643500.0,5364302500.0,30.75210670570811,1.727881103887618,0.368421889280764,0.7249042921884545,0.008704664283522642,30.75210670570811,0.07541507061383368,4.8228088106429965,2.8835718690014347,0.8698591044832304,1.1010750162408565e-05,0.9562938206556968,9.54610346353317e-07,0.09166712737901658,1.042782322977745,0.03832859467821669,-29.251035490566565,0.5064385586099895,6.093023255813954,4.675719609553595,0.9014950961058958,5.382778049734322,1.3720448811483363,7.714831427444795,3.3592931328476205,2.504309745801743,0.3065385060298938,3.255679474013813,Leisure,Consumer Cyclical,MODG
2020Q4,2020,Q4,2020-12-31,2020-12-31,-40576000.0,374629000.0,-32255000.0,-0.43,139123000.0,0.3713620675388184,1980600000.0,675644000.0,912627000.0,391272000.0,1304956000.0,352544000.0,360228000.0,2261381850.0,2790130850.0,7.173583904018686,2.3324618168435256,0.45181662122589117,1.3244667310003493,-0.015431029172910407,7.173583904018686,-0.060055295392247986,6.036323536085034,-13.933001343158518,3.3470020454558913,0.0,0.6680187437596442,0.0,0.18914924770271635,1.291250076673005,-0.020486721195597295,23.23273865784499,0.3713620675388184,-1.796296296296296,-0.305393971403486,1.3936443166139196,0.6029275908210833,-0.3069251194372624,-1.7738785474519378,-1.5078807728038546,-1.1016793015447357,0.9627370960927215,0.044327242010863466,Leisure,Consumer Cyclical,MODG
2020Q3,2020,Q3,2020-09-30,2020-09-30,52432000.0,475559000.0,63509000.0,0.54,200733000.0,0.4220990455442963,1966308000.0,688534000.0,925146000.0,371410000.0,1277774000.0,324852000.0,400805000.0,1802432845.829,2410388845.829,7.3115290269828295,2.4909022374195633,0.45497043189571523,1.2992996714759184,0.03233577895488165,7.3115290269828295,0.07615019737587396,3.790135074363013,8.594145015586856,2.6177833568552895,0.0,0.8460037186164776,0.0,0.2418537685855929,1.4367599149188228,0.026665201992770206,13.150876605736258,0.4220990455442963,1.303370786516854,13.911100635530854,1.4096296362797216,0.47369476451860404,0.6446110360083569,1.3126833806445457,1.3579000163427237,16.18540524562361,0.9579643048543349,0.0415817627295846,Leisure,Consumer Cyclical,MODG
2020Q2,2020,Q2,2020-06-30,2020-06-30,-167684000.0,296996000.0,-177449000.0,-1.78,122055000.0,0.41096513084351305,1859656000.0,624548000.0,840561000.0,343620000.0,1235108000.0,379169000.0,348376000.0,1648408910.0000002,2377912910.0,6.634176394981995,2.446193469530295,0.4806910525387491,1.4313071213101314,-0.09854703783010527,6.634176394981995,-0.26848857093449985,5.55027310132123,-2.457612100737101,2.639363043352953,-0.005617709501204647,0.46138001788120864,0.0005714601481983012,0.1597048056199641,1.1496536872126186,-0.09016936465668919,25.27575494119632,0.41096513084351305,-6.933333333333334,-11.893838063910497,0.07295545275813554,0.5147849318011694,-0.3762329180167012,-6.80341939503011,-5.362069813176008,-6.337030386377011,-0.024051559755759098,-0.04106871081900318,Leisure,Consumer Cyclical,MODG
2020Q1,2020,Q1,2020-03-31,2020-03-31,28894000.0,442276000.0,40680000.0,0.3,195674000.0,0.442425092023985,2135076000.0,759967000.0,934122000.0,648908000.0,1375109000.0,412690000.0,517004000.0,963837980.0000001,1799801980.0,8.058265913115397,1.4395291782502295,0.46958468925696323,1.3192664944662071,0.015706251014836255,8.058265913115397,0.038020071924175655,2.1792681040798056,8.339430158510417,1.2682629377328227,0.0328441891050045,0.5975477961666141,0.0009846053171716682,0.20714766125421297,0.6891778187354756,0.0135330077243152,-8.711872192344195,0.442425092023985,1.967741935483871,-0.3349439840863933,0.2831144807845946,0.9331295455995776,0.5034729692350247,1.988910945307687,2.795550847457627,0.12191117489763756,0.4280240126681476,0.23261517245395089,Leisure,Consumer Cyclical,MODG
2019Q4,2019,Q4,2019-12-31,2019-12-31,-29218000.0,311941000.0,-22656000.0,-0.31,130148000.0,0.4172199229982593,1960548000.0,767353000.0,789350000.0,523246000.0,1193195000.0,456639000.0,489382000.0,1996064894.154,2648668894.1540003,8.149977696114876,1.5085638495086442,0.38727437430759154,0.9894663863958308,-0.01240175313042973,8.149977696114876,-0.0380763481735264,6.39885393120494,-17.079068503610788,2.601234235291971,-0.032240399753576565,0.3981109804462606,0.0004719285443869557,0.15910908582702388,0.491241213501871,-0.014902976106680376,412.58058994501863,0.4172199229982593,-1.96875,0.42041565872948244,0.9095464947199632,1.1688433240033214,-0.31998181713682605,-1.9410590054109766,-1.559559386500037,-1.236921799486217,0.9048136855877924,0.28071350243970744,Leisure,Consumer Cyclical,MODG
2019Q3,2019,Q3,2019-09-30,2019-09-30,31048000.0,426217000.0,40489000.0,0.32,191389000.0,0.4490412160941492,1859648000.0,777356000.0,731845000.0,407905000.0,1082292000.0,340314000.0,519551000.0,1826481000.0,2459592000.0,8.2609564293305,1.7941555018938233,0.3878836209863372,0.9279236282990033,0.022868008406524,8.2609564293305,0.03994051631427557,4.285331181065044,14.70691348879155,2.349606872526873,0.030307910332388558,0.6900333221671751,0.0005151983513652757,0.22919229875761435,0.8031208247018301,0.016695632721891455,18.05322618906417,0.4490412160941492,0.06666666666666674,23.591758626700177,1.0862905581353584,0.8854005123667982,-0.07459734934749078,0.07317410390238845,-0.10420584526206332,6.291805490890606,1.2684638877142405,0.6080989396462319,Leisure,Consumer Cyclical,MODG
2019Q2,2019,Q2,2019-06-30,2019-06-30,28931000.0,446708000.0,45199000.0,0.3,206817000.0,0.4629802913760219,1937221000.0,761936000.0,785980000.0,461791000.0,1175285000.0,360467000.0,489445000.0,1630302419.9999998,2355718420.0,8.099326062461467,1.7020253751155825,0.4165275928766,1.0590207051510887,0.02079289274458892,8.099326062461467,0.03797038071439071,3.6495930675071855,14.08785057550724,2.139684199197833,0.03249109951263351,0.6655005867388692,0.0005765801414930121,0.23059217301484963,0.7807839477166078,0.01493427956851593,28.23230041907664,0.4629802913760219,-0.4,6.086620772379332,0.5896914914101846,0.7915705650084798,-0.1325990949239409,-0.40528706806175097,-0.35092480900683554,-0.15211373852031884,0.8180180242301138,0.5660303683212236,Leisure,Consumer Cyclical,MODG
2019Q1,2019,Q1,2019-03-31,2019-03-31,48647000.0,516197000.0,69636000.0,0.5,238433000.0,0.4619031106341184,1933722000.0,741854000.0,823312000.0,518238000.0,1182388000.0,382298000.0,461456000.0,1509262960.0,2247769960.0,7.8350513286299694,1.5886754734311261,0.4227319128602767,1.1018960604108086,0.03438439515562561,7.8350513286299694,0.06557489748656743,2.9238119555131084,7.756197504470984,2.0344474249650197,0.01959010833144901,0.7265640939790425,0.000631434034530338,0.26694478316945247,0.7209602537830109,0.025157183917853754,-11.441784880371168,0.4619031106341184,2.666666666666667,-0.2813247297953051,0.19873807083876943,0.7720473949647626,2.407597433222335,2.706972174462262,2.6361457672517092,0.2573824191878227,0.8690045061297674,0.6262103314579913,Leisure,Consumer Cyclical,MODG
2018Q4,2018,Q4,2018-12-31,2018-12-31,-28499000.0,180678000.0,-42561000.0,-0.3,69971000.0,0.38726906430223934,1052944000.0,724574000.0,524906000.0,303237000.0,318636000.0,338057000.0,413799000.0,1445926500.0,1431874500.0,7.667044071742236,1.7310090787074137,0.04741847619626495,0.0689080756416874,-0.04078062768606015,7.667044071742236,-0.039332076502883076,8.002781190847807,-12.684010842485701,1.995553939280184,-0.03322923611354785,0.327480276994708,0.0006549433875096694,0.17159317114680364,0.4487183292276338,-0.027066016806211915,-36.755547929535574,0.38726906430223934,-4.0,0.5348072321452659,0.14794309865440475,1.056925754183992,-0.3928184034918734,-3.9945360933067144,-4.978035330404711,0.08624672225039395,0.15051014900825188,0.7131905958125164,Leisure,Consumer Cyclical,MODG
2018Q3,2018,Q3,2018-09-30,2018-09-30,9517000.0,262654000.0,10699000.0,0.1,115239000.0,0.4387483152740868,982701000.0,750727000.0,473116000.0,207145000.0,222937000.0,237472000.0,443247000.0,2281619550.0,2225281550.0,7.946135038157435,2.2839846484346715,0.014737951828684412,0.01929196632064652,0.012296394064415786,7.946135038157435,0.012677045050997234,8.686787751185971,59.935366974887046,3.0392133891547792,0.09919092150887884,0.6207679221129228,0.0004137411953715071,0.26727763582208625,1.0360665234497575,0.00968453273172613,21.360278890802874,0.4387483152740868,-0.8412698412698413,1.345964586730926,0.13320686049716537,0.7244865315637736,-0.40196785627176346,-0.8436426963707756,-0.8560414424111948,3.335920184478841,0.326541978557058,0.6016044743410893,Leisure,Consumer Cyclical,MODG
2018Q2,2018,Q2,2018-06-30,2018-06-30,60867000.0,396311000.0,74320000.0,0.63,192697000.0,0.4862267259803538,1075422000.0,740682000.0,569799000.0,309327000.0,325686000.0,237068000.0,434674000.0,1790141895.6330001,1839265895.6330001,7.848951434293768,1.8420603439079033,0.09937680278067587,0.1442886420893177,0.06834343298857383,7.848951434293768,0.08217696663345403,4.517012890464812,7.352678362795111,2.416883217943733,0.015492795767821643,0.8588843707290735,0.000526773884405712,0.3685167311064866,1.0047748822443563,0.056598247013730424,17.013646863017737,0.4862267259803538,-0.030769230769230795,3.5543451260060057,0.19626708154470024,0.5713414979675459,-0.038735520946613325,-0.03162835096651022,-0.1356531447711202,2.944844106926704,0.4283211802142563,0.7921551456033668,Leisure,Consumer Cyclical,MODG
2018Q1,2018,Q1,2018-03-31,2018-03-31,62855000.0,403191000.0,85984000.0,0.65,200462000.0,0.49718867732662686,1115548000.0,686302000.0,595892000.0,401474000.0,419037000.0,262290000.0,374758000.0,1536695500.0,1687777500.0,7.226133192945512,1.4842605000572888,0.1701405945777322,0.27655463629714033,0.07700638133794849,7.226133192945512,0.09158504565045708,3.81133383433658,6.112065468140959,2.2390951796730887,0.015177790151936998,0.7729192878112013,0.0006208126463570695,0.3614286431422046,0.769432142554686,0.05634450512214625,-13.107486480492673,0.49718867732662686,4.25,0.12885059451049413,0.048340447658008885,0.4611707961365876,1.5162804709662843,4.242288249252038,5.204185409739878,0.43659458874056906,0.1615200209412406,0.733505908881111,Leisure,Consumer Cyclical,MODG
2017Q4,2017,Q4,2017-12-31,2017-12-31,-19386000.0,191657000.0,-20452000.0,-0.2,79666000.0,0.41566965986110604,991157000.0,649631000.0,465984000.0,314374000.0,331782000.0,262486000.0,324081000.0,1305107400.0,1319003400.0,6.86909583073393,1.482259983331955,0.10045835321750238,0.15327162650797144,-0.02215975117340643,6.86909583073393,-0.029841556206523394,6.8095994406674425,-16.830540080470442,2.008998031190014,-0.04879810172289281,0.4266551358929619,0.0007248445606851973,0.19336694388477305,0.5755596836888547,-0.019558959882238637,-534.2232501023332,0.41566965986110604,-7.666666666666667,0.7942998455986303,0.19959486566676043,0.528820112225418,-0.24056738670378067,-7.3352941176470585,-4.387775385125062,0.6171523579737217,0.16803020182247,0.8279795589536718,Leisure,Consumer Cyclical,MODG
2017Q3,2017,Q3,2017-09-30,2017-09-30,3060000.0,243604000.0,6037000.0,0.03,104902000.0,0.43062511288812994,935983000.0,663005000.0,446601000.0,257122000.0,263831000.0,186585000.0,344413000.0,1362913500.0,1351510500.0,7.019640021175225,1.7369225503846424,0.07544795151193985,0.10651201725477183,0.00555616388456515,7.019640021175225,0.004615349808824971,5.594791136434542,111.34914215686274,2.055660967866004,0.3088235294117647,0.7433716536699092,0.0006933675541404499,0.2602654108034013,0.931658901221988,0.0032692901473637876,17.078902520018545,0.43062511288812994,-0.9090909090909092,1.0250687896571182,0.17117092232410044,0.19972990819096428,-0.2919920359059157,-0.9026810418853163,-0.8769089611581201,3.2183266530540227,0.18799907099937177,0.6020945039201536,Leisure,Consumer Cyclical,MODG
2017Q2,2017,Q2,2017-06-30,2017-06-30,31443000.0,304548000.0,49045000.0,0.33,148165000.0,0.4865078739640385,855164000.0,651794000.0,482033000.0,187992000.0,194238000.0,171780000.0,342300000.0,1204042140.0,1148314140.0,6.918302145139206,2.5641144304012937,0.0072863216880037045,0.009559768884033912,0.04936183526159254,6.918302145139206,0.048240701816831696,3.9535381614720833,9.573212956778931,1.8472740467080089,0.029990776961485863,0.910367912446152,0.0007831951795308428,0.3561281812611382,1.5397304140601729,0.03676838594702303,14.464011099899091,0.4865078739640385,0.2222222222222222,6.757544991464179,-0.2518949285712444,-0.16358397509406233,0.0030464069322682194,0.22398692047179727,0.10943968149840523,6.690569489670906,0.08219032929289649,0.5303281269922813,Leisure,Consumer Cyclical,MODG
2017Q1,2017,Q1,2017-03-31,2017-03-31,25689000.0,308927000.0,44207000.0,0.27,147715000.0,0.4781550333897652,879946000.0,614986000.0,491506000.0,248892000.0,254806000.0,179020000.0,311814000.0,1041354900.0,1070319900.0,6.537535877538003,1.974776208154541,0.08745309371256872,0.12513130380203777,0.0423024626458544,6.537535877538003,0.04177168260740895,3.3708769385647743,10.13424909494336,1.6932985466335821,0.036552610066565454,0.9005250809965367,0.0009017098781596936,0.35107495232662006,1.1839552898445913,0.02919383689453671,-15.068950597632622,0.4781550333897652,-0.7890625,-0.441990775254191,-0.2514681067935228,-0.2117606461158417,1.3405586981667221,-0.7916054870975331,3.637177116267971,-0.6180123787057926,-0.27791197653324207,0.4785893461792553,Leisure,Consumer Cyclical,MODG
2016Q4,2016,Q4,2016-12-31,2016-12-31,123271000.0,163695000.0,-16763000.0,1.28,63111000.0,0.3855401814349858,801282000.0,598906000.0,460425000.0,186854000.0,192682000.0,189400000.0,287129000.0,1031489440.0000001,917480440.0000001,6.363622840385065,2.464089610069894,0.014933568955748414,0.019979763101388198,0.26226470266681035,6.363622840385065,0.20582695781975802,6.301288616023704,2.0919142377363693,1.72228937429246,0.007641699994321454,0.5310665258711721,0.0009132425049353873,0.20429137307464787,1.3618921724983142,0.15384221784590194,-86.67978487394959,0.3855401814349858,22.333333333333336,2.349358187933426,-0.2665351956245471,-0.19029015200514224,-0.19986053882725832,22.014490282986703,-2.1838556505223172,3.0205276897034157,0.04436198633647753,0.7072420071960157,Leisure,Consumer Cyclical,MODG
2016Q3,2016,Q3,2016-09-30,2016-09-30,-5866000.0,187850000.0,-5265000.0,-0.06,78875000.0,0.41988288528080914,688137000.0,483303000.0,451955000.0,155806000.0,195245000.0,157002000.0,164800000.0,1092280410.0,967652410.0,5.137094631222032,2.9007547847964776,0.0,0.0,-0.014065116833238968,5.137094631222032,-0.01213731344518863,5.81464152249135,-46.55133012274122,2.2600323399606457,-0.1602454824411865,0.6940994382237169,0.0008605848749040551,0.27298343207820536,1.8216050729753668,-0.008524465331758066,17.28729440997721,0.41988288528080914,-1.1666666666666667,0.9354637618464922,-0.25337723697620745,-0.42050682116075083,-0.2870572071624199,-1.171998240727166,-1.2523001725129386,0.785859996712228,-0.18611968448045704,0.11486281825952607,Leisure,Consumer Cyclical,MODG
2016Q2,2016,Q2,2016-06-30,2016-06-30,34105000.0,245594000.0,20868000.0,0.36,110633000.0,0.4504711027142357,672525000.0,486307000.0,439175000.0,147187000.0,186218000.0,151446000.0,171607000.0,960036090.0000001,897748090.0000001,5.171883142434781,2.9837893292206514,0.00792684286829486,0.01096221111355584,0.040164702667873656,5.171883142434781,0.07013059651619245,3.90903723217994,7.037355886233691,1.9741358647932274,0.02759126227825832,0.8911493205498989,0.0009801714850115686,0.3651819634957808,1.8687723779953394,0.050711869447232445,11.07359151517948,0.4504711027142357,-0.10000000000000009,1.3676202657829446,-0.38545355222540706,-0.48200283026136154,-0.16435283098676656,-0.11161760875227925,-0.5396223085068832,1.561063970509211,-0.25600826805810034,0.03539876280019287,Leisure,Consumer Cyclical,MODG
2016Q1,2016,Q1,2016-03-31,2016-03-31,38390000.0,274053000.0,45328000.0,0.4,132392000.0,0.4830890375219392,711872000.0,452659000.0,470698000.0,220353000.0,259213000.0,186149000.0,138451000.0,856842239.9999999,900675239.9999999,4.817981522479564,2.136108879842798,0.11093145958824058,0.17445582657143677,0.0822606182340689,4.817981522479564,0.08480997837224047,3.1265566879399236,5.5798530867413385,1.8929088784272485,0.02451159156030216,0.7610086543575308,0.0010982185005258378,0.3849751078845635,1.2262279161164131,0.053928234289310435,-11.211983983669622,0.4830890375219392,2.212121212121212,1.0498545693072325,-0.34324546013474305,-0.562087116164474,1.5924649486958564,2.2606725338237226,2.54450047703421,-0.30302368474323743,-0.2796735762827729,-0.02577302286020607,Leisure,Consumer Cyclical,MODG
2015Q4,2015,Q4,2015-12-31,2015-12-31,-30452000.0,153331000.0,-29348000.0,-0.33,51068000.0,0.33305724217542443,631224000.0,412945000.0,391487000.0,178636000.0,218279000.0,208883000.0,101047000.0,869202240.0,834370240.0,4.475301283162823,2.191534741037641,0.023714244071835037,0.03624937945731272,-0.06971247842363801,4.475301283162823,-0.07374347673418978,5.668796525164513,-7.135838696965716,2.1048862197144897,-0.030769735977932484,0.48957071662126644,0.0010779999830649307,0.24291059909002194,0.9286761906894467,-0.04824277910852566,-237.1629577080491,0.33305724217542443,-7.250000000000001,0.34617233643265116,-0.4276456050231738,-0.5874687297555072,-0.3419241772119275,-7.419131877246337,-39.26336375488918,0.6688235381038925,-0.016357891277177277,-0.003954701089602322,Leisure,Consumer Cyclical,MODG
2015Q3,2015,Q3,2015-09-30,2015-09-30,-3617000.0,175780000.0,767000.0,-0.04,77602000.0,0.4414722949140972,638590000.0,416134000.0,405478000.0,155847000.0,222456000.0,184845000.0,132437000.0,700356250.0,685465250.0,4.9613591654247395,2.601769684369927,0.04181243051096948,0.06416442780450528,0.003026436657659593,4.9613591654247395,-0.008691911739968375,3.9842772215269084,-48.40726085153442,1.6830065555806542,-0.2457837987282278,0.5311368984825123,0.001269353989487493,0.27526268810974175,1.2571175576045737,-0.005664041090527569,11.980912994388943,0.4414722949140972,-1.2857142857142858,0.8493507571208068,-0.23650019357336438,-0.5616323721044667,-0.23692930961581954,-1.2821813075362771,-0.9587456970740104,0.9666320229826665,-0.04835547078749401,-0.1520518205945136,Leisure,Consumer Cyclical,MODG
2015Q2,2015,Q2,2015-06-30,2015-06-30,12818000.0,230504000.0,18592000.0,0.14,101697000.0,0.44119407906153474,682556000.0,343340000.0,446782000.0,190307000.0,339216000.0,171396000.0,136944000.0,700851300.0,825705300.0,4.379616046941769,2.347690836385419,0.2220594354162882,0.44145162229859614,0.03290252116139766,4.379616046941769,0.037333255664938544,3.0405168673862493,13.66927952878764,2.041274829614959,0.061242003432672804,0.7515169548880954,0.0011200664106637173,0.33770708923516896,1.301050408024928,0.018779411506162132,12.939908053616927,0.44119407906153474,-0.631578947368421,-0.08950422963184719,-0.38170526360262264,-0.6179143256728906,-0.2009099052378483,-0.6421452301850973,-0.4965883244882487,2.800520358411605,-0.3195318820339864,-0.4705086641567051,Leisure,Consumer Cyclical,MODG
2015Q1,2015,Q1,2015-03-31,2015-03-31,35819000.0,284179000.0,36932000.0,0.38,127266000.0,0.4478374545620894,733144000.0,324114000.0,496544000.0,260341000.0,409030000.0,181488000.0,124929000.0,740986090.0,920844090.0,4.16850796753823,1.9072831401892134,0.27701788461748306,0.6266128584386975,0.06698866163932761,4.16850796753823,0.11051358472636172,2.6074625148234034,5.1717390909852305,2.286189704856933,0.021776152321393672,0.8645915983425901,0.0010526513392444385,0.38761689381622166,1.0970803676716308,0.04885670482197222,-7.989843650596823,0.4478374545620894,1.7037037037037037,0.4442918635577005,-0.2318778712778195,-0.6338700478015883,2.447448260916676,1.862298081321168,1.9442143478038554,-0.05867059321569231,-0.16693207523215053,-0.4973974768868563,Leisure,Consumer Cyclical,MODG
2014Q4,2014,Q4,2014-12-31,2014-12-31,-41539000.0,134606000.0,-39114000.0,-0.54,36916000.0,0.2742522621577047,624811000.0,291534000.0,384033000.0,184128000.0,333277000.0,207229000.0,89932000.0,597381400.0,683555400.0,3.757753087056276,2.0856849582898853,0.19815432186693255,0.4246811692632763,-0.09888628661012241,3.757753087056276,-0.14248423854507536,4.437999791985498,-3.595304412720576,2.0490968463369623,-0.01865716555526132,0.4714108546583731,0.001297328641300181,0.21543474746763422,0.8060208116093153,-0.06648250430930314,-175.0824736225088,0.2742522621577047,-53.0,-1.174588943753261,-0.4102223188101506,-0.6643377536516133,-0.43473134579754086,-35.6305114638448,-13.894897182025895,0.44841096062767205,-0.2683530874296812,-0.5218620340581921,Leisure,Consumer Cyclical,MODG
2014Q3,2014,Q3,2014-09-30,2014-09-30,-1134000.0,168572000.0,-2626000.0,-0.01,65307000.0,0.38741309351493725,627544000.0,340209000.0,391619000.0,137585000.0,287335000.0,185583000.0,132246000.0,562157040.0,637081040.0,4.381539293717641,2.8463786023185667,0.17271458256313502,0.3185865159357924,-0.007997886842681642,4.381539293717641,-0.0033332451522446495,3.334818593835275,-123.93232804232805,1.6523873266139346,-0.6869488536155203,0.5564356649046518,0.0013857337800127878,0.2686218018178805,1.2832212813896864,-0.0018070446056372143,8.37640123971868,0.38741309351493725,-1.25,0.9312231700687971,-0.2806600309332212,-0.6175630889168712,-0.2808074356320067,-1.3365983971504898,-1.2429007492368884,0.9848832831004781,-0.18818269628816767,-0.5057377144478434,Leisure,Consumer Cyclical,MODG
2014Q2,2014,Q2,2014-06-30,2014-06-30,3369000.0,231893000.0,10811000.0,0.04,90806000.0,0.39158577447357185,702324000.0,350963000.0,461169000.0,200275000.0,351361000.0,208796000.0,134159000.0,645906560.0,785327560.0,4.520796568469594,2.3026788166271377,0.2397839173942511,0.4798397551878688,0.013378081511376804,4.520796568469594,0.00959930249057593,2.7853646293764798,47.93013950727219,1.8403836301832388,0.23063223508459482,0.675716967758003,0.001202960378665298,0.3301795182850081,1.1266758207464735,0.004796931330838758,7.0766443526563165,0.39158577447357185,-0.9322033898305084,-0.6036993514803269,-0.3761310427193633,-0.5907994943760632,-0.4493168462737345,-0.9390909748336708,-0.8247158584237236,1.0439843167583827,-0.2971865768812138,-0.547213314195463,Leisure,Consumer Cyclical,MODG
2014Q1,2014,Q1,2014-03-31,2014-03-31,55312000.0,351874000.0,61677000.0,0.59,164897000.0,0.46862513286005786,827529000.0,342089000.0,588647000.0,335404000.0,485440000.0,246197000.0,131576000.0,790721400.0,1015768400.0,4.4214682693550476,1.7550386995980967,0.300417266343536,0.7267231626857338,0.10170434356529709,4.4214682693550476,0.16168891721160283,2.2471719990678483,3.573914340468615,2.3114493596695596,0.01399334683251374,0.7594609195075488,0.00097885298159377,0.42521047600748735,0.9325440364455999,0.06683995364512905,-6.1369495366561635,0.46862513286005786,1.9076923076923076,5.602667448688008,0.05247109352485098,-0.5221524614553927,4.635384983425037,2.1174367158932506,2.3601120250512713,2.5863918019672836,0.023974481406491666,-0.5981267442420429,Leisure,Consumer Cyclical,MODG
2013Q4,2013,Q4,2013-12-31,2013-12-31,-49499000.0,127170000.0,-45347000.0,-0.65,29261000.0,0.23009357552881968,663863000.0,284619000.0,421603000.0,226196000.0,379244000.0,263492000.0,77038000.0,643697940.0,740399940.0,3.7274286911653003,1.8638835346336806,0.20108817632553705,0.4690305285311241,-0.109917218335264,3.7274286911653003,-0.1739131962377775,5.061712196272706,-3.2510653750580816,2.26161268221728,-0.014485141113961899,0.37158243893552745,0.0011138764868503387,0.19156060813752235,0.5712921537074042,-0.07456207078870189,-31.209597090909092,0.23009357552881968,-1.2413793103448278,-11.959842439785238,-0.3868548638672428,-0.5934774997683527,-0.5074651988755913,-1.3400463291258924,-1.6641795429175723,-0.2842787161613693,-0.4263656961549786,-0.6564072907231252,Leisure,Consumer Cyclical,MODG
2013Q3,2013,Q3,2013-09-30,2013-09-30,-21153000.0,178229000.0,-17021000.0,-0.29,59409000.0,0.3333295928272054,650909000.0,334754000.0,410105000.0,163007000.0,316155000.0,190870000.0,138960000.0,517260880.0,587517880.0,4.607826673457309,2.515873551442576,0.16539331918901107,0.32159735208541196,-0.0404567022492167,4.607826673457309,-0.06318968556014268,2.902226237032133,-6.113327660379142,1.5451970103419226,-0.08949085236136718,0.6225179441504689,0.0036596620258620757,0.2738155410356901,1.1948566625973118,-0.032497630237099194,7.2160497753968915,0.3333295928272054,-3.4166666666666665,-1.4447397434503801,-0.28172812886721543,-0.5171420376796227,-0.37890477982687243,-3.100387250521299,-2.4829238543300227,-0.01716944657013868,-0.10624037044677467,-0.5928692156226263,Leisure,Consumer Cyclical,MODG
2013Q2,2013,Q2,2013-06-30,2013-06-30,10071000.0,249646000.0,11478000.0,0.12,95652000.0,0.3831505411662915,715700000.0,355204000.0,478695000.0,205406000.0,357668000.0,187230000.0,162551000.0,475732590.0,591750590.0,4.995064054787585,2.3304820696571666,0.203963951376275,0.41096665578090336,0.020045636389014975,4.995064054787585,0.028352721253139042,1.9056287302820794,11.809467530533214,1.339322164164818,0.1483467381590706,0.8224857127597073,0.003140419705112067,0.3488137487774207,1.2621296359405276,0.014071538354058962,15.515886305078112,0.3831505411662915,-0.7333333333333334,-0.7588653687401146,-0.39402884435464763,-0.49299280912538035,-0.2666748443681192,-0.7582573211713874,-0.7139653110047847,-0.21135448132620038,-0.2617673082912084,-0.5642215214246163,Leisure,Consumer Cyclical,MODG
2013Q1,2013,Q1,2013-03-31,2013-03-31,41660000.0,287756000.0,40128000.0,0.45,130436000.0,0.4532868124383158,764308000.0,351423000.0,520273000.0,256173000.0,409786000.0,201951000.0,153980000.0,476812600.0,635531600.0,4.945440472839854,2.030943932420669,0.24439231304657286,0.5315275323470575,0.07038622993606941,4.945440472839854,0.11854659484438981,1.6570031554511462,2.8613334133461357,1.356805331466637,0.035885741718674986,0.7790008467400508,0.003135403720455374,0.37649219947979085,1.1227764050075535,0.054506821857157065,-4.597778313485367,0.4532868124383158,1.45,-0.055629245261825944,-0.29392804318023136,-0.48183672527019644,12.959332191780822,1.5888422451200723,1.5656770701175675,0.838030547035103,-0.14895086512023176,-0.5656302211675357,Leisure,Consumer Cyclical,MODG
2012Q4,2012,Q4,2012-12-31,2012-12-31,-70749000.0,119938000.0,-70938000.0,-1.0,9344000.0,0.07790691857459688,637636000.0,318990000.0,386996000.0,161566000.0,315928000.0,211734000.0,113831000.0,461474000.0,516604000.0,4.493070032114486,2.3952811853979177,0.16801592130933637,0.3358506536255055,-0.17193119372944846,4.493070032114486,-0.2217906517445688,3.8476045957077822,-1.6306732250632516,1.446672309476786,-0.021102771770625733,0.5223251815957758,0.003235285194832211,0.18809791166119855,0.8967542676058081,-0.11095515309675112,-235.56610515569167,0.07790691857459688,0.2248062015503876,-3.0935873426533664,-0.35714950786119026,-0.4751956934666059,1.4589473684210525,0.18490057374593885,0.14211080071109822,-3.0473292395681715,-0.425741003311418,-0.5986553812768965,Leisure,Consumer Cyclical,MODG
2012Q3,2012,Q3,2012-09-30,2012-09-30,-86798000.0,147906000.0,-82689000.0,-1.29,3800000.0,0.025691993563479506,681938000.0,392966000.0,422772000.0,135927000.0,286069000.0,189066000.0,186074000.0,429836800.0,477622800.0,5.8510169441052975,3.110287139420424,0.15679577908842152,0.2720973315757597,-0.1668558200410635,5.8510169441052975,-0.22087916002911193,2.906148499722797,-1.238037742805134,1.0938269468605428,-0.03424042028618171,0.7621994435805486,0.006914252106846133,0.21689068507694248,1.5187931757487474,-0.12728136575465804,7.146913190229952,0.025691993563479506,-33.25,-68.74084354663292,-0.37811936765908505,-0.3490508165517743,-0.9656584096228751,-32.010360843158274,-9.644051850303157,-5.086032753704537,-0.270324084474186,-0.4893016593490174,Leisure,Consumer Cyclical,MODG
2012Q2,2012,Q2,2012-06-30,2012-06-30,2799000.0,281123000.0,9566000.0,0.04,110653000.0,0.393610625953764,805125000.0,538135000.0,523054000.0,220534000.0,264081000.0,215794000.0,275942000.0,384504600.0,356518600.0,8.271364893944051,2.3717612703710085,0.0,0.0,0.009961082641358037,8.271364893944051,0.005201297072295985,1.3677450795559238,34.3430332261522,0.7145132726917967,1.1700607359771347,0.7899663568032476,0.008517453367267907,0.3491668995497594,1.290694405397807,0.0034764788076385653,-89.37810320781033,0.393610625953764,-0.891891891891892,-0.9201890468167887,-0.22714759170565726,-0.15197159408801933,-0.1102990246922514,-0.9119866675051883,-0.6562208006900021,-0.6071208507851727,-0.09752656665495635,-0.25131630111200143,Leisure,Consumer Cyclical,MODG
2012Q1,2012,Q1,2012-03-31,2012-03-31,31802000.0,285098000.0,27826000.0,0.37,124371000.0,0.43623946853362705,859234000.0,538959000.0,572390000.0,272770000.0,317246000.0,236240000.0,276426000.0,439285080.0,387616080.0,8.293846082821661,2.0984345785826886,0.0,0.0,0.05210760139940402,8.293846082821661,0.05900634371074609,1.5408213316122876,3.453281869064839,0.8150621475845101,0.10310672284761965,0.6803547240094819,0.007464401021769281,0.33180484012504163,1.1321882905011549,0.03701203630210164,-4.345356058282968,0.43623946853362705,1.3814432989690721,0.0026255524494147157,-0.11794893049698836,-0.08111145089777118,2.310116306922524,1.5049138683813605,1.5593503125816632,3.5198844769455895,0.015289767312055997,-0.1036475454968564,Leisure,Consumer Cyclical,MODG
2011Q4,2011,Q4,2011-12-31,2011-12-31,-62985000.0,153872000.0,-49747000.0,-0.97,37573000.0,0.24418347717583447,727112000.0,509956000.0,419329000.0,167784000.0,214298000.0,233070000.0,247941000.0,358825110.0,315802110.0,7.859139735232019,2.499219234253564,0.0,0.0,-0.12156549067411002,7.859139735232019,-0.12351065582128654,2.331971443797442,-1.4242482733984283,0.7036393531990995,-0.051980630308803684,0.4989874286694984,0.009124222103631487,0.21162076818976994,0.9676131216325752,-0.08662351879765429,-18.36455857515738,0.24418347717583447,0.0,-5.4495395277340615,-0.10709908741044152,-0.07763026813153122,-0.20708648123918458,-0.006359148065892278,-0.12644068564182687,-18.406055959006398,-0.12695814650654985,-0.1428629761827624,Leisure,Consumer Cyclical,MODG
2011Q3,2011,Q3,2011-09-30,2011-09-30,-62587000.0,173243000.0,-44163000.0,-0.97,47386000.0,0.2735233169594154,765750000.0,574271000.0,454238000.0,148089000.0,188894000.0,204213000.0,314201000.0,334917770.0,270622770.0,8.864806038807675,3.067331131954433,0.0,0.0,-0.10083402106933205,8.864806038807675,-0.10898513071354814,1.9332254117049463,-1.3378088500806877,0.5832050895831411,-0.05235911611037436,0.6163025860253755,0.009784491279755027,0.226239634345413,1.4656861752054509,-0.08173294156056155,8.325488962911406,0.2735233169594154,0.02020202020202022,-4.432263092280149,-0.0752762739660365,0.0123108414762676,-0.5384270713603865,0.015370335409980493,-3.3484639621898387,-7.111978505083601,-0.2170244920757469,-0.07104965451046784,Leisure,Consumer Cyclical,MODG
2011Q2,2011,Q2,2011-06-30,2011-06-30,-63564000.0,273814000.0,-10156000.0,-0.99,102662000.0,0.3749333489156873,900820000.0,643244000.0,584770000.0,215058000.0,254786000.0,215255000.0,379739000.0,400723500.0,334191500.0,9.984384943733023,2.719126933199416,0.0,0.0,-0.07388605290523441,9.984384943733023,-0.09881786693696326,1.463487988196367,-1.5760631017557107,0.6229727754942137,-0.05147567805676169,0.7951127732224571,0.00816523113817882,0.30396083568304433,1.5199853062894662,-0.07056237650140983,59.191063515509605,0.3749333489156873,-7.6,-3.9678738449525413,-0.1569887047816846,0.11396200099090993,-0.16994526240893912,-5.958963956935559,-1.4419879885107494,-2.6798889333439124,-0.26638982093542085,0.013431441000448763,Leisure,Consumer Cyclical,MODG
2011Q1,2011,Q1,2011-03-31,2011-03-31,12818000.0,285599000.0,22978000.0,0.15,123681000.0,0.4330582389994363,952362000.0,707471000.0,620626000.0,222883000.0,241809000.0,257895000.0,451884000.0,438546460.0,410004460.0,11.002146089607017,2.784537178699138,0.0,0.0,0.019275706864939346,11.002146089607017,0.018118057135910873,1.535532197241587,8.553332423154938,0.6198790621806407,0.25511000156030583,0.627844665464627,0.0074564505662638335,0.2998849177098624,1.328028606937272,0.013459167837439966,-9.473482675192258,0.4330582389994363,1.3,-0.3969039710303827,0.01571460819237548,0.24620384130880194,1.2275232331964556,1.3973957525964966,1.5456790709824504,-0.6789020749427572,-0.22558238021871047,0.15276042208082694,Leisure,Consumer Cyclical,MODG
2010Q4,2010,Q4,2010-12-31,2010-12-31,-32255000.0,185528000.0,-42109000.0,-0.5,55524000.0,0.2992755810443707,884979000.0,693234000.0,544608000.0,175166000.0,189133000.0,268591000.0,442405000.0,515689140.0,460646140.0,10.848392851553943,3.1090965141637077,0.0,0.0,-0.04307391755095915,10.848392851553943,-0.04652830068923336,2.7795758052692854,-3.9969705472019847,0.743888989864894,-0.10128662222911176,0.484022174979802,0.006335211945708222,0.20964113272744325,1.1984117922427868,-0.036447192532252176,-9.709465657478535,0.2992755810443707,-0.7241379310344829,-0.856492100198489,0.2900348458989498,0.24939396774718142,0.13196468981264398,-0.760932467107059,-0.10906552886641382,-1.0734818181381274,0.10479594326610445,0.2671254279965626,Leisure,Consumer Cyclical,MODG
2010Q3,2010,Q3,2010-09-30,2010-09-30,-18317000.0,175644000.0,-37968000.0,-0.29,49051000.0,0.2792637380155314,907870000.0,724215000.0,558464000.0,165540000.0,181070000.0,229861000.0,477932000.0,447923000.0,336991000.0,11.317804622669522,3.373589464781926,0.0,0.0,-0.023759673929350113,11.317804622669522,-0.02529221294781246,2.5501753546947232,-6.113487470655675,0.6184945078464268,-0.1785226838456079,0.5507371846463732,0.007300361892557426,0.19346822782997566,1.6037151141718013,-0.02017579609415445,7.7483263851649395,0.2792637380155314,-3.071428571428571,-3.102453434147566,-0.1433597639871356,0.26275489923684636,-0.6032307119861517,-2.5976450065416485,-2.512609059400024,-16.00422350221468,-0.2248730168508402,0.25915131470873654,Leisure,Consumer Cyclical,MODG
2010Q2,2010,Q2,2010-06-30,2010-06-30,11465000.0,303609000.0,25101000.0,0.14,123626000.0,0.4071881927083848,929036000.0,731805000.0,579714000.0,181252000.0,194263000.0,214490000.0,499521000.0,385617760.0,332023760.0,11.462392707223858,3.1983867764217773,0.0,0.0,0.019279839511038455,11.462392707223858,0.015666741823299923,1.270113073064369,8.40858613170519,0.5269405920976217,0.28469254252071524,0.8391207049279686,0.008464340439091809,0.3268000378887363,1.7033025842473462,0.012340748905316909,8.39120356870852,0.4071881927083848,-0.4166666666666666,-0.33341595450186473,0.004718702668219371,0.27148222548622364,-0.0995593430205033,-0.43530512732108556,-0.11532090367603003,-0.6668593504016131,-0.1494324748714079,0.17519112505374507,Leisure,Consumer Cyclical,MODG
2010Q1,2010,Q1,2010-03-31,2010-03-31,20303000.0,302875000.0,28373000.0,0.24,137295000.0,0.4533058192323566,970217000.0,724710000.0,612770000.0,228386000.0,242806000.0,230769000.0,491327000.0,561419460.0,550567460.0,11.385323551128776,2.683045370556864,0.03195161494799617,0.04277573098204799,0.025456605330439756,11.385323551128776,0.02801534406866195,1.8536342055303343,6.913011131359897,0.7746815415821502,0.16086292666108457,0.7175140508473842,0.00581739720956591,0.3121724315282045,1.4031113991225381,0.02092624639642472,-8.87816212284142,0.4533058192323566,1.96,0.18449171513975537,0.08191645267301176,0.29212593470898895,1.3607648262461955,2.305239472838316,1.9899860432658758,-0.3465303375806972,-0.04337028379518739,0.2613983108059944,Leisure,Consumer Cyclical,MODG
2009Q4,2009,Q4,2009-12-31,2009-12-31,-15555000.0,185852000.0,-28660000.0,-0.25,58157000.0,0.3129210339409853,875930000.0,707258000.0,512987000.0,151454000.0,166048000.0,219178000.0,474379000.0,476347040.0,398033040.0,11.195042421172598,3.3870812259828065,0.0,0.0,-0.023610537359240232,11.195042421172598,-0.021993388551278317,2.563045003551213,-7.655850851816137,0.6735124098985094,-0.2098360655737705,0.582608655978246,0.006852147123660095,0.21217677211649333,1.5702457511851784,-0.01775826835477721,-20.211602172437203,0.3129210339409853,-0.19047619047619052,0.414287765509422,0.37953329451912515,0.29305387325325644,-0.023834701310908573,-0.15831409635862687,-0.12066942988973176,-0.6359392071388817,0.10768551737900901,0.3138802240635129,Leisure,Consumer Cyclical,MODG
2009Q3,2009,Q3,2009-09-30,2009-09-30,-13429000.0,190864000.0,-25574000.0,-0.21,59577000.0,0.31214372537513624,894029000.0,724534000.0,517982000.0,146387000.0,166990000.0,198734000.0,493198000.0,481256400.0,376579400.0,11.456894370651487,3.5384426212710145,0.0,0.0,-0.019161810252479563,11.456894370651487,-0.018534671940861298,2.5214624025484116,-8.95927470399881,0.6642288698667006,-0.29011840047658055,0.6606167037346403,0.008095476756257164,0.21348748194969067,1.7738938566949252,-0.015020765545636663,8.577016574585635,0.31214372537513624,-3.0999999999999996,0.5986266769715134,0.5940613573798722,0.27092355871846074,-0.4576414682106183,-2.942853009259259,-3.492835559021347,-0.19397743937692458,0.04360490759489652,0.30831270648069964,Leisure,Consumer Cyclical,MODG
2009Q2,2009,Q2,2009-06-30,2009-06-30,6912000.0,302219000.0,10259000.0,0.1,109848000.0,0.3634715223066717,968356000.0,697353000.0,598961000.0,211311000.0,268171000.0,227878000.0,529462000.0,320023470.0,269552470.0,11.047876301072543,2.8344998603953413,0.0,0.0,0.009440610063357554,11.047876301072543,0.009911766350757793,1.058912477375678,11.574922960069445,0.4589117276329205,0.0,0.84418416872186,0.0,0.3120949320291298,1.4845890654059657,0.007137870783059123,6.777717135777368,0.3634715223066717,-0.09090909090909087,-0.45876376075039876,0.08947820978411329,0.1547683083496864,-0.05450977354300617,0.014679976512037582,-0.23673833792128562,-0.6706038615305678,-0.050313936595391295,0.23261617619897562,Leisure,Consumer Cyclical,MODG
2009Q1,2009,Q1,2009-03-31,2009-03-31,6812000.0,271864000.0,13441000.0,0.11,116181000.0,0.4273497042638967,945928000.0,582136000.0,582249000.0,340168000.0,361022000.0,262027000.0,525649000.0,451722520.0,593318520.0,9.252884890485424,1.7116513017097434,0.1703522889691393,0.27680988634958154,0.011137825240014478,9.252884890485424,0.011701732928387868,1.6615753464967777,16.578189958896065,0.7759742053403329,0.0,0.5941486946001748,0.0,0.28740453818895306,0.7662537334493544,0.007201393763584543,-5.964672203662868,0.4273497042638967,3.2267206477732793,-0.8203164607843588,-0.20076097812494603,-0.024958834523886187,0.9335141792038344,3.1597970830691184,1.4697515115506938,-0.6724144187323188,-0.011786788654231585,0.048066495372538834,Leisure,Consumer Cyclical,MODG
2008Q4,2008,Q4,2008-12-31,2008-12-31,-3154000.0,171272000.0,-28613000.0,-0.0494,60088000.0,0.350833761502172,855338000.0,578155000.0,490003000.0,253411000.0,274970000.0,257191000.0,518851000.0,585780950.0,637443950.0,9.169058758226944,1.9336295583064667,0.10522156153473831,0.1556675977895201,-0.01705385945573477,9.169058758226944,-0.00545528448253496,3.4201793054322946,-46.43159083703233,1.0131901479707,-2.803741280913126,0.43230128581482247,0.01509608668564589,0.20023896985753,0.6864461290157097,-0.0036874311675618296,-16.210453564312598,0.350833761502172,0.5883333333333334,0.9012126430719476,0.22334375445840396,0.02718511159882519,-0.25012791553830604,0.5762461373102243,-1.2982329317269077,0.8160276020264525,0.20690550597931856,0.055987449865190136,Leisure,Consumer Cyclical,MODG
2008Q3,2008,Q3,2008-09-30,2008-09-30,-7443000.0,213451000.0,-12450000.0,-0.12,80131000.0,0.3754070020754178,867412000.0,596369000.0,490330000.0,203448000.0,268665000.0,220306000.0,526426000.0,879290580.0,868648580.0,9.54282011073063,2.4100998781015295,0.04611418795220726,0.067072567487579,-0.010313460672757855,9.54282011073063,-0.012480527995251262,4.119402485816417,-29.53414550584442,1.474406919206062,-0.5945183393792826,0.6051582798471218,0.005032466059172384,0.24607798831466476,0.9992528803428886,-0.008580697523206966,8.873208335435693,0.3754070020754178,-1.206896551724138,-4.381168623036141,0.4730941968702816,0.01797598870020705,-0.5316167874678513,-1.2005821004123212,-1.2065019074473378,-0.7068852831353907,0.06593407144257442,0.06471557418692454,Leisure,Consumer Cyclical,MODG
2008Q2,2008,Q2,2008-06-30,2008-06-30,37107000.0,366029000.0,60290000.0,0.58,171080000.0,0.4673946599859574,1027692000.0,622453000.0,652704000.0,338327000.0,402693000.0,235790000.0,538291000.0,747419400.0,827445400.0,9.852057613168725,1.929210497536407,0.13136231477913615,0.21688384504532873,0.05119704548563115,9.852057613168725,0.05961413954145935,2.041967712940778,5.035568760611206,1.2007643950627598,0.0,0.8267907884134187,0.0,0.3561660497503143,1.0107499549252645,0.03610712158895856,12.282173727281691,0.4673946599859574,-0.04918032786885251,0.13194894307860347,0.5748334792891324,0.05272312624944745,-0.025374001617920174,-0.06451368930570262,-0.07190468127030064,1.1801037766946856,0.22401237314836434,0.0928535131862691,Leisure,Consumer Cyclical,MODG
2008Q1,2008,Q1,2008-03-31,2008-03-31,39666000.0,366452000.0,64961000.0,0.61,175534000.0,0.47900952921528606,1043300000.0,609825000.0,680088000.0,368437000.0,431949000.0,264319000.0,505607000.0,937978600.0,1054163600.0,9.544174035527037,1.8458732429153424,0.14911339020415987,0.25510597302504817,0.05127563743738651,9.544174035527037,0.0650448899274382,2.5596219968781724,5.911729188725861,1.5381110974459884,0.0,0.7223014614916067,0.0,0.35124317070832933,0.9224914978680209,0.038019745039777626,-7.046483814503467,0.47900952921528606,3.5416666666666665,-0.03927084448069157,0.38750158591339967,0.07653102880160967,1.7699420870745293,3.4550349693631244,3.26581792814789,1.305378416489062,0.304065474015969,0.08317297627066353,Leisure,Consumer Cyclical,MODG
2007Q4,2007,Q4,2007-12-31,2007-12-31,-16157000.0,174418000.0,-28670000.0,-0.24,63371000.0,0.36332832620486416,856963000.0,568230000.0,496581000.0,223548000.0,286755000.0,253001000.0,470469000.0,1156846530.0,1143478530.0,8.561419897244278,2.2213618551720438,0.04260043899211518,0.06424687186526583,-0.026809038311947125,8.561419897244278,-0.028433908804533375,6.632609765047185,-17.900082471993564,2.0358772504091656,-0.279383548926162,0.4389192137580484,0.0039019868953576752,0.20353037412350358,0.7657013258897418,-0.01885378948682732,-434.9047105263158,0.36332832620486416,-13.0,-1.9034501445865075,0.42670788703665086,0.04801912321236551,-0.32588345424760123,-13.732072498029945,-33.72831050228311,0.4209063947588869,0.232338491292601,-0.011135756150205815,Leisure,Consumer Cyclical,MODG
2007Q3,2007,Q3,2007-09-30,2007-09-30,1269000.0,235549000.0,876000.0,0.02,94006000.0,0.3990931823102624,831097000.0,597875000.0,471249000.0,169764000.0,231357000.0,213902000.0,491140000.0,1106826173.484,1076118173.484,8.988438871850382,2.7759065526259983,0.0011214094143042269,0.0015588542755592724,0.0008844360190776754,8.988438871850382,0.002122517248588752,4.698921130991853,218.0508616004728,1.8512668592665689,7.473601260835303,0.6617189180091818,0.008568644496494733,0.28341938425959906,1.158325675643835,0.0015268975823519999,10.310636187763162,0.3990931823102624,-0.9622641509433962,-0.8252734399444985,0.4479434261829671,0.06923770692672282,-0.4632062812276945,-0.9653647752394989,-0.985898488433863,1.036060536930471,0.8703720937120972,-0.0029044216730576018,Leisure,Consumer Cyclical,MODG
2007Q2,2007,Q2,2007-06-30,2007-06-30,36639000.0,380017000.0,62121000.0,0.53,175125000.0,0.460834646871061,975119000.0,662955000.0,614246000.0,251110000.0,310227000.0,225835000.0,494501000.0,1210545632.03,1217542632.03,9.753641312343682,2.4461232129345705,0.056807425555239925,0.08355619913870474,0.05260580797548088,9.753641312343682,0.05526619453809082,3.185503890694364,8.259952728172166,1.8259846174023877,0.0,0.907264153032081,0.0,0.38971346061352513,1.3139062562223727,0.03757387559877307,12.142247329709019,0.460834646871061,0.10416666666666677,-0.028752379431840853,0.48368116050596055,0.1714648469019119,0.08962114471662073,0.11581800462906566,0.11216342022343168,1.6643013862080542,0.2722029846661444,0.019489680329900286,Leisure,Consumer Cyclical,MODG
2007Q1,2007,Q1,2007-03-31,2007-03-31,32836000.0,334607000.0,55856000.0,0.48,160721000.0,0.48032766798064597,1006586000.0,607194000.0,640413000.0,332131000.0,397624000.0,270646000.0,462716000.0,1060206720.0,1180612720.0,9.025954334641456,1.9281939957426437,0.15398584919718733,0.2552726146832808,0.04413820195723614,9.025954334641456,0.05407826823058199,3.1685132707923027,8.071984407357778,1.7460757517366772,0.0,0.6424850173289094,0.0,0.33241769704724683,0.9436156215469197,0.032621157059605436,-12.42434603260169,0.48032766798064597,4.2,0.07094650037488881,0.30653755260762594,0.09874245727140243,1.7346525556387395,4.221110457131646,3.6454485175712796,-0.18997791580382062,-0.08003149862575144,-0.04887209360698243,Leisure,Consumer Cyclical,MODG
