Year,Date,FillingDate,NetIncome,Revenue,OperatingIncome,EPSDiluted,GrossProfit,GrossProfitRatio,TotalAssets,CommonStockEquity,CurrentAssets,CurrentLiability,TotalLiability,Inventory,RetainedEarnings,EnterpriseValue,bookValuePerShare,currentRatio,debtToAssets,debtToEquity,roic,shareholdersEquityPerShare,roe,priceToSalesRatio,peRatio,pbRatio,payoutRatio,inventoryTurnover,dividendYield,assetTurnover,quickRatio,returnOnAssets,priceToFreeCashFlowsRatio,grossProfitMargin,epsdilutedGrowth,fiveYNetIncomeGrowthPerShare,fiveYRevenueGrowthPerShare,fiveYShareholdersEquityGrowthPerShare,grossProfitGrowth,netIncomeGrowth,operatingIncomeGrowth,threeYNetIncomeGrowthPerShare,threeYRevenueGrowthPerShare,threeYShareholdersEquityGrowthPerShare,Industry,Sector,Price,MarketCap,AvgVolume,Symbol
2022,2022-12-31,2023-03-16,40625000.0,213594000.0,71016000.0,3.01,213594000.0,1.0,3144467000.0,243494000.0,467687000.0,21103000.0,2900973000.0,0.0,119998000.0,326031120.32000005,18.80369126713437,22.16210965265602,0.018462588413235056,0.23842476611333338,0.18577512858017411,18.80369126713437,0.1668418934347458,2.880928866541195,15.147055269415386,2.527163381110007,0.0,0.0,0.0,0.06792693324496647,22.16210965265602,0.012919518633841602,9.575927798319329,1.0,0.3935185185185183,5.581114366674193,4.6329011407647895,2.263139946699748,1.0979461944190707,0.5043510461025736,0.8677116482129238,1.8271689678349368,2.9034985759316294,0.8014670070480487,Banks—Regional,Financial Services,37.63,499846816,47486,CCB
2021,2021-12-31,2022-03-14,27005000.0,101811000.0,38023000.0,2.16,101811000.0,1.0,2635517000.0,201222000.0,856593000.0,357000.0,2434295000.0,0.0,79373000.0,-145366068.51999998,16.736485891903104,2399.4201680672268,0.022459729912575027,0.2941676357455944,0.11198054608376574,16.736485891903104,0.13420500740475694,5.977762044179902,22.5366388254027,3.0245297804415023,0.0,0.0,0.0,0.038630371194721944,2399.4201680672268,0.010246566423210323,22.33073792764365,1.0,0.7419354838709679,4.11956613309251,2.1236256418746775,2.1863235183831633,0.55275439238653,0.7829790043575862,0.5336183600209736,1.4173958512756835,1.1947356153526514,0.6008400611146287,Banks—Regional,Financial Services,37.63,499846816,47486,CCB
2020,2020-12-31,2021-03-12,15146000.0,65568000.0,24793000.0,1.24,65568000.0,1.0,1766122000.0,140217000.0,192132000.0,154247000.0,1625905000.0,0.0,52368000.0,133117435.0,11.762445855897308,1.2456125564840808,0.11302446829833952,1.4236148255917613,0.05651177975061875,11.762445855897308,0.1080182859425034,3.8179513634699855,16.52815495840486,1.7853429683989817,0.0,0.0,0.0,0.03712540809751535,1.2456125564840808,0.00857585149836761,17.929769015900302,1.0,0.14814814814814806,1.895976812194333,1.0289173908443934,1.2393564638611507,0.30434263661501126,0.14733732293008106,0.06691625785351579,1.6653002191700237,0.8783526659248795,1.0412219280773591,Banks—Regional,Financial Services,37.63,499846816,47486,CCB
2019,2019-12-31,2020-03-12,13201000.0,50269000.0,23238000.0,1.08,50269000.0,1.0,1128526000.0,124173000.0,159154000.0,308000.0,1004353000.0,0.0,37222000.0,100358369.25999999,10.437988147197212,516.7337662337662,0.028569124681221345,0.2596458167234423,0.11151923687075986,10.437988147197212,0.10631135593083843,3.897657985239412,14.842161143852737,1.5778902761469884,0.0,0.0,0.0,0.0445439449334796,516.7337662337662,0.011697559471381253,15.727353448386578,1.0,0.18681318681318684,1.5292783001404842,0.5587100412954088,0.9872037256106049,0.24786515738258366,0.36078754767549737,0.0,1.5292783001404842,0.5587100412954088,0.9872037256106049,Banks—Regional,Financial Services,37.63,499846816,47486,CCB
2018,2018-12-31,2019-03-28,9701000.0,40284000.0,0.0,0.91,40284000.0,1.0,952110000.0,109156000.0,0.0,0.0,842954000.0,0.0,24021000.0,66776470.20000002,10.454814505485244,0.0,0.03523332388064404,0.30732163142658214,0.0,10.454814505485244,0.08887280589248416,3.947286024227982,16.391348335223174,1.4567451189123823,0.0,0.0,0.0,0.04231023726250118,0.0,0.01018894875592106,11.998224568022335,1.0,0.9089413975968316,1.117802150769335,0.4232355004512794,0.9904071592040234,0.2063967417345472,0.7845842531272995,0.0,1.117802150769335,0.4232355004512794,0.9904071592040234,Banks—Regional,Financial Services,37.63,499846816,47486,CCB
2017,2017-12-31,2017-12-31,5436000.0,33392000.0,0.0,0.476704,33392000.0,1.0,805753000.0,65711000.0,0.0,0.0,740042000.0,0.0,14134000.0,130792169.19999999,5.762453212021113,0.0,0.04161200764998703,0.510249425514754,0.0,5.762453212021113,0.082725875424206,5.600568076185913,34.402900883002204,2.8460100926785468,0.0,0.0,0.0,0.041441980358745176,0.0,0.006746484344457917,28.5082575,1.0,0.08654694312942048,0.08654807115730556,0.08015785728149064,0.09706663104996906,0.08015785728149058,0.08654807115730562,0.0,0.08654807115730556,0.08015785728149064,0.09706663104996906,Banks—Regional,Financial Services,37.63,499846816,47486,CCB
2016,2016-12-31,2016-12-31,5003000.0,30914000.0,0.0,0.438733,30914000.0,1.0,740611000.0,59897000.0,0.0,0.0,680714000.0,0.0,8698000.0,128552169.19999999,5.252600935009795,0.0,0.038499293151195435,0.47603385812311133,0.0,5.252600935009795,0.08352672087082826,6.049497612732095,37.380405596642014,3.1222627043090636,0.0,0.0,0.0,0.04174121097310194,0.0,0.0067552331790913175,30.134413341927164,1.0,0.0,0.0,0.0,0.0,0.0,0.0,0.0,0.0,0.0,0.0,Banks—Regional,Financial Services,37.63,499846816,47486,CCB
TTM,,,,,,,,,,,,,,,,158571816.0,19.607773305367296,16.575628394593913,0.016708910056785896,0.22284097803781838,0.23108648095198392,19.607773305367296,0.19727381302502184,1.9265928786722477,10.61432062582824,1.9191368348643354,0.0,0.0,0.0,0.07517922894391331,16.575628394593913,0.013557100149433517,4.809687909550156,1.0,,,,,,,,,,,Banks—Regional,Financial Services,37.63,499846816,47486,CCB
