Quarters,Year,Quarter,FillingDate,Date,NetIncome,Revenue,OperatingIncome,EPSDiluted,GrossProfit,GrossProfitRatio,TotalAssets,CommonStockEquity,CurrentAssets,CurrentLiability,TotalLiability,Inventory,RetainedEarnings,MarketCap,EnterpriseValue,bookValuePerShare,currentRatio,debtToAssets,debtToEquity,roic,shareholdersEquityPerShare,roe,priceToSalesRatio,peRatio,pbRatio,payoutRatio,inventoryTurnover,dividendYield,assetTurnover,quickRatio,returnOnAssets,priceToFreeCashFlowsRatio,grossProfitMargin,epsdilutedGrowth,fiveYNetIncomeGrowthPerShare,fiveYRevenueGrowthPerShare,fiveYShareholdersEquityGrowthPerShare,grossProfitGrowth,netIncomeGrowth,operatingIncomeGrowth,threeYNetIncomeGrowthPerShare,threeYRevenueGrowthPerShare,threeYShareholdersEquityGrowthPerShare,Industry,Sector,Symbol
2023Q1,2023,Q1,2023-05-03,2023-03-31,632000000.0,15328000000.0,905000000.0,4.15,1181000000.0,0.0770485386,27110000000.0,10719000000.0,19040000000.0,10408000000.0,16391000000.0,8952000000.0,10757000000.0,14322416569.439999,17888416569.44,71.48785786503856,1.8293620292083013,0.24411656215418664,0.6174083403302547,0.038843301395674185,71.48785786503856,0.05896072394812949,0.9343956530167014,5.665512883481012,1.3361709645899804,0.14873417721518986,1.5803172475424485,0.006563138248650686,0.5654002213205459,0.5705226748654881,0.0233124308373294,18.895008666807385,0.07704853862212943,0.8778280542986427,29.28128931628333,0.3536440219047369,0.425750477887532,0.44376528117359415,0.8809523809523809,1.5138888888888888,4.256212247424195,0.5841180715499881,1.0900311869450465,Farm Products,Consumer Defensive,BG
2022Q4,2022,Q4,2023-02-24,2022-12-31,336000000.0,16660000000.0,360000000.0,2.21,818000000.0,0.0490996399,24580000000.0,9956000000.0,16758000000.0,9600000000.0,14624000000.0,8408000000.0,10222000000.0,14956314375.64,19475314375.64,66.41409742080893,1.745625,0.2287632221318145,0.5647850542386501,0.016108625544446777,66.41409742080893,0.03374849337083166,0.8977379577214886,11.128210100922619,1.5022412992808356,0.2767857142857143,1.8841579448144625,0.0062181094662915855,0.677786818551668,0.4220833333333333,0.013669650122050448,-20.772658855055553,0.04909963985594238,-0.11244979919678724,6.254039808914181,0.34689947708054175,0.3067896199124026,-0.07882882882882883,-0.11578947368421053,-0.4470046082949309,7.2324810624038065,0.4615957049572128,0.5928279770571638,Farm Products,Consumer Defensive,BG
2022Q3,2022,Q3,2022-10-26,2022-09-30,380000000.0,16759000000.0,651000000.0,2.49,888000000.0,0.052986455,24792000000.0,8705000000.0,17195000000.0,10567000000.0,15419000000.0,8112000000.0,9980000000.0,12431805503.71,17610805503.71,57.81717303938662,1.6272357338885208,0.247458857696031,0.7047673750717978,0.03165937145736239,57.81717303938662,0.043653072946582425,0.7417987650641445,8.178819410335526,1.4281224013452039,0.24736842105263157,1.956484220907298,0.0075612508554729055,0.6759841884478864,0.3688842623261096,0.015327525008067118,-17.38714056462937,0.052986455039083474,0.8582089552238806,2.8572174710213836,0.37008111495043633,0.0772842997482754,0.15025906735751296,0.8446601941747572,0.4060475161987041,1.240113597751665,0.526434816394558,0.8351434011218001,Farm Products,Consumer Defensive,BG
2022Q2,2022,Q2,2022-07-27,2022-06-30,206000000.0,17933000000.0,463000000.0,1.34,772000000.0,0.0430491273,27419000000.0,8732000000.0,19732000000.0,13101000000.0,17879000000.0,10481000000.0,9692000000.0,13766712707.13,20448712707.129997,57.523179051296665,1.5061445691168613,0.2735329516029031,0.858909757214842,0.023188167724073824,57.523179051296665,0.023591387998167658,0.7676748289260023,16.707175615449028,1.5765818491903343,0.3883495145631068,1.6373437649079285,0.005811118580150708,0.6540355228126482,0.29814517975727045,0.007513038404026405,-7.21904179713162,0.043049127307199016,-0.7041942604856513,1.3533289331434208,0.42499679782686794,0.11803681702036772,-0.3588039867109635,-0.7040229885057471,-0.48726467331118495,-0.10271573984206253,0.655694511527314,0.2856359738377882,Farm Products,Consumer Defensive,BG
2022Q1,2022,Q1,2022-04-27,2022-03-31,696000000.0,15880000000.0,903000000.0,4.53,1204000000.0,0.0758186398,28724000000.0,8581000000.0,20890000000.0,13860000000.0,19613000000.0,10988000000.0,9581000000.0,15792296359.28,22822296359.28,60.210408186852916,1.5072150072150072,0.25818131179501463,0.8642349376529542,0.04616438271643025,60.210408186852916,0.08110942780561706,0.9944771007103275,5.672520243994253,1.8403794848246124,0.11781609195402298,1.3356388787768474,0.005192405090081436,0.55284779278652,0.26161616161616164,0.02423060855034118,-5.717703243765388,0.07581863979848867,1.9607843137254901,13.521250950407708,0.400229768697191,0.13281412615826135,0.7474600870827286,2.0,1.5508474576271187,14.324294258609783,0.5831981094860764,0.3937722834206883,Farm Products,Consumer Defensive,BG
2021Q4,2021,Q4,2022-02-24,2021-12-31,232000000.0,16683000000.0,354000000.0,1.53,689000000.0,0.0412995265,23786000000.0,7825000000.0,16427000000.0,9291000000.0,15961000000.0,8402000000.0,0.0,13169120171.039999,19087120171.04,55.47386541483031,1.7680551070928856,0.28672328260321195,0.8715654952076677,0.01789945548412744,55.47386541483031,0.029648562300319488,0.7893736241107714,14.190862253275862,1.6829546544460063,0.3577586206896552,1.903594382289931,0.006302623024317446,0.7013789624148659,0.3668065870196965,0.009753636592953838,-9.326572359093484,0.04129952646406521,-0.6425233644859812,-0.1533582758586378,0.3983307953199728,0.08323796806282405,-0.20069605568445475,-0.6447166921898928,-0.3383177570093458,4.570588726265855,0.44584139731613054,0.26809932219912813,Farm Products,Consumer Defensive,BG
2021Q3,2021,Q3,2021-10-27,2021-09-30,653000000.0,14117000000.0,535000000.0,4.28,862000000.0,0.06106113196854856,24109000000.0,7495000000.0,16534000000.0,9759000000.0,16478000000.0,8014000000.0,8830000000.0,11420437514.16,17716437514.16,53.36865590694751,1.6942309662875294,0.3039943589530881,0.9778519012675116,0.0298875014869939,53.36865590694751,0.08712474983322215,0.8089847357200538,4.3722961386523735,1.5237408291074048,0.12557427258805512,1.6539805340653855,0.007180110210167486,0.5855489651167614,0.4394917512040168,0.027085320834543118,-36.603966391538464,0.06106113196854856,0.8059071729957806,4.494733464981915,0.22709361051976945,0.05067851648429739,0.2962406015037594,0.8038674033149171,0.453804347826087,0.7971531308859645,0.2426402560698531,0.19888288529580797,Farm Products,Consumer Defensive,BG
2021Q2,2021,Q2,2021-07-28,2021-06-30,362000000.0,15391000000.0,368000000.0,2.37,665000000.0,0.04320706906633747,25085000000.0,7184000000.0,17555000000.0,10321000000.0,17754000000.0,8460000000.0,8259000000.0,11075015293.050001,18608015293.050003,50.69334760669078,1.7009010754771825,0.31879609328283837,1.1131681514476615,0.020274377156985626,50.69334760669078,0.05038975501113586,0.7195773694399326,7.648491224482045,1.541622396025891,0.21823204419889503,1.740661938534279,0.007133172994314106,0.6135539166832769,0.36876271679100864,0.014430934821606537,-20.935756697637053,0.04320706906633747,-0.5706521739130435,1.9430069600106983,0.4363263035273691,-0.008281089525579913,-0.4202266782911944,-0.5643802647412756,-0.5799086757990868,31.005860055251187,0.26030761871595337,0.16265944145637284,Farm Products,Consumer Defensive,BG
2021Q1,2021,Q1,2021-05-04,2021-03-31,831000000.0,12961000000.0,876000000.0,5.52,1147000000.0,0.08849625800478358,24533000000.0,6637000000.0,17285000000.0,11340000000.0,17752000000.0,8616000000.0,7982000000.0,11124941730.92,18751941730.92,47.291482753365564,1.5242504409171076,0.3200994578730689,1.1832153081211392,0.04738268098279253,47.291482753365564,0.12520717191502184,0.8583397678358151,3.3468537096630566,1.6762003512008437,0.0950661853188929,1.3711699164345403,0.007101160789043246,0.5283088085435943,0.281657848324515,0.03387274283617984,-10.697059356653845,0.08849625800478358,0.47593582887700514,2.520082298808087,0.44706522389070696,-0.0243938619914592,0.2688053097345133,0.5081669691470054,0.6252319109461967,40.72978827743949,0.22289899772837407,-0.056820890298409296,Farm Products,Consumer Defensive,BG
2020Q4,2020,Q4,2021-02-19,2020-12-31,551000000.0,12610000000.0,539000000.0,3.74,904000000.0,0.07168913560666137,23655000000.0,6069000000.0,16181000000.0,10985000000.0,17450000000.0,7172000000.0,7236000000.0,9167443808.039999,16919443808.039999,43.41504876756845,1.4730086481565772,0.34259141830479817,1.3353105948261657,0.030722329508105745,43.41504876756845,0.09078925687922228,0.7269979229214908,4.159457263176043,1.5105361357785465,0.14337568058076225,1.6321807027328499,0.0086174512387756,0.5330796871697315,0.25735093309057805,0.023293172690763052,-5.941311605988334,0.07168913560666137,1.0326086956521738,1.7665797306962165,0.1574018001779901,-0.0396015108869384,0.5016611295681063,1.1030534351145038,1.156,10.239605937170902,0.09325895294576278,-0.1457486093957946,Farm Products,Consumer Defensive,BG
2020Q3,2020,Q3,2020-10-28,2020-09-30,262000000.0,10159000000.0,250000000.0,1.84,602000000.0,0.05925780096466188,20761000000.0,5327000000.0,13501000000.0,8932000000.0,15310000000.0,6463000000.0,6784000000.0,6381801360.8,13445801360.8,38.146580602672145,1.5115315718763995,0.3542700255286354,1.3807020837244228,0.016212494185968845,38.146580602672145,0.04918340529378637,0.6281918851068019,6.089505115267176,1.1980103924910834,0.29770992366412213,1.4787250502862448,0.01222225443729922,0.4893309570829921,0.28627407075682937,0.012619816001156013,-8.754185680109739,0.05925780096466188,-0.4697406340057637,0.1182803203660288,-0.03704661434952828,-0.15697648774731568,-0.45520361990950226,-0.49224806201550386,-0.6706192358366272,1.8673232751841802,-0.10456517751488394,-0.2892299949645414,Farm Products,Consumer Defensive,BG
2020Q2,2020,Q2,2020-07-29,2020-06-30,516000000.0,9462000000.0,759000000.0,3.47,1105000000.0,0.11678292115831748,18559000000.0,5093000000.0,11468000000.0,7496000000.0,13350000000.0,6007000000.0,6581000000.0,5822580706.740001,12305580706.740002,35.9763308660573,1.5298826040554963,0.36424376313378953,1.327311996858433,0.045658396946564886,35.9763308660573,0.10131553112114668,0.6153646910526317,2.821017784273256,1.1432516604633811,0.15503875968992248,1.3912102547028466,0.013739612043057644,0.5098335039603427,0.32697438633938103,0.027803222156366183,-5.130027054396477,0.11678292115831748,3.3767123287671232,5.096570573390098,-0.10830163288479085,-0.30105722289132525,5.350574712643678,3.8043478260869565,7.2727272727272725,5.32090343370889,-0.19377191337566524,-0.3007538332732042,Farm Products,Consumer Defensive,BG
2020Q1,2020,Q1,2020-05-07,2020-03-31,-184000000.0,9173000000.0,-121000000.0,-1.46,174000000.0,0.0189687125258912,18596000000.0,4862000000.0,11100000000.0,8022000000.0,13624000000.0,5451000000.0,6158000000.0,5832261047.8,10854261047.8,34.20420628724245,1.3836948391922215,0.28043665304366533,1.0726038667215139,-0.008728709916633775,34.20420628724245,-0.03784450843274373,0.6358073746647771,-7.924267727989132,1.1995600674208144,-0.42934782608695654,1.6508897450009172,0.013545347053661078,0.49327812432781243,0.306158065320369,-0.009894600989460099,-11.806196453036438,0.0189687125258912,-3.065098039215686,-1.7144754651972112,-0.1330946649441903,-0.3099041724321955,-0.6952714535901926,-2.607843137254902,-1.6402116402116402,-4.848960970260565,-0.18905557050829813,-0.3564732539933193,Farm Products,Consumer Defensive,BG
2019Q4,2019,Q4,2020-02-21,2019-12-31,-51000000.0,10783000000.0,189000000.0,-0.3591549295774648,571000000.0,0.052953723453584345,18317000000.0,5913000000.0,10248000000.0,6595000000.0,12287000000.0,5038000000.0,6437000000.0,8161346322.099999,13051346322.099998,41.69571251725034,1.553904473085671,0.28443522410875144,0.8811094199222053,0.020540648104210996,41.69571251725034,-0.008625063419583967,0.7568715869516831,-40.00659961813725,1.38023783563335,-1.5686274509803921,2.0269948392219135,0.009802304281999293,0.5886881039471529,0.4444275966641395,-0.0027842987388764537,22.73355521476323,0.052953723453584345,0.966021293322851,0.02964863518157651,-0.1626644297791412,-0.28070108256547416,1.5838445807770962,0.9657258064516129,1.1446059678653404,-1.1851233910964154,-0.10101009291547243,-0.18580797342376648,Farm Products,Consumer Defensive,BG
2019Q3,2019,Q3,2019-10-30,2019-09-30,-1488000000.0,10323000000.0,-1307000000.0,-10.57,-978000000.0,-0.0947399011915141,18634000000.0,4460000000.0,10826000000.0,7369000000.0,13985000000.0,5466000000.0,6611000000.0,8015264843.219999,14386264843.22,31.50553412013672,1.4691274257022662,0.3575185145433079,1.4937219730941704,-0.10840566537738493,31.50553412013672,-0.33363228699551567,0.7764472385178727,-1.3466506793044355,1.7971445836816142,-0.05309139784946237,2.0675082327113063,0.009856193344231786,0.5539873349790705,0.41335323653141537,-0.0798540302672534,-23.368119076443147,-0.0947399011915141,-8.391608391608392,-6.18604728005058,-0.226558081049052,-0.5096045658616918,-2.91015625,-7.953271028037383,-8.384180790960452,-13.421491333604665,-0.10981849400576736,-0.3797447717606575,Farm Products,Consumer Defensive,BG
2019Q2,2019,Q2,2019-07-31,2019-06-30,214000000.0,10096000000.0,177000000.0,1.43,512000000.0,0.05071315372424723,20424000000.0,6331000000.0,11107000000.0,7457000000.0,13899000000.0,5875000000.0,8179000000.0,7964870126.59,14305870126.59,44.74297563375004,1.4894729784095482,0.3221210340775558,1.0391723266466593,0.009931313969688372,44.74297563375004,0.033801927025746324,0.7889134436004358,9.30475482078271,1.2580745737782342,0.3691588785046729,1.6313191489361702,0.00991855469636167,0.4943204073638856,0.39560144830360733,0.010477869173521347,-9.631040056336156,0.05071315372424723,4.5,-0.23079134075621024,-0.37763676018966325,-0.35550886915719626,0.17162471395881007,3.7555555555555555,0.3409090909090909,0.7424663272346796,-0.05636613206326509,-0.12468879760803953,Farm Products,Consumer Defensive,BG
2019Q1,2019,Q1,2019-05-08,2019-03-31,45000000.0,9938000000.0,132000000.0,0.26,437000000.0,0.04397263030790904,20535000000.0,6100000000.0,11239000000.0,8053000000.0,14231000000.0,5938000000.0,8045000000.0,7457036261.240001,13186036261.240002,43.19960218973543,1.3956289581522414,0.3015826637448259,1.0152459016393443,0.005657388549445575,43.19960218973543,0.007377049180327869,0.7503558322841619,41.42797922911111,1.2224649608590163,1.7555555555555555,1.6000336813742,0.010594021167715685,0.48395422449476505,0.37811995529616294,0.002191380569758948,-14.312929484145874,0.04397263030790904,1.4957952746896512,4.606924102404277,-0.23071102116234027,-0.35338740517540607,0.035545023696682464,1.6923076923076923,1.490566037735849,-0.8105462933575972,0.10277620782579862,-0.10880787401757411,Farm Products,Consumer Defensive,BG
2018Q4,2018,Q4,2019-02-22,2018-12-31,-65000000.0,11543000000.0,53000000.0,-0.52441,422000000.0,0.03655895347829854,19425000000.0,6173000000.0,11068000000.0,7172000000.0,13047000000.0,5871000000.0,8059000000.0,7540976168.639999,12523976168.64,43.745678626046384,1.543223647518126,0.27655083655083657,0.8702413737242831,-0.015122411025908847,43.745678626046384,-0.010529726227118095,0.6532943055219613,-29.00375449476923,1.2216063775538635,-1.2307692307692308,1.8942258559018907,0.010608706115885769,0.5942342342342343,0.3890128276631344,-0.0033462033462033462,4.085035844333694,0.03655895347829854,-1.214922131147541,-1.4933306920551253,-0.26168574739341055,-0.3440731850636913,-0.5403050108932462,-1.178082191780822,-0.9094017094017094,-1.3233111437931653,0.049550858115630536,-0.032287539682210036,Farm Products,Consumer Defensive,BG
2018Q3,2018,Q3,2018-10-31,2018-09-30,365000000.0,11412000000.0,585000000.0,2.44,918000000.0,0.0804416403785489,21446000000.0,6280000000.0,13111000000.0,8301000000.0,14959000000.0,7183000000.0,8203000000.0,9538082507.86,16571082507.86,44.51532052172012,1.579448259245874,0.3403898162827567,1.1624203821656052,0.034977094112893764,44.51532052172012,0.058121019108280256,0.835794120913074,6.532933224561644,1.518802947111465,0.2136986301369863,1.4609494640122511,0.00817774431451216,0.5321272032080574,0.3191181785327069,0.017019490814137835,-211.95738906355558,0.0804416403785489,29.661748936666665,3.5784128716404093,-0.1884109163589223,-0.34558967478076813,0.6937269372693727,31.416666666666668,2.5454545454545454,0.5421236535432462,0.07076214816777719,-0.016229993294714452,Farm Products,Consumer Defensive,BG
2018Q2,2018,Q2,2018-08-01,2018-06-30,-12000000.0,12147000000.0,165000000.0,-0.08513088316388587,542000000.0,0.04462007079937433,22124000000.0,6146000000.0,13518000000.0,9043000000.0,15781000000.0,7062000000.0,7917000000.0,9826281237.91,17585281237.91,43.60120066043688,1.4948579011390026,0.3606942686675104,1.2984054669703873,0.01323800084949738,43.60120066043688,-0.0019524894240156199,0.8089471670297192,-204.7141924564583,1.5988091828685322,-6.166666666666667,1.6433021806853583,0.007530824551866727,0.5490417645995299,0.33174831361273915,-0.0005423973964924968,-5.141957738309785,0.04462007079937433,0.42840692732819485,-1.0921426695768082,-0.18114306694462237,-0.380605391319304,0.4114583333333333,0.42857142857142855,3.125,-1.1423901181081835,0.14965295369418966,-0.15292239254919585,Farm Products,Consumer Defensive,BG
2018Q1,2018,Q1,2018-05-02,2018-03-31,-21000000.0,10641000000.0,40000000.0,-0.14893617021276595,384000000.0,0.03608683394417818,23084000000.0,7065000000.0,13376000000.0,8550000000.0,15807000000.0,6952000000.0,8008000000.0,10418443830.32,17202443830.32,50.140511242162646,1.5644444444444445,0.3063160630739906,1.0008492569002123,-0.024052065647990947,50.140511242162646,-0.0029723991507431,0.9790850324518372,-124.02909321809523,1.474655885395612,-3.4761904761904763,1.4754027617951668,0.007006804585110272,0.4609686362848726,0.38339181286549706,-0.0009097210188875411,-6.32570967232544,0.03608683394417818,0.6964147931520025,-1.1217682208488746,-0.2488126162310022,-0.33502249567991554,-0.16339869281045752,0.65,-0.3333333333333333,-1.0822622948423979,0.014506314335609309,0.011622877892619492,Farm Products,Consumer Defensive,BG
2017Q4,2017,Q4,2018-02-23,2017-12-31,-60000000.0,11605000000.0,60000000.0,-0.490591,459000000.0,0.03955191727703576,18871000000.0,7148000000.0,10403000000.0,6215000000.0,11514000000.0,5074000000.0,8081000000.0,9434589289.32,13627589289.32,50.822333150504235,1.6738535800482703,0.25404059138360446,0.6706771124790151,-0.2662870540947915,50.822333150504235,-0.008393956351426972,0.8129762420784145,-39.3107887055,1.3198921781365416,-1.2333333333333334,2.1966890027591646,0.007843478685793812,0.6149647607439988,0.48189863234111024,-0.0031794817444756505,8.341811926896552,0.03955191727703576,-1.8315101694915257,0.895772395716594,-0.20357115675411386,-0.31524837302023234,-0.06326530612244897,-1.6521739130434783,-0.6,-0.15105646798636477,-0.09136049581410412,-0.1232563971288323,Farm Products,Consumer Defensive,BG
2017Q3,2017,Q3,2017-11-01,2017-09-30,92000000.0,11423000000.0,150000000.0,0.59,490000000.0,0.04289591175698153,20552000000.0,7546000000.0,11985000000.0,7468000000.0,12802000000.0,5848000000.0,8214000000.0,9766187483.3,15244187483.3,53.66937311988722,1.6048473486877344,0.28547100038925655,0.7774980121918897,0.00850291409653765,53.66937311988722,0.012191889742910151,0.8549581969097434,26.53855294375,1.2942204457063342,0.782608695652174,1.8695280437756499,0.007372375363786399,0.5558096535616972,0.46786288162828066,0.004476449980537174,305.19335885312495,0.04289591175698153,0.15686274509803913,-0.6823623226364219,-0.3226541582597675,-0.3330058762967291,0.38028169014084506,0.13580246913580246,4.555555555555555,-0.6771661230204259,-0.1382928640772818,-0.16461611376916618,Farm Products,Consumer Defensive,BG
2017Q2,2017,Q2,2017-08-02,2017-06-30,81000000.0,11645000000.0,27000000.0,0.51,355000000.0,0.030485186775440102,20433000000.0,7227000000.0,11914000000.0,7933000000.0,12998000000.0,5454000000.0,8195000000.0,10478765166.599998,15712765166.599998,51.45016530367867,1.5018278078910878,0.28429501296921644,0.8037913380379134,0.006452545613331131,51.45016530367867,0.0112079701120797,0.8998510233233146,32.341867798148144,1.4499467506019095,0.8395061728395061,2.07004033736707,0.006489314238737128,0.5699114178045319,0.3914030001260557,0.0039641755982968725,-17.760618926440674,0.030485186775440102,0.8888888888888888,-0.6926585268015304,-0.19769967947168623,-0.3329596194752836,-0.22826086956521738,0.723404255319149,-0.6707317073170732,-0.7067138329044717,-0.2768801993788569,-0.2588965139456487,Farm Products,Consumer Defensive,BG
2017Q1,2017,Q1,2017-05-03,2017-03-31,47000000.0,11121000000.0,82000000.0,0.27,460000000.0,0.04136318676378024,20620000000.0,7428000000.0,12008000000.0,8616000000.0,12987000000.0,5188000000.0,8188000000.0,11076767694.300001,15597767694.300001,53.15118058339002,1.393686165273909,0.2520368574199806,0.6996499730748519,0.004277227722772277,53.15118058339002,0.006327409800753904,0.9960226323442137,58.91897709734043,1.4912180525444265,1.425531914893617,2.054934464148034,0.0060486959597859545,0.5393307468477206,0.3449396471680594,0.002279340446168768,-48.370164603930135,0.04136318676378024,-0.8516483516483516,-0.46662956961448765,-0.13648549251190734,-0.36039912044723854,-0.3465909090909091,-0.8265682656826568,-0.7715877437325905,4.806391508726264,-0.13018785618487727,-0.20443196110767517,Farm Products,Consumer Defensive,BG
2016Q4,2016,Q4,2017-02-28,2016-12-31,271000000.0,11799000000.0,359000000.0,1.82,704000000.0,0.05966607339605051,19188000000.0,7144000000.0,11092000000.0,7684000000.0,11845000000.0,4773000000.0,8208000000.0,10077542270.88,13935542270.88,51.21115308950564,1.4435190005205623,0.2497394204711278,0.6707726763717805,0.022170217102899313,51.21115308950564,0.03793393057110862,0.8541013874802948,9.29662571114391,1.4106302170884657,0.24354243542435425,2.324533836161743,0.006549215892719515,0.6149155722326454,0.42100468505986466,0.01412341046487388,10.357186301007193,0.05966607339605051,1.1927710843373496,0.11592900853936829,-0.24956632172633458,-0.36174118660537946,0.26618705035971224,1.2966101694915255,0.5474137931034483,1.0805506711347133,-0.23660029928550727,-0.2321351596266005,Farm Products,Consumer Defensive,BG
2016Q3,2016,Q3,2016-11-02,2016-09-30,118000000.0,11423000000.0,232000000.0,0.83,556000000.0,0.04867372844261578,20045000000.0,7083000000.0,11923000000.0,8281000000.0,12768000000.0,5173000000.0,8004000000.0,8259287073.599999,13364287073.599998,50.7944676412779,1.4398019562854727,0.269493639311549,0.7626711845263306,0.013663454969492804,50.7944676412779,0.01665960751094169,0.7230401009892322,17.498489562711864,1.1660718725963573,0.5677966101694916,2.100715252271409,0.008112080304625678,0.5698677974557246,0.33425914744596064,0.0058867548016961835,7.467709831464737,0.04867372844261578,0.06410256410256401,-0.12044573172390849,-0.23665819883100614,-0.36706743702635275,0.04905660377358491,-0.024793388429752067,0.022026431718061675,1.8433171134717603,-0.17812849967325434,-0.2532812591510467,Farm Products,Consumer Defensive,BG
2016Q2,2016,Q2,2016-07-28,2016-06-30,121000000.0,10541000000.0,227000000.0,0.78,530000000.0,0.05027985959586377,22095000000.0,7126000000.0,13868000000.0,10315000000.0,14795000000.0,5966000000.0,7953000000.0,8245902401.099999,14317902401.099998,51.11664915458758,1.344449830344159,0.2996152975786377,0.9289924221161943,0.01256271763163227,51.11664915458758,0.016980072972214426,0.7822694622047244,17.036988432024792,1.1571572272102162,0.512396694214876,1.67800871605766,0.007518885985326388,0.47707626159764654,0.2952981095492002,0.0054763521158633175,-8.904862204211662,0.05027985959586377,-0.4935064935064935,-0.5952851899747496,-0.23100381464599476,-0.4362031077870434,-0.14516129032258066,-0.4851063829787234,-0.2581699346405229,-0.060545868220134184,-0.281492214663458,-0.27384162773977705,Farm Products,Consumer Defensive,BG
2016Q1,2016,Q1,2016-04-28,2016-03-31,235000000.0,8916000000.0,306000000.0,1.54,620000000.0,0.06953790937640197,18939000000.0,6772000000.0,11423000000.0,7092000000.0,11976000000.0,4807000000.0,7900000000.0,7917020239.68,12504020239.68,48.4739495898411,1.6106880992667794,0.26981361212313215,0.7545776727702304,0.022569203225658366,48.4739495898411,0.034701712935617246,0.8879565096096905,8.422361957106384,1.1690815475014766,0.26382978723404255,1.7258165175785314,0.007831229190151216,0.4707745921115159,0.47320924985899604,0.012408258091768308,-239.90970423272728,0.06953790937640197,0.1846153846153846,0.06732864560636306,-0.22955408436639244,-0.43919538736422387,-0.11806543385490754,0.15763546798029557,-0.03773584905660377,0.3743501493940594,-0.36517975585965134,-0.3571249031125794,Farm Products,Consumer Defensive,BG
2015Q4,2015,Q4,2016-02-25,2015-12-31,203000000.0,11105000000.0,318000000.0,1.3,703000000.0,0.06330481764970734,17922000000.0,6441000000.0,10916000000.0,7340000000.0,11270000000.0,4466000000.0,7725000000.0,9728771126.76,14093771126.76,45.205244760081534,1.4871934604904633,0.26648811516571813,0.7414997671169073,0.025145063199879067,45.205244760081534,0.03151684521037106,0.8760712405907249,11.98124523,1.5104442053656264,0.3103448275862069,2.329153605015674,0.006475637999820134,0.6196295056355318,0.40068119891008175,0.011326860841423949,-31.6898082304886,0.06330481764970734,-0.16666666666666666,-0.30322606073731107,-0.09845169648066977,-0.4554416148202152,-0.056375838926174496,-0.1506276150627615,-0.17829457364341086,1.3480911757824927,-0.24770899515716827,-0.3909298731756999,Farm Products,Consumer Defensive,BG
2015Q3,2015,Q3,2015-11-06,2015-09-30,239000000.0,10762000000.0,387000000.0,1.56,745000000.0,0.06922505110574242,18439000000.0,6446000000.0,11506000000.0,8170000000.0,11778000000.0,5013000000.0,7585000000.0,10441871603.0,14368871603.0,45.24972322627017,1.4083231334149326,0.22940506535061556,0.6562209121936085,0.02187294686554364,45.24972322627017,0.037077257213775985,0.9702538192715109,10.922459835774058,1.6198994109525284,0.2594142259414226,1.9982046678635548,0.0059376328648005116,0.583654211182819,0.3518971848225214,0.012961657356689625,13.21755899113924,0.06922505110574242,2.12,0.17119650376478007,-0.04128907176061896,-0.4339259012393964,0.3925233644859813,1.7790697674418605,1.2241379310344827,-0.18556207348625894,-0.3701470262239173,-0.43764389750365995,Farm Products,Consumer Defensive,BG
2015Q2,2015,Q2,2015-07-31,2015-06-30,86000000.0,10782000000.0,174000000.0,0.5,535000000.0,0.04961973659803376,19429000000.0,7404000000.0,11818000000.0,8221000000.0,11799000000.0,5443000000.0,7408000000.0,12629486079.0,17049486079.0,51.47249824210365,1.4375380124072497,0.2494209686551032,0.6545110750945435,0.009538507373752421,51.47249824210365,0.011615343057806591,1.1713491076794658,36.71362232267442,1.7057652726904375,0.6744186046511628,1.8826015065221384,0.004592427564922137,0.5549436409490968,0.37063617564773144,0.0044263729476555665,-17.713164206171108,0.04961973659803376,-0.7005988023952096,-0.952885873203114,-0.04298482683116237,-0.36781913063683674,-0.24647887323943662,-0.6730038022813688,-0.5408970976253298,-0.6813494160568542,-0.274601057743038,-0.3326700777088519,Farm Products,Consumer Defensive,BG
2015Q1,2015,Q1,2015-04-30,2015-03-31,263000000.0,10806000000.0,379000000.0,1.67,710000000.0,0.0657042383860818,18481000000.0,7195000000.0,11090000000.0,7657000000.0,11052000000.0,4778000000.0,7386000000.0,11955755385.32,15795755385.32,49.56442992532332,1.4483479169387488,0.22834262215248094,0.5865184155663655,0.024675752607278546,49.56442992532332,0.03655316191799861,1.106399721017953,11.364786487946768,1.6616755226296038,0.22053231939163498,2.1130179991628295,0.0048512200300798985,0.5847086196634381,0.34791693874885726,0.014230831664953196,62.59557793361257,0.0657042383860818,5.515185185185186,3.145508524780647,0.03728257345280577,-0.2845844724928735,0.02158273381294964,5.87037037037037,1.2969696969696969,1.8733274538381315,-0.192227511683663,-0.4035606993709026,Farm Products,Consumer Defensive,BG
2014Q4,2014,Q4,2015-03-02,2014-12-31,-54000000.0,13231000000.0,165000000.0,-0.3698630136986301,695000000.0,0.05252815357871665,21432000000.0,8446000000.0,13081000000.0,8704000000.0,12742000000.0,5554000000.0,7180000000.0,13245877730.18,18083877730.18,57.96715594396219,1.5028722426470589,0.24262784621127287,0.6156760596732181,-0.008197596862059287,57.96715594396219,-0.00639355908122188,1.0011244599939537,-61.32350801009259,1.5683018861212408,-1.0925925925925926,2.25711199135758,0.004454215960756739,0.617347891004106,0.45978860294117646,-0.0025195968645016797,-323.0701885409756,0.05252815357871665,-1.1946647440519107,-5.856856666560294,0.2543328934525996,-0.1198512794368165,-0.03337969401947149,-1.183673469387755,-0.4778481012658228,-1.2128966576167237,-0.19431070803978964,-0.27753924806203994,Farm Products,Consumer Defensive,BG
2014Q3,2014,Q3,2014-11-07,2014-09-30,294000000.0,13676000000.0,316000000.0,1.9,719000000.0,0.0525738520035098,24145000000.0,9319000000.0,15617000000.0,10929000000.0,14583000000.0,4987000000.0,7292000000.0,12217875172.52,18745875172.52,64.2451620201078,1.4289504986732546,0.2851522054255539,0.7388131773795472,0.018887678601329554,64.2451620201078,0.031548449404442534,0.8933807525972507,10.389349636496599,1.3110714854083059,0.19387755102040816,2.598155203529176,0.004665295658626659,0.5664112652723131,0.5740689907585323,0.012176434044315593,7.009681682455537,0.0525738520035098,0.04972375690607727,0.0647774870236212,0.01708450105193811,-0.17768038600013827,-0.09331651954602774,0.020833333333333332,-0.2119700748129676,1.1066864860360293,-0.12144307477590954,-0.1994629150714917,Farm Products,Consumer Defensive,BG
2014Q2,2014,Q2,2014-07-31,2014-06-30,288000000.0,16793000000.0,401000000.0,1.81,793000000.0,0.04722205680938486,26011000000.0,10169000000.0,16672000000.0,10377000000.0,15620000000.0,6145000000.0,7056000000.0,11079543047.64,19287543047.64,69.42372593279828,1.606630047219813,0.33566567990465573,0.8585898318418723,0.014903045519667504,69.42372593279828,0.028321368866161864,0.6597715147763948,9.617658895520833,1.0895410608358738,0.18055555555555555,2.6037428803905613,0.004693334352906934,0.6456114720695091,0.6777488676881565,0.011072238668255739,138.4942880955,0.04722205680938486,21.485810566153845,-0.23532718617656043,0.26940456349741493,0.041912733864583766,0.9154589371980676,23.153846153846153,7.354166666666667,-0.08321114157052736,0.1659603241273281,-0.2342831235203741,Farm Products,Consumer Defensive,BG
2014Q1,2014,Q1,2014-05-06,2014-03-31,-13000000.0,13461000000.0,48000000.0,-0.08835383858281096,414000000.0,0.030755515934923112,27434000000.0,9830000000.0,18201000000.0,12495000000.0,17373000000.0,6452000000.0,6826000000.0,11698756008.560001,20256756008.56,66.8090948668486,1.4566626650660264,0.33498578406357077,0.9348931841302136,-0.0022082018927444794,66.8090948668486,-0.0013224821973550356,0.8690852097585618,-224.97607708769232,1.1901074271169887,-4.076923076923077,2.0221636701797894,0.004530396220010043,0.49066851352336516,0.5618247298919568,-0.0004738645476416126,-9.573450088837971,0.030755515934923112,-1.113551479681544,0.9448445236143169,0.21077603983640072,0.14367529082674477,-0.4888888888888889,-1.0942028985507246,-0.8692098092643051,-1.0560614424852892,0.10443467740956569,-0.2270725021506822,Farm Products,Consumer Defensive,BG
2013Q4,2013,Q4,2014-02-28,2013-12-31,138000000.0,16375000000.0,367000000.0,0.778095,810000000.0,0.04946564885496183,26781000000.0,9857000000.0,17772000000.0,12535000000.0,16693000000.0,5796000000.0,6891000000.0,12135593934.24,20507593934.239998,66.69292614648502,1.4177901874750698,0.3403158955976252,0.9246220959724054,0.007467644984930606,66.69292614648502,0.014000202901491326,0.7411049730833588,21.98477162,1.2311650536917926,0.37681159420289856,2.685472739820566,0.0042849159490484,0.6114409469399947,0.6350219385719984,0.005152906911616444,12.075217845014926,0.04946564885496183,1.8277606382978724,1.5412434286410839,0.23247396604508463,0.09178775793455321,0.17732558139534885,1.9324324324324325,0.19934640522875818,-0.5433594890886758,0.2815962745549184,-0.196593396230977,Farm Products,Consumer Defensive,BG
2013Q3,2013,Q3,2013-11-08,2013-09-30,-148000000.0,14701000000.0,306000000.0,-0.94,688000000.0,0.04679953744643221,28500000000.0,10033000000.0,19443000000.0,14116000000.0,18202000000.0,5886000000.0,6807000000.0,11196194692.74,20395194692.739998,68.02356076335927,1.3773731935392461,0.3747719298245614,1.0645868633509419,-0.014822694223017924,68.02356076335927,-0.01475132064188179,0.76159408834365,-18.912491035033785,1.1159368775779925,-0.3581081081081081,2.3807339449541285,0.004733751194445291,0.5158245614035087,0.6408330971946727,-0.005192982456140351,9.643578546718347,0.04679953744643221,-2.257905400161119,-1.521516514198527,-0.180789686914068,-0.05019409676110571,0.11688311688311688,-2.088235294117647,0.2911392405063291,-1.700481234509872,0.264865920063942,-0.14902516284894082,Farm Products,Consumer Defensive,BG
2013Q2,2013,Q2,2013-08-05,2013-06-30,136000000.0,15491000000.0,237000000.0,0.747274,616000000.0,0.03976502485314053,30343000000.0,10362000000.0,20683000000.0,15159000000.0,19636000000.0,6391000000.0,7007000000.0,10566131565.8,21644131565.8,70.39325181293873,1.3644039844316906,0.3890188840918828,1.1391623238756996,0.008136717971940708,70.39325181293873,0.013124879366917584,0.6820819550577755,19.423035966544116,1.019700016000772,0.35294117647058826,2.3274917853231107,0.004542816801123728,0.5105296114425073,0.5985882973810938,0.00448208812576212,-12.257693231786542,0.03976502485314053,-0.3501965217391304,-0.8504481487784298,-0.10943290310278164,-0.09685560449263472,-0.04791344667697063,-0.24444444444444444,-0.20469798657718122,-0.9271934912458729,0.34362338053172947,-0.13543603578187355,Farm Products,Consumer Defensive,BG
2013Q1,2013,Q1,2013-05-03,2013-03-31,180000000.0,14785000000.0,298000000.0,1.15,647000000.0,0.04376056814338857,29899000000.0,11089000000.0,19793000000.0,13566000000.0,18445000000.0,6074000000.0,6924000000.0,10810779318.240002,20638779318.24,75.40181572522444,1.459015185021377,0.35549683935917586,0.9585174497249527,0.009366304047534205,75.40181572522444,0.016232302281540264,0.7311991422549883,15.014971275333336,0.9749102099594193,0.26666666666666666,2.327625946657886,0.004440012934036509,0.4944981437506271,0.6424885743771193,0.006020268236395866,-89.3452836218182,0.04376056814338857,1.275779376498801,-0.48722955736656615,-0.023801749510827964,0.10218131225043318,0.21388367729831145,1.3005008347245408,0.48258706467661694,1.8005586528230162,0.4008884377666415,0.08835368132612903,Farm Products,Consumer Defensive,BG
2012Q4,2012,Q4,2013-03-01,2012-12-31,-599000000.0,15162000000.0,201000000.0,-4.17,533000000.0,0.03515367365782878,27280000000.0,10862000000.0,17264000000.0,11561000000.0,16025000000.0,6590000000.0,6792000000.0,10638072392.31,18966072392.309998,74.22009842410478,1.4932964276446674,0.3261363636363636,0.8190940894862825,0.006340755884189233,74.22009842410478,-0.055146381881789726,0.7016272518341907,-4.439930046873957,0.9793843115733751,-0.07846410684474124,2.219878603945372,0.0044180936420375495,0.555791788856305,0.575901738603927,-0.021957478005865103,5.353836131006542,0.03515367365782878,-3.171875,-3.0226994946312833,0.7777412433685497,0.13106229453490775,-0.37951105937136204,-3.016835016835017,-0.54627539503386,-54.63757824583309,0.4310586916287168,0.1269265087146912,Farm Products,Consumer Defensive,BG
2012Q3,2012,Q3,2012-11-06,2012-09-30,297000000.0,17293000000.0,443000000.0,1.92,859000000.0,0.049673278205054065,28635000000.0,11601000000.0,18046000000.0,11587000000.0,16579000000.0,8115000000.0,7440000000.0,9766435905.84,17008435905.84,80.46453666174035,1.5574350565288686,0.27700366684127814,0.6837341608482027,0.017917453913714635,80.46453666174035,0.02560124127230411,0.5647623839611403,8.220905644646464,0.8418615555417636,0.16498316498316498,2.025138632162662,0.005017183389356977,0.6039112973633665,0.3850867351342021,0.01037192247249869,-26.61154197776567,0.049673278205054065,0.07865168539325837,-0.2911828754162264,0.14280723027448833,0.44916136173647275,0.3015151515151515,0.08394160583941605,0.678030303030303,0.08219606411156662,0.29391651706480826,0.029922949025337764,Farm Products,Consumer Defensive,BG
2012Q2,2012,Q2,2012-08-01,2012-06-30,274000000.0,15090000000.0,264000000.0,1.78,660000000.0,0.0437375745526839,26713000000.0,11264000000.0,16360000000.0,9674000000.0,14841000000.0,7930000000.0,7190000000.0,9162257796.26,15589257796.26,77.13201000396144,1.6911308662394047,0.2580765919215363,0.6120383522727273,0.01157900082641194,77.13201000396144,0.024325284090909092,0.6071741415679258,8.359724266660585,0.8134106708327414,0.15328467153284672,1.819672131147541,0.00458402294870422,0.5648934975480103,0.3382261732478809,0.010257178152959233,-3.4626824626832957,0.0437375745526839,2.1228070175438596,0.34526077630893115,0.25534101881919596,0.5112070868514351,0.2667946257197697,1.9782608695652173,1.588235294117647,-0.2702971183338951,0.1441246518004169,0.15759882276400036,Farm Products,Consumer Defensive,BG
2012Q1,2012,Q1,2012-05-07,2012-03-31,92000000.0,13446000000.0,102000000.0,0.57,521000000.0,0.03874758292428975,25796000000.0,12125000000.0,14751000000.0,7583000000.0,13026000000.0,6368000000.0,6964000000.0,9985915459.6,13978915459.6,83.10054329593135,1.9452723196624027,0.203248565669096,0.43241237113402065,0.005074615518775742,83.10054329593135,0.007587628865979382,0.7426681139074818,27.135639835869565,0.8235806564618556,0.5108695652173914,2.029679648241206,0.0047066290707294504,0.5212436036594821,0.5483317948041672,0.0035664444099860445,-18.984630151330798,0.03874758292428975,-0.6705202312138729,4.404594980778097,0.35040985197745694,0.7267645360193526,-0.2921195652173913,-0.6377952755905512,-0.6644736842105263,1.3936163780629391,0.2196062645821922,0.4225613774778841,Farm Products,Consumer Defensive,BG
2011Q4,2011,Q4,2012-02-27,2011-12-31,254000000.0,16445000000.0,304000000.0,1.73,736000000.0,0.044755244755244755,23275000000.0,11707000000.0,13128000000.0,6947000000.0,11200000000.0,5733000000.0,6917000000.0,8345914148.0,11591914148.0,80.23571631880151,1.889736576939686,0.17533834586466165,0.3485948577773981,0.020699265264758043,80.23571631880151,0.02169642094473392,0.5075046608695652,8.21448242913386,0.7128994745024345,0.17716535433070865,2.7401011686725973,0.005391859921154799,0.7065520945220193,0.635670073412984,0.010912996777658432,10.043217987966306,0.044755244755244755,0.9438202247191011,-0.2087146017931936,0.7603799218270452,0.6987095903768844,0.042492917847025496,0.8142857142857143,-0.02564102564102564,2.00910037295328,0.25376869942943625,0.3134882196287323,Farm Products,Consumer Defensive,BG
2011Q3,2011,Q3,2011-11-09,2011-09-30,140000000.0,15616000000.0,312000000.0,0.89,706000000.0,0.04521004098360656,24901000000.0,11678000000.0,15173000000.0,8617000000.0,12872000000.0,6247000000.0,6709000000.0,8482103216.49,12463103216.49,80.25257446486091,1.7608216316583498,0.20224087386048753,0.4312382257235828,0.018809481834947524,80.25257446486091,0.01198835417023463,0.5431674703182633,15.146612886589287,0.7263318390554889,0.25,2.386745637906195,0.004126335073588439,0.6271234086984459,0.41429731925264013,0.005622264166097747,10.002480208125,0.04521004098360656,-0.5594059405940593,-0.3176622088438544,0.846744327752383,1.0405018221491122,0.09119010819165378,-0.5569620253164557,0.18181818181818182,-0.4999696809569665,-0.11797623545835217,0.12055834951089357,Farm Products,Consumer Defensive,BG
2011Q2,2011,Q2,2011-08-09,2011-06-30,316000000.0,14488000000.0,264000000.0,2.02,647000000.0,0.04465764770844837,26508000000.0,13359000000.0,15636000000.0,8349000000.0,12757000000.0,6974000000.0,6613000000.0,10159410790.550001,14713410790.550001,90.66500695658299,1.872799137621272,0.18952768975403653,0.3760760535968261,0.013374077686073698,90.66500695658299,0.023654465154577437,0.7012293477740199,8.03750853682753,0.7604918624560222,0.14556962025316456,1.9846572985374247,0.004527821637332345,0.5465519843066244,0.5041322314049587,0.01192092953070771,-14.169331646513251,0.04465764770844837,0.3557046979865772,7.578528991176054,0.973123407521252,1.396431901936114,0.012519561815336464,0.3620689655172414,-0.10508474576271186,-0.6528491148207148,-0.16790303427754028,0.1632307187494282,Farm Products,Consumer Defensive,BG
2011Q1,2011,Q1,2011-05-10,2011-03-31,232000000.0,12194000000.0,295000000.0,1.49,639000000.0,0.052402821059537474,26473000000.0,12724000000.0,15903000000.0,9356000000.0,13368000000.0,6719000000.0,6343000000.0,10647442311.51,14523442311.51,86.4364316869899,1.6997648567764,0.17708608771200846,0.3684375982395473,0.014321761061171737,86.4364316869899,0.018233259981138006,0.873170601239134,11.473536973609914,0.8367999301721156,0.20689655172413793,1.7197499627920823,0.004508124918236137,0.46062025459902545,0.4221889696451475,0.00876364597892192,20.20387535390892,0.052402821059537474,-0.22797927461139894,2.2163631257264162,0.7505950703047632,1.2726013111807484,-0.22919179734620024,-0.2292358803986711,-0.24358974358974358,-0.33972901660691973,-0.19564709328717342,0.2634791189934291,Farm Products,Consumer Defensive,BG
2010Q4,2010,Q4,2011-03-01,2010-12-31,301000000.0,12726000000.0,390000000.0,1.93,829000000.0,0.06514222850856514,26001000000.0,12220000000.0,15815000000.0,10004000000.0,13447000000.0,6635000000.0,6153000000.0,9644966407.439999,13021966407.439999,83.0126685959617,1.5808676529388244,0.1877235490942656,0.3994271685761047,0.020103276250957845,83.0126685959617,0.024631751227495908,0.7578945786138612,8.010769441395349,0.7892771200851063,0.14950166112956811,1.7930670685757348,0.004665646110004862,0.48944271374177917,0.49420231907237105,0.011576477827775855,-8.512768232515445,0.06514222850856514,0.4191176470588234,0.6243713101403544,0.5213885347158183,1.3251276263829157,0.16432584269662923,0.419811320754717,0.09859154929577464,0.010491072737168436,0.48342439457055264,0.2650549030681486,Farm Products,Consumer Defensive,BG
2010Q3,2010,Q3,2010-11-09,2010-09-30,212000000.0,11662000000.0,355000000.0,1.36,712000000.0,0.06105299262562168,23101000000.0,11830000000.0,13326000000.0,7665000000.0,10966000000.0,5568000000.0,0.0,8755284574.56,11755284574.56,79.93604251694718,1.7385518590998044,0.14501536730011688,0.28317836010143704,0.0156963890935888,79.93604251694718,0.017920540997464075,0.7507532648396501,10.324628036037735,0.7400916800135249,0.27358490566037735,1.9665948275862069,0.006624570510081314,0.50482663088178,0.4374429223744292,0.009177091900783516,-5.248971567482014,0.06105299262562168,-0.8780269058295964,-0.06372736884478021,0.40630431587141363,1.210498380537889,0.6752941176470588,-0.8807649043869517,34.5,-0.5070959080156361,-0.2491996166528858,0.4396432146581166,Farm Products,Consumer Defensive,BG
2010Q2,2010,Q2,2010-08-09,2010-06-30,1778000000.0,10974000000.0,10000000.0,11.15,425000000.0,0.03872790231456169,22094000000.0,11408000000.0,12956000000.0,6707000000.0,10407000000.0,4571000000.0,5734000000.0,6892113756.29,7965113756.29,81.42052494241914,1.9317131355300432,0.17398388702815243,0.33695652173913043,0.0005024779113197138,81.42052494241914,0.1558555399719495,0.6280402548104611,0.9690823616830709,0.6041474190296283,0.0281214848143982,2.30781010719755,0.0072546684178519455,0.4966959355481126,0.7842552557029969,0.08047433692405177,-5.845728376836302,0.03872790231456169,35.52959060648949,11.441019520729576,0.47768398777548343,1.4260669718304984,-0.22018348623853212,27.22222222222222,-0.9494949494949495,8.098505290667598,-0.04847585205154454,0.5952297146389472,Farm Products,Consumer Defensive,BG
2010Q1,2010,Q1,2010-05-10,2010-03-31,63000000.0,10345000000.0,198000000.0,0.305232,545000000.0,0.05268245529241179,22550000000.0,9987000000.0,11357000000.0,6929000000.0,11677000000.0,3890000000.0,4008000000.0,8884141439.73,12598141439.73,69.28061807385022,1.6390532544378698,0.18567627494456762,0.4192450185240813,0.012556619732601075,69.28061807385022,0.0063082006608591165,0.8587860260734654,35.254529522738096,0.8895705857344549,0.7777777777777778,2.519280205655527,0.005515445733548471,0.4587583148558758,0.41001587530668204,0.002793791574279379,18.782540041712473,0.05268245529241179,3.0162105263157892,-0.5033681371691663,0.4661365436268499,1.2566076434721487,0.7356687898089171,4.7272727272727275,3.6052631578947367,2.746023206155915,0.051616940548511944,0.4395972586774072,Farm Products,Consumer Defensive,BG
2009Q4,2009,Q4,2010-03-01,2009-12-31,11000000.0,10436000000.0,-76000000.0,0.076,314000000.0,0.030088156381755462,21286000000.0,9494000000.0,11783000000.0,6207000000.0,10921000000.0,4862000000.0,3996000000.0,9201277755.93,12463277755.93,65.86063762823011,1.898340583212502,0.17922578220426572,0.4018327364651359,-0.0032570552369184875,65.86063762823011,0.0011586265009479672,0.8816862548802223,209.1199489984091,0.9691676591457762,5.2727272727272725,2.0818593171534348,0.0063034723587841275,0.49027529831814337,0.46979217013049784,0.0005167715869585643,-64.34459969181819,0.030088156381755462,-0.9530864197530864,-0.9190674001312716,0.29784470356721965,1.1731792816468507,-0.08454810495626822,-0.9525862068965517,-11.666666666666666,-0.9653145999430008,0.1307359156418391,0.3943677691227263,Farm Products,Consumer Defensive,BG
2009Q3,2009,Q3,2009-11-09,2009-09-30,232000000.0,11298000000.0,-6000000.0,1.62,343000000.0,0.030359355638166045,21860000000.0,9522000000.0,12506000000.0,6686000000.0,11467000000.0,4835000000.0,4081000000.0,7630835675.04,10607835675.04,78.1267537905506,1.87047562069997,0.18655077767612077,0.4282713715605965,-0.0008691176470588235,78.1267537905506,0.024364629279563118,0.6754147349123739,8.222883270517242,0.8013900099810963,0.2025862068965517,2.265770423991727,0.006159220562661852,0.5168344007319304,0.5207897098414598,0.01061299176578225,7.973704989592476,0.030359355638166045,-0.2894736842105262,0.15365417435938872,0.5586793293130072,1.7798766668263601,-0.16747572815533981,-0.25878594249201275,-1.058252427184466,0.3500208457247717,0.5952165396160245,0.98645070929177,Farm Products,Consumer Defensive,BG
2009Q2,2009,Q2,2009-08-10,2009-06-30,313000000.0,10994000000.0,103000000.0,2.28,412000000.0,0.03747498635619429,21808000000.0,8111000000.0,13326000000.0,7890000000.0,12898000000.0,6690000000.0,3852000000.0,7334235994.5,12095235994.5,66.6310370114175,1.6889733840304182,0.24073734409391048,0.6472691406731599,0.0061710964899349,66.6310370114175,0.03858956972013315,0.6671126063762052,5.858015970047924,0.9042332627912711,0.13738019169329074,1.5817638266068759,0.005862914696533631,0.5041269258987527,0.32788339670468947,0.014352531181217902,-4.513375996615385,0.03747498635619429,2.2954545454545454,1.3807991255771612,0.40693364437476276,1.4837833714755877,2.051851851851852,2.605128205128205,1.6477987421383649,9.285052193107473,0.8123328637154236,0.7611727844427533,Farm Products,Consumer Defensive,BG
2009Q1,2009,Q1,2009-05-11,2009-03-31,-195000000.0,9198000000.0,-159000000.0,-1.76,135000000.0,0.014677103718199608,18189000000.0,7111000000.0,11066000000.0,6438000000.0,10413000000.0,4961000000.0,3584000000.0,6896007785.7,10081007785.7,58.41613909360004,1.718856787822305,0.202485018417725,0.5179299676557446,-0.012411730796944805,58.41613909360004,-0.027422303473491772,0.7497290482387475,-8.841035622692308,0.969766247461679,-0.2564102564102564,1.8268494255190486,0.007250571860386117,0.5056902523503216,0.378533706119913,-0.010720765297707406,-14.517911127789473,0.014677103718199608,-0.020212969457374202,-3.2884358485348666,0.31661667621685136,1.405936535980232,-0.7347740667976425,0.07142857142857142,-2.1357142857142857,-4.269194071026487,0.5968418915921555,0.5358870294296804,Farm Products,Consumer Defensive,BG
2008Q4,2008,Q4,2009-03-02,2008-12-31,-210000000.0,10943000000.0,140000000.0,-1.72513,509000000.0,0.04651375308416339,20230000000.0,7436000000.0,13176000000.0,8074000000.0,12794000000.0,5653000000.0,3844000000.0,6301965102.660001,8880965102.66,61.08598091689072,1.6319048798612832,0.17711319822046465,0.4818450779989242,0.005924928127996553,61.08598091689072,-0.028240989779451317,0.5758900760906517,-7.502339407928572,0.8474939621651425,-0.9380952380952381,1.8457456217937378,0.03126009058933826,0.5409293129016313,0.47956403269754766,-0.010380622837370242,12.260632495447473,0.04651375308416339,-2.0147823529411766,-2.725128562741669,0.4431791285066075,1.5698771946525336,-0.5789909015715468,-1.8974358974358974,-0.8307134220072552,-2.370462357084929,0.5820260159321157,0.7109762186523857,Farm Products,Consumer Defensive,BG
2008Q3,2008,Q3,2008-11-10,2008-09-30,234000000.0,14797000000.0,827000000.0,1.7,1209000000.0,0.08170575116577684,24640000000.0,8710000000.0,17282000000.0,11064000000.0,15170000000.0,6995000000.0,4097000000.0,7683750940.32,10482750940.32,71.61838069377639,1.5620028922631959,0.1742288961038961,0.4928817451205511,0.0625911724888884,71.61838069377639,0.026865671641791045,0.5192776198094208,8.20913562,0.8821757681194029,0.1794871794871795,1.94253037884203,0.0054660803462027435,0.6005275974025974,0.5094902386117137,0.009496753246753246,3.8650658653521126,0.08170575116577684,-0.6880733944954128,1.1578186927474385,1.084453895516974,2.249260824457822,-0.1667815299793246,-0.6884154460719041,-0.16548940464177597,0.2575659459553644,1.171342784594559,0.9804872690160392,Farm Products,Consumer Defensive,BG
2008Q2,2008,Q2,2008-08-11,2008-06-30,751000000.0,14365000000.0,991000000.0,5.45,1451000000.0,0.10100939784197703,27662000000.0,9475000000.0,19508000000.0,12289000000.0,17311000000.0,8792000000.0,3905000000.0,13091239221.279999,17737239221.28,77.94241116160994,1.5874359183009195,0.20772178439736824,0.6064379947229551,0.04688382962775899,77.94241116160994,0.07926121372031662,0.9113288702596588,4.35793582599201,1.381661131533509,0.05326231691078562,1.468835304822566,0.003055478501605823,0.5193044609934205,0.4147611685246969,0.02714915768924879,-36.98090175502824,0.10100939784197703,1.5952380952380951,2.3841068565414387,1.2543001699857863,2.69149799871771,0.6735870818915801,1.5986159169550174,1.1311827956989247,5.056676592416672,1.2294229844443103,1.3224304873708712,Farm Products,Consumer Defensive,BG
2008Q1,2008,Q1,2008-05-12,2008-03-31,289000000.0,12469000000.0,465000000.0,2.1,867000000.0,0.06953244045232176,23647000000.0,8283000000.0,15873000000.0,10229000000.0,14649000000.0,6512000000.0,3195000000.0,10519103123.039999,14789103123.039999,68.41144454832849,1.5517645908690976,0.21114729141117267,0.6028009175419534,0.025245189158249207,68.41144454832849,0.034890740070022935,0.8436204285058946,9.099570175640137,1.2699629509887722,0.14878892733564014,1.7816339066339066,0.004087800974763435,0.5272973315854019,0.3974973115651579,0.012221423436376708,-20.996213818443113,0.06953244045232176,0.09947643979057601,4.942608350310998,1.099883625935626,3.236828398287628,0.1172680412371134,0.17959183673469387,0.35964912280701755,1.7124158201778108,1.1039719453756418,1.2282969315338514,Farm Products,Consumer Defensive,BG
2007Q4,2007,Q4,2008-03-03,2007-12-31,245000000.0,7056000000.0,342000000.0,1.91,776000000.0,0.10997732426303855,21991000000.0,7945000000.0,14518000000.0,8834000000.0,13294000000.0,5924000000.0,2962000000.0,14094484283.529999,17660484283.53,65.61981491445972,1.6434231378763866,0.20676640443817926,0.5723096286972938,0.06075559591014961,65.61981491445972,0.030837004405286344,1.997517613878968,14.38212681992857,1.7740068324140967,0.12244897959183673,1.0600945307224847,0.00212849220989634,0.3208585330362421,0.4403441249717002,0.011140921285980628,-313.2107618562222,0.10997732426303855,-0.2925925925925927,1.2899324407458232,0.23902749313113048,3.4394109507316157,-0.1444321940463065,-0.301994301994302,-0.38267148014440433,1.1461560007404592,0.04474818838363622,1.1652329429692634,Farm Products,Consumer Defensive,BG
2007Q3,2007,Q3,2007-11-09,2007-09-30,351000000.0,12676000000.0,554000000.0,2.7,907000000.0,0.07155254023351215,20826000000.0,6706000000.0,13760000000.0,8956000000.0,13518000000.0,5622000000.0,2753000000.0,13085933110.8,17355933110.8,55.52489790738202,1.5364001786511836,0.24560645347162202,0.7627497763197136,0.03444246883779943,55.52489790738202,0.05234118699671936,1.0323393113600505,9.320465178632478,1.9513768432448553,0.07977207977207977,2.0933831376734258,0.0021397022102223047,0.6086622491116873,0.43110763733809737,0.016853932584269662,-344.3666608105263,0.07155254023351215,1.076923076923077,2.036279924365723,1.891187551462489,2.4790980521304053,0.7048872180451128,1.0892857142857142,1.4622222222222223,0.7613570038544607,0.7647778869242774,0.9756659611693214,Farm Products,Consumer Defensive,BG
2007Q2,2007,Q2,2007-08-09,2007-06-30,168000000.0,9915000000.0,225000000.0,1.3,532000000.0,0.05365607665153807,18029000000.0,6148000000.0,11460000000.0,6601000000.0,11375000000.0,4839000000.0,2430000000.0,10178409052.5,14311409052.5,51.04000019260378,1.7361005908195728,0.255089023240335,0.7480481457384516,0.015645370263685374,51.04000019260378,0.027325959661678594,1.0265667223903177,15.146442042410714,1.6555642570754716,0.16666666666666666,1.9390369911138665,0.002750921077702482,0.5499473071163126,0.4943190425693077,0.009318320483665207,-14.136679239583334,0.05365607665153807,25.0,1.7685100380396608,1.6327993864581158,1.700274094112955,0.7733333333333333,11.0,5.428571428571429,0.2914046207222817,0.28228699759265147,0.9026013918525251,Farm Products,Consumer Defensive,BG
2007Q1,2007,Q1,2007-05-10,2007-03-31,14000000.0,8189000000.0,35000000.0,0.05,300000000.0,0.03663450970814507,15386000000.0,5775000000.0,9119000000.0,4819000000.0,9174000000.0,3910000000.0,2292000000.0,9866400000.0,13284400000.0,48.125,1.892301307325171,0.2536721695047446,0.6758441558441558,0.0028127941953112446,48.125,0.0024242424242424242,1.2048357552814752,176.18571428571428,1.7084675324675325,2.0,2.0176470588235293,0.002837914538230763,0.5322370986611205,0.6088400083004772,0.0009099181073703367,-37.09172932330827,0.03663450970814507,-0.9772727272727274,-0.5461654946969696,1.1759079414089664,0.9381402991176472,-0.4163424124513619,-0.946969696969697,-0.8516949152542372,-0.8333333333333333,0.18908636812452795,0.9820840197693574,Farm Products,Consumer Defensive,BG
