Year,Date,FillingDate,NetIncome,Revenue,OperatingIncome,EPSDiluted,GrossProfit,GrossProfitRatio,TotalAssets,CommonStockEquity,CurrentAssets,CurrentLiability,TotalLiability,Inventory,RetainedEarnings,EnterpriseValue,bookValuePerShare,currentRatio,debtToAssets,debtToEquity,roic,shareholdersEquityPerShare,roe,priceToSalesRatio,peRatio,pbRatio,payoutRatio,inventoryTurnover,dividendYield,assetTurnover,quickRatio,returnOnAssets,priceToFreeCashFlowsRatio,grossProfitMargin,epsdilutedGrowth,fiveYNetIncomeGrowthPerShare,fiveYRevenueGrowthPerShare,fiveYShareholdersEquityGrowthPerShare,grossProfitGrowth,netIncomeGrowth,operatingIncomeGrowth,threeYNetIncomeGrowthPerShare,threeYRevenueGrowthPerShare,threeYShareholdersEquityGrowthPerShare,Industry,Sector,Price,MarketCap,AvgVolume,Symbol
2022,2022-07-31,2022-09-15,-390278000.0,1090946000.0,-327429000.0,-2.77,848664000.0,0.7779156805,2832665000.0,573300000.0,2256647000.0,1134447000.0,2259365000.0,86210000.0,-991878000.0,21659894500.0,4.068987543915682,1.9892044317627884,0.3691654325520314,1.8240397697540556,-0.19639701296332812,4.068987543915682,-0.6807570207570207,19.8244298984551,-55.41532574216328,37.72437205651491,0.0,2.8103700266790397,0.0,0.38513061022041084,1.8785223108704066,-0.13777767579293704,93.49066493178636,0.7779156805194758,-0.4352331606217617,-6.946111385623215,5.265107892715447,7.305519232310445,0.6233580663487527,-0.4894458246987929,-0.5756019864107944,-10.944750006670532,2.159360324150076,0.629478136530199,Software—Infrastructure,Technology,153.88,22449708311,2962013,ZS
2021,2021-07-31,2021-09-16,-262029000.0,673100000.0,-207812000.0,-1.93,522783000.0,0.7766795424,2257631000.0,528895000.0,1848303000.0,720205000.0,1728736000.0,57373000.0,-601600000.0,32690842140.0,3.8988529641588157,2.5663568011885505,0.4272642429165794,1.823811909736337,-0.13708167898760748,3.8988529641588157,-0.49542725871864923,47.54439925716832,-122.13203553805113,60.50753956834532,0.0,2.6199954682516164,0.0,0.2981443823193427,2.4432779555820914,-0.1160636968574581,222.63439012682358,0.7766795424156886,-1.1685393258426966,-6.295130042175739,5.401252915691466,5.060307757420035,0.5580533832435268,-1.276217033253414,-0.8236161325423847,-2.667372470701795,0.6667388214781937,0.03674148005889753,Software—Infrastructure,Technology,153.88,22449708311,2962013,ZS
2020,2020-07-31,2020-09-17,-115116000.0,431269000.0,-113956000.0,-0.89,335536000.0,0.7780202148,1833458000.0,484829000.0,1581793000.0,423901000.0,1348629000.0,32240000.0,-339571000.0,17555978550.0,3.7489773667483743,3.731515141507097,0.49373260800083774,1.867128410222986,-0.08116818393496401,3.7489773667483743,-0.2374362919709836,38.93762721178661,-145.87539134438305,34.63611201062643,0.0,2.9693858560794046,0.0,0.2352216412920285,3.581395184252927,-0.06278627598777829,610.4621037516359,0.7780202147615526,-2.869565217391304,-6.0563556110149905,5.316208642634303,0.0,0.37985828669186195,-3.0173093700924793,-2.227026873955767,-1.5535012746910426,1.6983193805926047,6.652322177192297,Software—Infrastructure,Technology,153.88,22449708311,2962013,ZS
2019,2019-07-31,2019-09-18,-28655000.0,302836000.0,-35313000.0,-0.23,243167000.0,0.8029659618,604162000.0,308558000.0,496086000.0,261949000.0,295604000.0,21219000.0,-224455000.0,10334422820.0,2.497110855737015,1.8938266609149108,0.0,0.0,-0.11749171953312107,2.497110855737015,-0.0928674673805249,34.38463993712769,-363.3888263828302,33.746999980554705,0.0,2.812055233517131,0.0,0.5012496648249972,1.748382318695624,-0.0474293318679427,373.69125497936477,0.8029659617746899,0.5660377358490567,-0.8383236062664502,3.6418650407577204,0.0,0.5966421315963992,0.14833858408131725,-0.01989949168207024,0.1241742545796995,2.1617426185468602,2.8814647357253804,Software—Infrastructure,Technology,153.88,22449708311,2962013,ZS
2018,2018-07-31,2018-09-13,-33646000.0,190174000.0,-34624000.0,-0.53,152299000.0,0.8008402831,447781000.0,240236000.0,387164000.0,182832000.0,207545000.0,0.0,-196100000.0,2120059110.0,3.7606800144017782,2.1175942942154546,0.0,0.0,-0.15008907299117014,3.7606800144017782,-0.1400539469521637,11.860917422991577,-67.04030523687808,9.389259353302586,0.0,0.0,0.0,0.42470314729745123,1.9698411656602783,-0.07513940966677907,1055.5161956013103,0.8008402831091527,-0.5142857142857145,-3.175247975106144,4.638498013155383,0.0,0.550195938724617,0.051156232374506484,0.012801870384626352,-3.175247975106144,4.638498013155383,0.0,Software—Infrastructure,Technology,153.88,22449708311,2962013,ZS
2017,2017-07-31,2017-07-31,-35460000.0,125717000.0,-35073000.0,-0.35,98245000.0,0.7814774454,182902000.0,49835000.0,142909000.0,120459000.0,133067000.0,0.0,-162016000.0,3268848000.0,0.48991368632154303,1.1863704662997367,0.0,0.0,-0.72162989961834,0.48991368632154303,-0.7115481087589044,26.701448491453025,-94.66514382402707,67.35880405337615,0.0,0.0,0.0,0.687346229128167,1.0545496808042572,-0.19387431520705076,-236.51278799408158,0.7814774453733385,-0.34615384615384603,-1.7634039900249374,1.3407935650846259,0.0,0.6320309644838699,-0.29236824841460746,-0.30659762321648104,-1.7634039900249374,1.3407935650846259,0.0,Software—Infrastructure,Technology,153.88,22449708311,2962013,ZS
2016,2016-07-31,2016-07-31,-27438000.0,80325000.0,-26843000.0,-0.26,60198000.0,0.7494304388,153518000.0,66667000.0,127054000.0,77897000.0,86851000.0,0.0,-126556000.0,3326816000.0,0.6433424044158802,1.6310512599971758,0.0,0.0,-0.4096298951208247,0.6433424044158802,-0.4115679421602892,42.5727731092437,-124.63218893505358,51.294613526932366,0.0,0.0,0.0,0.5232285464896624,1.506232589188287,-0.17872822730884977,-188.2760557176678,0.7494304388422035,-1.0,-1.0989604563225714,0.4681350131185332,0.0,0.5326917201344332,-1.1382481296758105,-1.1616202287002737,-1.0989604563225714,0.4681350131185332,0.0,Software—Infrastructure,Technology,153.88,22449708311,2962013,ZS
2015,2015-07-31,2015-07-31,-12832000.0,53707000.0,-12418000.0,-0.13,39276000.0,0.7313013201,,,,,,,,,,0.0,0.0,0.0,0.0,,0.0,62.502578807231835,-261.598036159601,0.0,0.0,0.0,0.0,0.0,0.0,0.0,-336.22055288461536,0.7313013201258681,0.0,0.0,0.0,0.0,0.0,0.0,0.0,0.0,0.0,0.0,Software—Infrastructure,Technology,153.88,22449708311,2962013,ZS
TTM,,,,,,,,,,,,,,,,22389189311.0,4.136618187321987,1.9604124293522358,0.3795336787564767,2.0203401444266675,-0.15076409852441397,4.136618187321987,-0.504684456262948,15.16867058624802,-83.05233508965404,37.199468994169045,0.0,3.1614114114114114,0.0,0.46239867879396834,1.8188422997621674,-0.0841415909960034,73.10489242857935,0.7780696686835518,,,,,,,,,,,Software—Infrastructure,Technology,153.88,22449708311,2962013,ZS
