Quarters,Year,Quarter,FillingDate,Date,NetIncome,Revenue,OperatingIncome,EPSDiluted,GrossProfit,GrossProfitRatio,TotalAssets,CommonStockEquity,CurrentAssets,CurrentLiability,TotalLiability,Inventory,RetainedEarnings,MarketCap,EnterpriseValue,bookValuePerShare,currentRatio,debtToAssets,debtToEquity,roic,shareholdersEquityPerShare,roe,priceToSalesRatio,peRatio,pbRatio,payoutRatio,inventoryTurnover,dividendYield,assetTurnover,quickRatio,returnOnAssets,priceToFreeCashFlowsRatio,grossProfitMargin,epsdilutedGrowth,fiveYNetIncomeGrowthPerShare,fiveYRevenueGrowthPerShare,fiveYShareholdersEquityGrowthPerShare,grossProfitGrowth,netIncomeGrowth,operatingIncomeGrowth,threeYNetIncomeGrowthPerShare,threeYRevenueGrowthPerShare,threeYShareholdersEquityGrowthPerShare,Industry,Sector,Symbol
2023Q3,2023,Q3,2023-05-03,2023-03-31,1475000.0,99052000.0,2116000.0,0.28,18645000.0,0.1882344627,267787000.0,132803000.0,160415000.0,53777000.0,134984000.0,113311000.0,157433000.0,99747540.00000001,115065540.00000001,25.642595095578297,2.9829666957993193,0.09524360779276067,0.19205138438137692,0.00729655882026527,25.642595095578297,0.011106676806999841,1.0070219682590964,16.906362711864407,0.7510940264903655,1.0596610169491525,0.7096133649866297,0.015669559369584453,0.36989099545534326,0.7236550941852464,0.005508109056825014,22.675048874744263,0.18823446270645722,-0.4716981132075471,-0.27360638539443494,0.1839266728553711,-0.16606079726021303,0.17723197373405733,-0.4830003505082369,1.1702564102564104,1.4304485747983116,0.5415367182948715,0.009770599931185751,"Furnishings, Fixtures & Appliances",Consumer Cyclical,FLXS
2023Q2,2023,Q2,2023-02-08,2022-12-31,2853000.0,93137000.0,975000.0,0.53,15838000.0,0.1700505707,261995000.0,132087000.0,152788000.0,45702000.0,129908000.0,110825000.0,156765000.0,80988600.0,106414600.0,25.116371933827725,3.343135967791344,0.10381877516746503,0.20592488284236904,0.0034814720579637755,25.116371933827725,0.021599400395194077,0.8695641903862052,7.096792849631966,0.6131458811238047,0.2842621801612338,0.6974870290999323,0.010013755022311782,0.3554915170136835,0.7535556430790775,0.010889520792381533,7.135559471365639,0.1700505706647197,9.6,-0.3157070713415438,0.07402725154541444,-0.17809724737902727,0.03185875301322562,8.8719723183391,1.27803738317757,1.8004473757150763,0.3665835137870896,-0.04643708144040863,"Furnishings, Fixtures & Appliances",Consumer Cyclical,FLXS
2023Q1,2023,Q1,2022-10-31,2022-09-30,289000.0,95684000.0,428000.0,0.05,15349000.0,0.1604134443,278523000.0,131088000.0,166752000.0,50658000.0,147435000.0,121390000.0,154731000.0,83382700.0,117434700.0,24.682357371493126,3.291720952268151,0.1365165533905638,0.29005706090565114,0.004841399658144547,24.682357371493126,0.002204625900158672,0.8714382759918063,72.13036332179931,0.6360818686683755,3.0,0.661792569404399,0.010397840319394792,0.3435407488789077,0.7473054601444984,0.0010376162830358713,7.5011424973011875,0.16041344425400275,2.01010101010101,-0.9310562616880518,0.17718501995921448,-0.17796515476709707,-0.13145088275237665,2.066420664206642,-0.8799775659001683,-0.9548314303766119,0.4233704366496177,-0.08782867458875043,"Furnishings, Fixtures & Appliances",Consumer Cyclical,FLXS
2022Q4,2022,Q4,2022-08-26,2022-06-30,-271000.0,124517000.0,3566000.0,-0.0495,17672000.0,0.1419243959,268741000.0,131560000.0,190068000.0,64627000.0,137181000.0,141212000.0,155275000.0,98460000.0,140376000.0,24.051188299817184,2.9409998916861375,0.16409851864806635,0.33520826999087866,-0.0013402456579953593,24.051188299817184,-0.0020598966251140164,0.7907354015917505,-90.83025830258302,0.7484037701429006,-3.140221402214022,0.7566283318698127,0.008643103798496851,0.46333458608846434,0.6698438733037275,-0.0010084058628940132,9.019787467936974,0.14192439586562478,-1.0603658536585365,-1.0643375546950693,0.5156491542380692,-0.18505702324375728,-0.1993113134882878,-1.0509781790820165,-0.3866529067767458,0.980349492656404,0.7943839488091462,-0.07519295720496368,"Furnishings, Fixtures & Appliances",Consumer Cyclical,FLXS
2022Q3,2022,Q3,2022-04-29,2022-03-31,5316000.0,140408000.0,5814000.0,0.82,22071000.0,0.1571918979,289878000.0,140600000.0,209543000.0,71142000.0,149278000.0,154118000.0,156355000.0,122169000.0,166854000.0,22.21169036334913,2.9454190211127043,0.16589047806318521,0.3420199146514936,0.023658461294774516,22.21169036334913,0.037809388335704124,0.870099994302319,5.745344243792325,0.8689118065433855,0.0,0.7678337377853334,0.0,0.4843692863894466,0.6736808073992859,0.01833874940492207,3.416645691752664,0.1571918978975557,1.7256637168141593,-0.14036194009438882,0.43356788895103343,-0.23127056488087397,1.316678912564291,1.704572564612326,1.6814345991561181,1.4261692313693366,0.5694113620743685,-0.2265024297849702,"Furnishings, Fixtures & Appliances",Consumer Cyclical,FLXS
2022Q2,2022,Q2,2022-01-28,2021-12-31,-7545000.0,141668000.0,-8532000.0,-1.13,9527000.0,0.0672487788,323754000.0,155064000.0,242145000.0,71030000.0,168690000.0,179042000.0,151888000.0,179478520.0,279031520.0,23.20622568093385,3.4090525130226665,0.3201195969779524,0.66836918949595,-0.02429800767588117,23.20622568093385,-0.04865732858690605,1.2668952762797527,-5.946935719019218,1.157448021462106,-0.2664015904572565,0.7380447045944527,0.01119911173771658,0.43757914960124045,0.7614810643390116,-0.023304731370114348,68.95064156742221,0.06724877883502273,-2.8524590163934422,-2.629927775876108,0.39142812836474583,-0.17367217377857738,-0.5930371636052969,-2.73328738800827,-2.4527498722969523,-6.685422092405857,0.41250953380430355,-0.24321056846069075,"Furnishings, Fixtures & Appliances",Consumer Cyclical,FLXS
2022Q1,2022,Q1,2021-10-29,2021-09-30,4353000.0,137689000.0,5873000.0,0.61,23410000.0,0.17002084407614262,323890000.0,170271000.0,257425000.0,75970000.0,153619000.0,193700000.0,160446000.0,211033920.0,289167920.0,24.915276558384548,3.3885086218244043,0.2535706567044367,0.482342853451263,0.016024240546152955,24.915276558384548,0.025565128530401535,1.5326853997051326,12.120027567195038,1.239400250189404,0.2412129565816678,0.5899793495095509,0.004975503464087669,0.42511037697983883,0.6876530209293142,0.013439748062613851,-4.675512229705778,0.17002084407614262,-0.24691358024691365,0.03546577495765377,0.38902767444766867,-0.1007185475967021,-0.11369401431113467,-0.25475089881869545,-0.17328265765765766,2.870430323870842,0.3980693607347383,-0.1880765259280541,"Furnishings, Fixtures & Appliances",Consumer Cyclical,FLXS
2021Q4,2021,Q4,2021-09-08,2021-06-30,5841000.0,136172000.0,7104000.0,0.81,26413000.0,0.19396792292101167,296779000.0,167968000.0,228540000.0,99751000.0,128811000.0,161125000.0,157140000.0,276671500.0,308979500.0,24.52087591240876,2.2911048510791874,0.11338403323685302,0.20033577824347495,0.02521257326554298,24.52087591240876,0.0347744808534959,2.031779661016949,11.841786509159391,1.6471679129357975,0.000342407122068139,0.6812040341349883,7.228789376571133e-06,0.45883300368287516,0.57471103046586,0.019681311683104264,-15.444428938260579,0.19396792292101167,0.20895522388059704,0.062279186422694484,0.24345731540690368,-0.10185639813314161,0.14223317765092544,0.1974169741697417,0.11838790931989925,2.065587848351487,0.3814297631540374,-0.2026844914082018,"Furnishings, Fixtures & Appliances",Consumer Cyclical,FLXS
2021Q3,2021,Q3,2021-04-30,2021-03-31,4878000.0,118408000.0,6352000.0,0.67,23124000.0,0.19529085872576177,251730000.0,163526000.0,181498000.0,60463000.0,88204000.0,109448000.0,152349000.0,243880300.0,258852300.0,23.36753358102315,3.0018027554041313,0.1268938942517777,0.19533896750363858,0.02125265199488561,23.36753358102315,0.029830118757873364,2.0596606648199445,12.49899036490365,1.4913854677543632,0.22242722427224274,0.8705869453987282,0.004448903827000377,0.4703769912207524,1.0122223508592032,0.019377904898105112,-42.332980385349764,0.19529085872576177,-0.407079646017699,-0.23488434154327165,0.028438947924515113,-0.12803612574875917,-0.051439822791041104,-0.42272189349112427,-0.3540120004067934,0.7778444748422995,0.047404835269213866,-0.2400495249439898,"Furnishings, Fixtures & Appliances",Consumer Cyclical,FLXS
2021Q2,2021,Q2,2021-01-29,2020-12-31,8450000.0,119106000.0,9833000.0,1.13,24378000.0,0.20467482746461135,235812000.0,168407000.0,184799000.0,58476000.0,67405000.0,92024000.0,148528000.0,253392620.0,232251620.0,23.241374551476678,3.1602537793282712,0.05154529879734704,0.07217633471292761,0.04313600523441305,23.241374551476678,0.05017606156513684,2.127454704213054,7.496823076923076,1.5046442250025236,0.12792899408284022,1.0293836390506825,0.004266106881881564,0.5050887995521857,1.3614645324577606,0.035833630179973874,-27.996091039664126,0.20467482746461135,1.3061224489795917,0.646229379552038,-0.00714510944538015,-0.10910906445646411,0.06850756081525312,1.1783964939417375,0.24295285046138287,0.4709632767806355,-0.0031460435559316443,-0.23945425840639928,"Furnishings, Fixtures & Appliances",Consumer Cyclical,FLXS
2021Q1,2021,Q1,2020-10-30,2020-09-30,3879000.0,105239000.0,7911000.0,0.49,22815000.0,0.2167922538222522,239209000.0,170625000.0,185996000.0,58172000.0,68584000.0,75738000.0,140808000.0,184848000.0,161968000.0,22.153336795637497,3.1973458021041052,0.05713413792959295,0.0800996336996337,0.01947434435245855,22.153336795637497,0.022734065934065933,1.7564591073651403,11.913379737045629,1.0833582417582417,0.11704047434905904,1.0882780110380523,0.002456072015926599,0.4399458214364844,1.312160489582617,0.016215945052234657,-72.60329929300865,0.2167922538222522,1.151702786377709,-0.34375308423430895,-0.18922467685894817,-0.13315238663696183,2.84479271991911,1.1506934462530594,1.249897337081846,-0.36189881332045887,-0.10719851416375699,-0.26219305108892016,"Furnishings, Fixtures & Appliances",Consumer Cyclical,FLXS
2020Q4,2020,Q4,2020-08-31,2020-06-30,-25741000.0,64808000.0,-31657000.0,-3.23,5934000.0,0.09156277002839155,237259000.0,175505000.0,181843000.0,53462000.0,61754000.0,70565000.0,137312000.0,100534800.0,64352800.0,22.048366834170853,3.401350491938199,0.05064086083141209,0.06845958804592461,-0.13034723673237988,22.048366834170853,-0.14666818609156435,1.5512714479693865,-0.9764072879841499,0.5728315432608758,-0.0684511091255196,0.8343229646425282,0.017526269510657003,0.27315296785369575,1.5041337772623546,-0.1084932499926241,25.342777917822033,0.09156277002839155,-3.8939393939393936,-5.176354571682143,-0.49897384683943274,-0.11852342054266149,-0.5714904679376083,-3.8844402277039847,-2.794893310956605,-5.199474348156661,-0.45790810927433806,-0.2529200022691025,"Furnishings, Fixtures & Appliances",Consumer Cyclical,FLXS
2020Q3,2020,Q3,2020-05-01,2020-03-31,-5270000.0,98821000.0,-8342000.0,-0.66,13848000.0,0.14013215814452393,275838000.0,202267000.0,186981000.0,64406000.0,73571000.0,75096000.0,163508000.0,87296400.0,52915400.0,25.394475831763966,2.9031611961618484,0.10208528194084934,0.1392169755817805,-0.02194825360049836,25.394475831763966,-0.02605467031201333,0.8833790388682567,-4.141195445920304,0.4315899281642582,-0.3368121442125237,1.1315249813571961,0.020333026333273763,0.358257382956663,1.503462410334441,-0.01910541694762868,7.482334790434559,0.14013215814452393,0.029411764705882377,-1.7073016038035873,-0.24705992700763968,0.041925247799800586,-0.137196261682243,0.021173848439821695,-0.1784150303715214,-1.677265897693806,-0.1981491655391926,-0.12111681992875048,"Furnishings, Fixtures & Appliances",Consumer Cyclical,FLXS
2020Q2,2020,Q2,2020-01-31,2019-12-31,-5384000.0,102949000.0,-7079000.0,-0.68,16050000.0,0.1559024371290639,269734000.0,209241000.0,171783000.0,50772000.0,60493000.0,86550000.0,170559000.0,158244480.0,135054480.0,26.339501510574017,3.3834199952729853,0.05243684518822247,0.06759669472044198,-0.023014574224275594,26.339501510574017,-0.02573109476632209,1.5371152706680007,-7.347904903417534,0.7562785496150373,-0.32447994056463597,1.0040323512420566,0.011039879558516038,0.3816686068497112,1.5540258410147325,-0.019960405436467037,56.59673819742489,0.1559024371290639,-1.5811965811965814,-2.0731914606343467,-0.15969237827768867,0.11499259584918542,-0.06799837407816038,-1.563710606219244,-1.558148702988252,-1.978321062430519,-0.14949203714791187,-0.06210241483299028,"Furnishings, Fixtures & Appliances",Consumer Cyclical,FLXS
2020Q1,2020,Q1,2019-10-31,2019-09-30,9551000.0,100348000.0,12683000.0,1.17,17221000.0,0.17161278749950173,267472000.0,214523000.0,170561000.0,44768000.0,52949000.0,93568000.0,177759000.0,117492960.0,93112960.0,27.058905146316853,3.8098865260900645,0.04432613507208231,0.05526680122877267,0.039820653673192576,27.058905146316853,0.04452203260256476,1.170855024514689,3.0754099047220187,0.5476940001771372,0.18197047429588525,0.8884127051983585,0.01479237564531526,0.375171980618532,1.6208229092208721,0.035708410599988034,-30.669005481597495,0.17161278749950173,1.4642857142857142,0.8204125412848478,-0.14142584736874036,0.1701723116617669,2.221889616463985,1.4795882500627668,1.476858292288604,0.9584264217604909,-0.12736685051676602,-0.02334732414462802,"Furnishings, Fixtures & Appliances",Consumer Cyclical,FLXS
2019Q4,2019,Q4,2019-09-13,2019-06-30,-19915000.0,100207000.0,-26597000.0,-2.52,5345000.0,0.05333958705479657,254287000.0,205427000.0,165967000.0,47764000.0,48860000.0,93659000.0,170004000.0,137600580.0,115353580.0,26.006709710089886,3.4747299221170755,0.0,0.0,-0.09749056872761842,26.006709710089886,-0.09694441334391292,1.3731633518616464,-1.727348481044439,0.6698271405414089,-0.0008536279186542807,1.0128444676966442,0.00012354599086718965,0.3940704794189243,1.2646344527259024,-0.07831701974540578,-20.962915904936015,0.05333958705479657,-0.27918781725888325,-4.281774758060571,-0.1631227543273243,0.14346231375937246,-0.7493904726181545,-0.280542695473251,-0.31310787459886447,-4.14087197477498,-0.206476882193194,-0.04743370444178278,"Furnishings, Fixtures & Appliances",Consumer Cyclical,FLXS
2019Q3,2019,Q3,2019-05-02,2019-03-31,-15552000.0,111542000.0,-20255000.0,-1.97,21328000.0,0.19121048573631458,265415000.0,226626000.0,179873000.0,37757000.0,38789000.0,95928000.0,191657000.0,187435000.0,158848000.0,28.7159148504815,4.763964298010965,0.0,0.0,-0.06916359023750299,28.7159148504815,-0.0686240766725795,1.680398414946836,-3.013036908436214,0.8270675032873545,-0.22325102880658437,0.9404344925360687,0.018523754901699257,0.42025507224535164,1.8199274306751065,-0.058595030424052896,-122.02799479166667,0.19121048573631458,-10.85,-4.239011726176689,-0.07103587837976771,0.3022460620642075,-0.006798919623731024,-10.931034482758621,-10.631478839752734,-3.1630093824230805,-0.1409414617269341,0.07153971893846078,"Furnishings, Fixtures & Appliances",Consumer Cyclical,FLXS
2019Q2,2019,Q2,2019-02-06,2018-12-31,1566000.0,118352000.0,2103000.0,0.2,21474000.0,0.1814418007300257,287090000.0,241786000.0,180575000.0,43666000.0,45304000.0,93905000.0,208945000.0,174100800.0,148519800.0,30.664045656309447,4.135368478908075,0.0,0.0,0.0063029681560718516,30.664045656309447,0.006476801799938789,1.4710423144518048,27.793869731800765,0.7200615420247657,1.10727969348659,1.0316596560353548,0.009959747456645806,0.4122470305479118,1.746232766912472,0.0054547354488139604,-29.036157438292197,0.1814418007300257,0.25000000000000006,0.22303302277937656,-0.03899835122330227,0.41769142237093954,-0.014547290165664724,0.20833333333333334,0.3184952978056426,-0.7196361411276667,-0.09338192542032209,0.17541758392097806,"Furnishings, Fixtures & Appliances",Consumer Cyclical,FLXS
2019Q1,2019,Q1,2018-10-30,2018-09-30,1296000.0,113487000.0,1595000.0,0.16,21791000.0,0.1920131821265872,287148000.0,241658000.0,183639000.0,43789000.0,45490000.0,90284000.0,209115000.0,237273750.0,213924750.0,30.68673015873016,4.193724451346228,0.0,0.0,0.004816388941888614,30.68673015873016,0.005362950947206383,2.090757091120569,45.77039930555556,0.981857625238974,1.334104938271605,1.015639537459572,0.0072869417708448575,0.3952212796188725,1.9383178423805065,0.004513351999665678,-442.6749067164179,0.1920131821265872,-0.4285714285714286,-0.6888080072793448,-0.015997294766413525,0.4161179847985207,0.2784394250513347,-0.4071363220494053,-0.4075037147102526,-0.7855601725591312,-0.14488824458978813,0.2007544978618797,"Furnishings, Fixtures & Appliances",Consumer Cyclical,FLXS
2018Q4,2018,Q4,2018-09-06,2018-06-30,2186000.0,113093000.0,2692000.0,0.28,17045000.0,0.150716666814038,284293000.0,241698000.0,189634000.0,40929000.0,42595000.0,96204000.0,209553000.0,313574100.0,285824100.0,30.754294439496118,4.633242932883775,0.0,0.0,0.008524991474301575,30.754294439496118,0.009044344595321434,2.7727100704729737,35.8616308325709,1.2973797879999007,0.7904849039341263,0.9983784458026693,0.005510659203040047,0.39780437787775286,2.0756431869823353,0.007689250174995515,84.58972214728891,0.150716666814038,-0.282051282051282,-0.5338322605737443,0.002412870481650544,0.4450168694635532,-0.38314273306311525,-0.29002923026956806,-0.3812916570903241,-0.6407738985680392,-0.1144496057026338,0.22953280259001763,"Furnishings, Fixtures & Appliances",Consumer Cyclical,FLXS
2018Q3,2018,Q3,2018-05-02,2018-03-31,3079000.0,126861000.0,4351000.0,0.39,27632000.0,0.2178131971212587,286738000.0,241470000.0,200771000.0,43408000.0,45268000.0,106195000.0,208764000.0,310821740.0,287215740.0,30.748758436266396,4.625207335053446,0.0,0.0,0.012304255897402564,30.748758436266396,0.012751066385058185,2.4500968776850254,25.237231243910358,1.2872064438646622,0.5612211757063982,0.934403691322567,0.005559456684078791,0.44242827947464236,2.0009675635827495,0.010738025654081426,54.131267850923024,0.2178131971212587,-0.5,-0.10845305581790876,0.16455495654088498,0.47791484915110577,0.008393547916210496,-0.5050634946150137,-0.43661789460054384,-0.5808650280122085,-0.019631201994945023,0.26160933446672513,"Furnishings, Fixtures & Appliances",Consumer Cyclical,FLXS
2018Q2,2018,Q2,2018-01-30,2017-12-31,6221000.0,129392000.0,7723000.0,0.78,27402000.0,0.21177507110176827,281455000.0,239795000.0,202247000.0,39352000.0,41660000.0,110224000.0,207413000.0,367082660.0,349503660.0,30.558812284949664,5.139433828013824,0.0,0.0,0.02542288221440808,30.558812284949664,0.025942992973164578,2.83698111166069,14.751754541070568,1.5308186576033695,0.27728660986979586,0.9252975758455508,0.004699214068024897,0.45972535574070456,2.1593057532018705,0.022103000479650387,-45.54940563345328,0.21177507110176827,0.0,0.9073555709131528,0.22550157209642116,0.48365263343298653,0.04827850038255547,0.006634304207119741,-0.20700277235855838,0.2553590024504734,0.06920056330320364,0.29360266829595943,"Furnishings, Fixtures & Appliances",Consumer Cyclical,FLXS
2018Q1,2018,Q1,2017-10-25,2017-09-30,6180000.0,119834000.0,9739000.0,0.78,26140000.0,0.2181350868701704,279973000.0,235103000.0,206780000.0,42602000.0,44870000.0,104223000.0,202919000.0,396981000.0,363535000.0,30.025925925925925,4.853762734143937,0.0,0.0,0.02591121186766947,30.025925925925925,0.026286351088671774,3.312757648079844,16.059101941747574,1.6885407672381894,0.2532362459546926,0.8989762336528405,0.003942254163297488,0.4280198447707457,2.1882071264259895,0.022073557093005396,-112.04657070279424,0.2181350868701704,0.026315789473684233,0.9066745642963104,0.1638086825672926,0.4678786777956022,-0.0256085287210646,0.026407573492775286,0.0689276698496323,0.1926453747296094,0.038128285534224794,0.2984822172418244,"Furnishings, Fixtures & Appliances",Consumer Cyclical,FLXS
2017Q4,2017,Q4,2017-08-22,2017-06-30,6021000.0,117434000.0,9111000.0,0.76,26827000.0,0.2284432106544953,270045000.0,230760000.0,195250000.0,37195000.0,39285000.0,99397000.0,198465000.0,423086090.0,394212090.0,29.512725412456835,5.249361473316306,0.0,0.0,0.025893106413723926,29.512725412456835,0.02609204368174727,3.602756356762096,17.56710222554393,1.8334463945224477,0.25959142999501744,0.9115667474873487,0.0036942835913135316,0.43486826269695794,2.3980104852802797,0.022296283952674554,-426.06856998992953,0.2284432106544953,-0.2083333333333333,0.18701770429344228,0.08418731605765602,0.43519019392915914,-0.05691485621880053,-0.21025708289611753,-0.24283221141859884,0.0023467520477507228,-0.009217210619191299,0.2976147179579636,"Furnishings, Fixtures & Appliances",Consumer Cyclical,FLXS
2017Q3,2017,Q3,2017-04-26,2017-03-31,7624000.0,120750000.0,12033000.0,0.96,28446000.0,0.2355776397515528,266345000.0,225489000.0,192332000.0,36888000.0,40856000.0,92698000.0,194009000.0,393321600.0,355723600.0,28.894028703229115,5.213944914335285,0.0,0.0,0.033529529025057986,28.894028703229115,0.03381096195379819,3.2573217391304348,12.897481636935991,1.7443050437050143,0.20435466946484784,0.9957496386114048,0.003961135111827065,0.45335936473371,2.4732433311646065,0.028624528337306877,50.361280409731116,0.2355776397515528,0.4117647058823528,0.9804630129773835,0.14436597904792534,0.4372469229375726,0.06348138178555406,0.4147337168305808,0.4297766159695818,0.6057538656356758,0.016991841591135613,0.3103233970384675,"Furnishings, Fixtures & Appliances",Consumer Cyclical,FLXS
2017Q2,2017,Q2,2017-02-08,2016-12-31,5389000.0,118530000.0,8416000.0,0.68,26748000.0,0.22566438876233866,262898000.0,218462000.0,188573000.0,40524000.0,44436000.0,96284000.0,187948000.0,479730930.0,438913930.0,28.083558297981746,4.653365906623236,0.0,0.0,0.02436965533420065,28.083558297981746,0.024667905631185285,4.047337636041508,22.25509974021154,2.195946800816618,0.28855075153089627,0.9532424909642309,0.0032414003408118793,0.45085926861368286,2.0943144803079656,0.020498444263554686,-762.6882829888713,0.22566438876233866,0.11475409836065584,0.5892650044312672,0.2123272450055748,0.4278558738300409,0.004431092752534735,0.13404882154882156,0.09241952232606439,3.2661147753704642,-0.024438299595084544,0.29838769987973957,"Furnishings, Fixtures & Appliances",Consumer Cyclical,FLXS
2017Q1,2017,Q1,2016-10-25,2016-09-30,4752000.0,112050000.0,7704000.0,0.61,26630000.0,0.23766175814368584,251752000.0,214027000.0,179427000.0,33775000.0,37725000.0,86699000.0,184116000.0,399537000.0,356869000.0,27.70576051779935,5.312420429311621,0.0,0.0,0.0220653275119176,27.70576051779935,0.022202806188004316,3.56570281124498,21.01941287878788,1.8667598013334767,0.2916666666666667,0.9852478113934416,0.0034690153853084945,0.44508087324033174,2.531517394522576,0.018875718961517685,59.252113302684265,0.23766175814368584,-0.21794871794871798,0.7401533474323695,0.19693517345198505,0.4315742453586007,-0.09514101257220524,-0.2290720311486048,-0.13941018766756033,0.16319337084905078,-0.009592063301253735,0.27855348382937634,"Furnishings, Fixtures & Appliances",Consumer Cyclical,FLXS
2016Q4,2016,Q4,2016-08-24,2016-06-30,6164000.0,122764000.0,8952000.0,0.78,29430000.0,0.23972825909875858,246896000.0,209650000.0,176443000.0,33357000.0,37246000.0,85904000.0,180919000.0,304241980.0,267461980.0,27.30173199635369,5.289534430554307,0.0,0.0,0.029659813266161912,27.30173199635369,0.029401383257810637,2.4782670815548533,12.339470311486046,1.451189983305509,0.2235561323815704,1.086491897932576,0.00452928948201034,0.49722960274771566,2.440207452708577,0.024965977577603524,13.822897773739209,0.23972825909875858,-0.12359550561797751,0.5402893450623707,0.2707938267644831,0.4212197914927338,0.02486418721270372,-0.11232718894009217,-0.20799787666991065,0.3452943214402427,0.11363933212205306,0.282795265484566,"Furnishings, Fixtures & Appliances",Consumer Cyclical,FLXS
2016Q3,2016,Q3,2016-04-22,2016-03-31,6944000.0,125400000.0,11303000.0,0.89,28716000.0,0.22899521531100478,243940000.0,204260000.0,171105000.0,35038000.0,39680000.0,97319000.0,176140000.0,332928960.0,317554960.0,26.798740488060876,4.88341229522233,0.0,0.0,0.03420469267204242,26.798740488060876,0.03399588759424263,2.6549358851674643,11.986209677419355,1.6299273474982865,0.1972926267281106,0.9934750665337704,0.004114991979069648,0.5140608346314668,1.7323477367429647,0.028466016233500042,15.433384016317449,0.22899521531100478,0.28985507246376824,1.4900713498977392,0.29610137093302824,0.44373072030066535,0.03727785002167317,0.29407379798732763,0.34017073749110743,1.0716238012612957,0.18603101805823435,0.288060348450974,"Furnishings, Fixtures & Appliances",Consumer Cyclical,FLXS
2016Q2,2016,Q2,2016-02-09,2015-12-31,5366000.0,125410000.0,8434000.0,0.69,27684000.0,0.22074794673471015,247879000.0,197615000.0,177766000.0,44029000.0,50264000.0,111197000.0,170575000.0,334663500.0,340279500.0,26.087788778877886,4.03747530037021,0.023983475808761534,0.030083748703286693,0.02607633156324577,26.087788778877886,0.027153809174404776,2.668555139143609,15.591851472232575,1.6935126382106622,0.253447633246366,0.8788546453591374,0.004063783472054766,0.5059323298867593,1.1380680914851575,0.021647658736722353,-110.99950248756218,0.22074794673471015,-0.06756756756756763,1.224209090078412,0.33751940195649593,0.42733758039684966,-0.006638200150705084,-0.06872613675807011,-0.10075701034225397,0.7042886218806688,0.23043770282515097,0.2665811799658249,"Furnishings, Fixtures & Appliances",Consumer Cyclical,FLXS
2016Q1,2016,Q1,2015-10-21,2015-09-30,5762000.0,126531000.0,9379000.0,0.74,27869000.0,0.22025432502706846,240792000.0,191876000.0,168930000.0,43337000.0,48916000.0,108872000.0,166578000.0,234625000.0,239567000.0,25.55620671283964,3.8980547799801557,0.028269211601714344,0.03547603660697534,0.02927250438324919,25.55620671283964,0.03002981091955221,1.8542886723411653,10.179842068726137,1.2227949300589964,0.23377299548767788,0.9062201484311853,0.005741076185402237,0.525478421210007,1.119320672866142,0.02392936642413369,36.557338734808354,0.22025432502706846,0.0,1.181478467355691,0.28671105744304165,0.41993139709940924,0.010515247108307046,-0.003286628610966961,0.09286879515264507,0.853953554462983,0.2815512403606223,0.24936733047499926,"Furnishings, Fixtures & Appliances",Consumer Cyclical,FLXS
2015Q4,2015,Q4,2015-08-28,2015-06-30,5781000.0,121323000.0,8582000.0,0.74,27579000.0,0.22731881011844415,244619000.0,186747000.0,171222000.0,51320000.0,57872000.0,113842000.0,162176000.0,321709940.0,332331940.0,25.012992231449235,3.336360093530787,0.048663431703996826,0.06374399588748414,0.0278393997588419,25.012992231449235,0.030956320583463186,2.651681379458141,13.912382805742952,1.7227047288577597,0.23127486594014876,0.8234570720823597,0.004155917594588466,0.4959671979690866,0.9037996882307093,0.0236326695800408,-49.74639554662131,0.22731881011844415,-0.1777777777777778,0.23650117037740415,0.25517758666876045,0.4053485415214139,-0.07041256572738304,-0.16891891891891891,-0.23436524221607638,0.19358888581635258,0.17305084446184996,0.2163702494331498,"Furnishings, Fixtures & Appliances",Consumer Cyclical,FLXS
2015Q3,2015,Q3,2015-04-23,2015-03-31,6956000.0,122530000.0,11209000.0,0.9,29668000.0,0.24212845833673385,245153000.0,181235000.0,169043000.0,42958000.0,63918000.0,108112000.0,157743000.0,232672440.0,241689440.0,24.372646584185045,3.9350761208622376,0.06014611283565773,0.08135845725163462,0.03525125987514738,24.372646584185045,0.03838110740199189,1.898901819962458,8.362292984473836,1.2838162606560544,0.1926394479585969,0.8589425780671895,0.005759169414306224,0.4998103225332751,1.2201685367102753,0.028374117387916932,28.524266274365576,0.24212845833673385,0.47540983606557385,1.6700622321975107,0.3396637568933703,0.41493228201631827,0.09500258359784454,0.4850555081127242,0.4941348973607038,0.8963622493156077,0.21870365005456188,0.21234431054088682,"Furnishings, Fixtures & Appliances",Consumer Cyclical,FLXS
2015Q2,2015,Q2,2015-02-09,2014-12-31,4684000.0,114386000.0,7502000.0,0.61,27094000.0,0.2368646512685119,236653000.0,175212000.0,163295000.0,44927000.0,61441000.0,109401000.0,152125000.0,239198250.0,255038250.0,23.623028178508832,3.634674026754513,0.06758841003494569,0.09128940940118256,0.02432837929803565,23.623028178508832,0.02673332876743602,2.09114970363506,12.766772523484203,1.3651933086774877,0.2843723313407344,0.7979086114386523,0.005568602613104402,0.4833490384656015,0.9717764373316714,0.019792692254059743,-18.180303260621724,0.2368646512685119,-0.04687500000000004,0.4036667050582451,0.21642937746894045,0.3949081701907893,0.06167711598746081,-0.03977039770397704,0.05232150371721139,0.4487735736359812,0.227043464566494,0.20106858199519786,"Furnishings, Fixtures & Appliances",Consumer Cyclical,FLXS
2015Q1,2015,Q1,2014-10-17,2014-09-30,4878000.0,108666000.0,7129000.0,0.64,25520000.0,0.23484806655255552,235388000.0,170446000.0,165420000.0,58188000.0,64942000.0,106160000.0,148779000.0,248623829.99999997,250312829.99999997,23.123863790530457,2.8428541967415963,0.05096266589630737,0.07038006172042759,0.024601182012558277,23.123863790530457,0.028619034767609682,2.28796339241345,12.742098708487084,1.4586662638020251,0.22673226732267324,0.783214016578749,0.0044484875001724496,0.4616463031250531,0.8807314222863821,0.020723231430659166,-10.958867633446467,0.23484806655255552,-0.13513513513513511,2.153538249190423,0.27661070384272907,0.4034122885274687,0.0001959631589261219,-0.1338778409090909,-0.1900704385366962,0.8720824078267306,0.21653477097539894,0.19482473092325356,"Furnishings, Fixtures & Appliances",Consumer Cyclical,FLXS
2014Q4,2014,Q4,2014-08-28,2014-06-30,5632000.0,111129000.0,8802000.0,0.74,25515000.0,0.22959803471641066,210213000.0,166735000.0,165410000.0,36766000.0,43478000.0,97940000.0,145234000.0,244488850.0,222312850.0,22.743827581503204,4.498993635424033,0.0,0.0,0.03332383823506606,22.743827581503204,0.03377815095810718,2.2000454426837277,10.852665571732954,1.4663319039193932,0.19477982954545456,0.8741474372064529,0.004486912184338877,0.5286495126371823,1.651308273948757,0.026791873004999692,56.92406286379511,0.22959803471641066,0.2758620689655173,5.327500030570934,0.3369649892148904,0.39789998979465524,0.018806899856252994,0.2742081447963801,0.3358628016390955,0.4741571233883007,0.20496080484688875,0.18395338059313351,"Furnishings, Fixtures & Appliances",Consumer Cyclical,FLXS
2014Q3,2014,Q3,2014-04-22,2014-03-31,4420000.0,110532000.0,6589000.0,0.58,25044000.0,0.22657691890131365,202100000.0,160201000.0,156907000.0,34596000.0,41899000.0,92100000.0,140707000.0,273309300.0,256004300.0,22.05106675843083,4.53540871777084,0.0,0.0,0.02574968100007086,22.05106675843083,0.027590339635832486,2.4726712626207794,15.458670814479637,1.7060399123600976,0.24502262443438913,0.9282084690553746,0.003962543535840164,0.5469173676397823,1.667765059544456,0.021870361207323108,34.12101123595506,0.22657691890131365,2.6249999999999996,3.1573195301342825,0.3587971175063006,0.35308443103395987,-0.03895007483019303,2.7777777777777777,3.51920438957476,0.662867611501171,0.1985683012444926,0.18795890831998585,"Furnishings, Fixtures & Appliances",Consumer Cyclical,FLXS
2014Q2,2014,Q2,2014-02-10,2013-12-31,1170000.0,112534000.0,1458000.0,0.16,26059000.0,0.23156557129400893,206552000.0,155841000.0,161912000.0,43502000.0,50711000.0,98853000.0,137384000.0,221409650.0,212533650.0,21.629562803608604,3.7219438186750033,0.0,0.0,0.005822423755144872,21.629562803608604,0.0075076520299536065,1.9674911582277357,47.309754273504275,1.4207406908323228,0.9205128205128205,0.8747837698400656,0.004864286628879997,0.5448216429761029,1.158153648108133,0.005664433169371393,-270.34145299145297,0.23156557129400893,-0.6862745098039215,2.608940351805761,0.2147170074525756,0.2996239660329366,0.1020934658490167,-0.6894904458598726,-0.7317880794701986,-0.4901300031816114,0.2618284957766288,0.18341527903432875,"Furnishings, Fixtures & Appliances",Consumer Cyclical,FLXS
2014Q1,2014,Q1,2013-10-18,2013-09-30,3768000.0,104348000.0,5436000.0,0.51,23645000.0,0.22659753900410165,200120000.0,154396000.0,156690000.0,39442000.0,45724000.0,97131000.0,137298000.0,177911250.0,167286250.0,21.66961403508772,3.9726687287662896,0.0,0.0,0.022341591368011525,21.66961403508772,0.024404777325837457,1.7049799708667153,11.804090366242038,1.1523047876888002,0.28290870488322717,0.8308675911912777,0.005991751505315151,0.5214271437137717,1.2563003904467318,0.018828702778333,315.4454787234043,0.22659753900410165,-0.10526315789473675,5.6412452908598345,0.05344148698076554,0.28641709606514204,-0.005760659322176436,-0.11132075471698114,-0.15261106780982073,0.5032387627198598,0.11816943712025672,0.20398796570964892,"Furnishings, Fixtures & Appliances",Consumer Cyclical,FLXS
2013Q4,2013,Q4,2013-08-23,2013-06-30,4240000.0,102011000.0,6415000.0,0.57,23782000.0,0.23313172108890218,192539000.0,151237000.0,149201000.0,35502000.0,41302000.0,92417000.0,134606000.0,176797280.0,165863280.0,21.283000281452296,4.202608303757534,0.0,0.0,0.027004132745452658,21.283000281452296,0.028035467511257166,1.733119761594338,10.424367924528301,1.1690081130940178,0.2511792452830189,0.846478461754872,0.0060238483306983,0.5298199325850866,1.3241225846431186,0.02202151252473525,-208.98023640661938,0.23313172108890218,0.3571428571428571,10.672671525830978,-0.06217135789240154,0.24089987174521743,0.041289023162134945,0.3598460551635664,0.3177896466721446,-0.047159515162035114,0.10884750138299835,0.19577990221947386,"Furnishings, Fixtures & Appliances",Consumer Cyclical,FLXS
2013Q3,2013,Q3,2013-04-18,2013-03-31,3118000.0,98351000.0,4868000.0,0.42,22839000.0,0.23221929619424306,190586000.0,147511000.0,144036000.0,34176000.0,43075000.0,86031000.0,131433000.0,172499700.0,160762700.0,20.805500705218616,4.214536516853933,0.0,0.0,0.0205465047573319,20.805500705218616,0.02113740670187308,1.753919126394241,13.83095734445157,1.1694022818637255,0.0,0.8777301205379456,0.0,0.5160452499134249,1.4259714419475655,0.01636006842055555,51.050517904705536,0.23221929619424306,0.049999999999999906,2.403989492059885,-0.07053880670253337,0.1886418204721882,0.004044489383215369,0.06707734428473648,0.05895149010224059,0.2552524196293956,0.12778236844881805,0.20784480625214935,"Furnishings, Fixtures & Appliances",Consumer Cyclical,FLXS
2013Q2,2013,Q2,2013-02-08,2012-12-31,2922000.0,94590000.0,4597000.0,0.4,22747000.0,0.2404799661697854,185777000.0,144797000.0,137200000.0,31400000.0,40980000.0,87731000.0,129380000.0,150793500.0,142644500.0,20.59701280227596,4.369426751592357,0.0,0.0,0.019898616506281032,20.59701280227596,0.020179976104477304,1.5941801458928004,12.901565708418891,1.041413150824948,0.7227926078028748,0.8189009586121211,0.014005908742750848,0.5091588302104135,1.345,0.015728534748650262,41.099345870809486,0.2404799661697854,0.0,0.462538915979654,-0.16546986195632024,0.1722230619436316,0.07800578171650632,0.017409470752089137,0.04691414256433614,-0.07615252158188447,0.06128544036337317,0.21622601566200292,"Furnishings, Fixtures & Appliances",Consumer Cyclical,FLXS
2013Q1,2013,Q1,2012-10-19,2012-09-30,2872000.0,91237000.0,4391000.0,0.4,21101000.0,0.23127678463781143,183294000.0,141919000.0,133681000.0,30930000.0,41375000.0,85540000.0,127520000.0,143755360.0,137227360.0,20.455318535601037,4.322049789848044,0.0,0.0,0.019521135543157608,20.455318535601037,0.020236895694022646,1.575625678178809,12.513523676880222,1.0129394936548313,0.3607242339832869,0.819920505026888,0.007206687806284232,0.49776315645902214,1.368218558034271,0.015668816218752386,-22.041606869058572,0.23127678463781143,-0.36507936507936506,1.3000467996876675,-0.14358011731450096,0.17562992558453727,-0.11187339534492192,-0.3471243464423733,-0.353979696925114,0.9725719728777872,0.13874874893645842,0.24145539251801926,"Furnishings, Fixtures & Appliances",Consumer Cyclical,FLXS
2012Q4,2012,Q4,2012-08-22,2012-06-30,4399000.0,93936000.0,6797000.0,0.63,23759000.0,0.2529275251234883,181672000.0,139442000.0,135593000.0,31849000.0,42230000.0,82689000.0,125699000.0,134128180.00000001,120158180.00000001,20.563633682347735,4.25737071807592,0.0,0.0,0.031035763661118158,20.563633682347735,0.03154716656387602,1.4278676971555102,7.622651739031599,0.9618922562785962,0.15435326210502387,0.8486860404648744,0.005062321728364613,0.5170637192302612,1.4936418725862664,0.024213968030296358,-25.1789337338089,0.2529275251234883,0.31250000000000006,-0.27053553427188654,-0.20396101153513818,0.18347269357020082,0.07516517331885239,0.3158839365839067,0.32676166308803434,4.343095626362224,0.22178324879828124,0.2638991045672986,"Furnishings, Fixtures & Appliances",Consumer Cyclical,FLXS
2012Q3,2012,Q3,2012-04-19,2012-03-31,3343000.0,91631000.0,5123000.0,0.48,22098000.0,0.24116292521090024,175424000.0,136243000.0,134372000.0,30762000.0,39181000.0,75479000.0,122336000.0,122663700.00000001,103390700.00000001,20.103733215287,4.368116507379234,0.0,0.0,0.023884335578385433,20.103733215287,0.024537040435104924,1.3386703189968463,9.173175291654204,0.9003302921984984,0.20221358061621297,0.9212231216629791,0.0055110028476232165,0.522340158701204,1.7264157076913074,0.01905668551623495,30.399925650557623,0.24116292521090024,0.14285714285714285,1.129352496133419,-0.14665809803403582,0.21318601075290064,0.08016423892853651,0.13398914518317503,0.09162582569784786,2.749148634549139,0.20755563183654105,0.2335933094422706,"Furnishings, Fixtures & Appliances",Consumer Cyclical,FLXS
2012Q2,2012,Q2,2012-02-07,2011-12-31,2948000.0,85001000.0,4693000.0,0.42,20458000.0,0.2406795214173951,170921000.0,133017000.0,132653000.0,29835000.0,37904000.0,79012000.0,119673000.0,93599920.0,77728920.0,19.668342451574745,4.446220881514999,0.0,0.0,0.02195208765975834,19.668342451574745,0.02216258072276476,1.1011625745579463,7.9375780189959295,0.7036688543569619,0.2296472184531886,0.8168759175821394,0.007232912164882191,0.4973116234985754,1.6063683593095357,0.01724773433340549,32.68153631284916,0.2406795214173951,0.23529411764705868,1.0319181068534549,-0.21920966678786746,0.19419563250343153,0.07878084792237924,0.2396972245584525,0.2917698871456097,8.687593771549063,-0.022515253877878696,0.1817829816673389,"Furnishings, Fixtures & Appliances",Consumer Cyclical,FLXS
2012Q1,2012,Q1,2011-10-24,2011-09-30,2378000.0,81520000.0,3633000.0,0.34,18964000.0,0.23263002944062808,165519000.0,130190000.0,130005000.0,27341000.0,35329000.0,78377000.0,117401000.0,100837730.0,86751730.0,19.353352162925525,4.754946783219341,0.0,0.0,0.017658054194424403,19.353352162925525,0.01826561179814118,1.2369692100098135,10.601107022708158,0.7745428220293417,0.21152228763666947,0.7981423121579034,0.004988212249522079,0.49251143373268325,1.6906111700376723,0.014366930684694808,-28.53359649122807,0.23263002944062808,-0.31999999999999995,3.1211858212147874,-0.21494455733020612,0.18535783582209492,-0.08231308976530366,-0.31823394495412843,-0.3025532731810328,4.102408050864237,-0.1283263850084087,0.14891216097545543,"Furnishings, Fixtures & Appliances",Consumer Cyclical,FLXS
2011Q4,2011,Q4,2011-08-19,2011-06-30,3488000.0,84200000.0,5209000.0,0.5,20665000.0,0.24542755344418052,164677000.0,128573000.0,128353000.0,27670000.0,36104000.0,73680000.0,115699000.0,97851660.0,79962660.0,19.210070222620647,4.638706179978316,0.0,0.0,0.02662258008054808,19.210070222620647,0.027128557317632786,1.162133729216152,7.013450401376145,0.7610591648324299,0.14420871559633028,0.8623099891422367,0.0051404339997911126,0.5113039465134779,1.7831586555836647,0.02118085707172222,15.7850717857719,0.24542755344418052,0.42857142857142866,1.3066554643047377,-0.2654658785584527,0.1719569130327568,0.1350030208161696,0.4207739307535642,0.4286889742183215,9.194953805320106,-0.1781492476236292,0.12003821642763023,"Furnishings, Fixtures & Appliances",Consumer Cyclical,FLXS
2011Q3,2011,Q3,2011-04-21,2011-03-31,2455000.0,85175000.0,3646000.0,0.35,18207000.0,0.21375990607572645,164190000.0,124552000.0,127870000.0,30153000.0,39638000.0,74737000.0,112715000.0,101052600.0,88851600.0,18.56214605067064,4.240705734089477,0.0,0.0,0.019037087198665713,18.56214605067064,0.019710642944312417,1.1864115057235105,10.290488798370673,0.8113286017085234,0.2044806517311609,0.8960488111644834,0.004967709885742673,0.5187587551007978,1.5856797001956688,0.014952189536512577,18.814485198287098,0.21375990607572645,0.12903225806451607,0.36276826996081135,-0.24507768049261275,0.14534256246417934,-0.032828685258964145,0.15204129516658846,0.09918601145613506,1.8319612814645672,-0.14947254122673326,0.06047642814025475,"Furnishings, Fixtures & Appliances",Consumer Cyclical,FLXS
2011Q2,2011,Q2,2011-02-08,2010-12-31,2131000.0,82821000.0,3317000.0,0.31,18825000.0,0.2272974245662332,159026000.0,122293000.0,122779000.0,27392000.0,36733000.0,77907000.0,110763000.0,118765250.0,111605250.0,18.277238081004334,4.48229410046729,0.0,0.0,0.017352125881868383,18.277238081004334,0.01742536367576231,1.4339992272491275,13.933041999061475,0.9711532957732658,0.23557015485687471,0.8214409488235974,0.004226825607658806,0.5208016299221511,1.446188668224299,0.013400324475243043,32.574122325836534,0.2272974245662332,-0.08823529411764713,3.2717414541947987,-0.23611593639800524,0.13837124243956894,-0.0398347444659798,-0.09048228766538625,-0.10157096424702058,0.1206628210812403,-0.23228227980036414,0.04019938196184425,"Furnishings, Fixtures & Appliances",Consumer Cyclical,FLXS
2011Q1,2011,Q1,2010-10-22,2010-09-30,2343000.0,87230000.0,3692000.0,0.34,19606000.0,0.22476212312277885,161485000.0,119868000.0,125600000.0,32436000.0,41617000.0,78391000.0,109134000.0,102164400.0,97907400.0,17.9981981981982,3.8722407201874463,0.0,0.0,0.019026016939223706,17.9981981981982,0.019546501151266393,1.1712071535022355,10.90102432778489,0.8523075382921212,0.1416986769099445,0.8626500491127808,0.0032496642666134195,0.5401740099699662,1.2963682328277222,0.01450908753134966,-25.611531712208574,0.22476212312277885,-0.4516129032258064,1.3371383869245477,-0.11987920827102425,0.11981550820746735,-0.027045804178452683,-0.43378443692605123,-0.42536964980544745,0.9547201604428596,-0.14701443142476095,0.03441167985613978,"Furnishings, Fixtures & Appliances",Consumer Cyclical,FLXS
2010Q4,2010,Q4,2010-08-26,2010-06-30,4138000.0,85550000.0,6425000.0,0.62,20151000.0,0.23554646405610755,157670000.0,117612000.0,121789000.0,30989000.0,40058000.0,72637000.0,107293000.0,72688000.0,64410000.0,17.798426150121067,3.930071961018426,0.0,0.0,0.034522585378579655,17.798426150121067,0.03518348467843417,0.8496551724137931,4.391493475108748,0.6180321735877291,0.08023199613339778,0.9003538141718408,0.004567466431873211,0.5425889516077884,1.4206976669140663,0.0262446882729752,-378.5833333333333,0.23554646405610755,0.8235294117647057,1.6565323056444754,-0.2005462511856908,0.10924871385849491,0.11745133921144568,0.7836206896551724,0.6428023523395551,-0.2958513103345537,-0.25604614234584006,0.02433021627280916,"Furnishings, Fixtures & Appliances",Consumer Cyclical,FLXS
2010Q3,2010,Q3,2010-04-23,2010-03-31,2320000.0,81451000.0,3911000.0,0.34,18033000.0,0.22139691348172522,152034000.0,114066000.0,115776000.0,29636000.0,37968000.0,67648000.0,103488000.0,89992980.0,81177980.0,17.225309574146785,3.9066000809825887,0.0,0.0,0.02082361979649331,17.225309574146785,0.020339101923447827,1.1048726228038943,9.697519396551725,0.7889553416443111,0.14224137931034483,0.9374704351939451,0.003666952688976407,0.5357420050778116,1.4166891618302064,0.01525974453082863,74.93170691090758,0.22139691348172522,-0.2444444444444444,0.347888133548187,-0.20638768735774973,0.07693302287623045,-0.10019460106781099,-0.21727395411605938,-0.18145667643365423,0.5123331735343132,-0.2237075271170462,0.03948378057227171,"Furnishings, Fixtures & Appliances",Consumer Cyclical,FLXS
2010Q2,2010,Q2,2010-02-09,2009-12-31,2964000.0,83524000.0,4778000.0,0.45,20041000.0,0.2399430103922226,155387000.0,111569000.0,118743000.0,35624000.0,43818000.0,66834000.0,101500000.0,67395240.0,59520240.0,16.935185185185187,3.3332304064675498,0.032177724005225665,0.04481531608242433,0.02544830488407586,16.935185185185187,0.026566519373661144,0.8068967003496001,5.684483805668017,0.6040677966101694,0.11099865047233469,0.9498608492683365,0.004881650395487871,0.5375224439624936,1.2867168201212666,0.019074954790297773,4.665644859813084,0.2399430103922226,1.142857142857143,0.8329460567220839,-0.2110646344660108,0.06860718912891446,0.21049770475960378,1.1478260869565218,0.9784679089026915,1.097213851688236,-0.21239679564619443,0.028247511633383217,"Furnishings, Fixtures & Appliances",Consumer Cyclical,FLXS
2010Q1,2010,Q1,2009-10-23,2009-09-30,1380000.0,75940000.0,2415000.0,0.21,16556000.0,0.21801422175401633,148400000.0,108352000.0,111757000.0,32387000.0,40048000.0,72089000.0,98867000.0,55238400.0,61248400.0,16.476885644768856,3.450674653410319,0.04716981132075472,0.0646042528056704,0.012507171724177065,16.476885644768856,0.01273626698168931,0.727395312088491,10.00695652173913,0.5098050797401064,0.23840579710144927,0.8237595194828614,0.005956001622060016,0.5117250673854448,1.0464075091857845,0.009299191374663073,22.88251864125932,0.21801422175401633,0.75,0.13804110734974212,-0.23193743704551067,0.04542073009281625,0.058641013400031895,0.7283248649589648,0.8627317134123625,1.4465216102141172,-0.2518884259105003,0.0091794612401129,"Furnishings, Fixtures & Appliances",Consumer Cyclical,FLXS
2009Q4,2009,Q4,2009-08-26,2009-06-30,798461.0,74564239.0,1296483.0,0.12,15638918.0,0.20973751237506763,150970983.0,106997564.0,114713101.0,36297070.0,43973419.0,73844345.0,97815822.0,55110005.74,63396288.74,16.269996242609718,3.1603956187097197,0.06623789420514006,0.09346007167041673,0.008439008706115102,16.269996242609718,0.00746242222860326,0.7390943229501745,17.255071237042262,0.5150585086217477,1.0706008183242512,0.7979666012339875,0.015511393775441838,0.49389781743687794,0.9090603731926572,0.005288837524493034,13.550716641291348,0.20973751237506763,1.4285714285714286,-0.7114591489893319,-0.3257367423104515,0.031215705969167246,0.2852560088231862,1.43057019769449,1.459736126088142,-0.46260409838345595,-0.3379895260537376,-0.007409428983221727,"Furnishings, Fixtures & Appliances",Consumer Cyclical,FLXS
2009Q3,2009,Q3,2009-05-06,2009-03-31,-1854427.0,73626704.0,-2820059.0,-0.28,12167940.0,0.16526530917369328,155101259.0,107162361.0,119421102.0,31577196.0,47938898.0,76699397.0,97346180.0,33864509.95,45484822.95,16.296888983919875,3.78187797295238,0.09026361288272973,0.13064288495846038,-0.014708788353561115,16.296888983919875,-0.017304835230347343,0.4599487429180587,-4.5653603444621975,0.3160112341123205,-0.17729519684517103,0.8012939658443469,0.00970871866994195,0.47470087912052344,1.0943522344415888,-0.011956234346234417,9.550724472347623,0.16526530917369328,-8.0,-1.720258757655525,-0.3212160549065534,0.059957542730600964,-0.24567684780637059,-7.267581689626735,-13.072893923437192,-2.0504253943124797,-0.33409782048693104,0.005569104891439486,"Furnishings, Fixtures & Appliances",Consumer Cyclical,FLXS
2009Q2,2009,Q2,2009-02-09,2008-12-31,295876.0,84549730.0,233586.0,0.04,16130938.0,0.19078639281284518,166312929.0,109437861.0,129885231.0,36794691.0,56875068.0,84042402.0,99529388.0,43990984.77,58678497.77,16.642939318541654,3.5299992327697494,0.09313674585094944,0.14154009278379445,0.001187483121079013,16.642939318541654,0.0027035981633449506,0.5202971644025357,37.17011921379227,0.4019722641508865,2.889159647960632,0.8140984832870436,0.019432004181524028,0.5083773733550204,1.0479419979366045,0.0017790318634818825,6.864565539216796,0.19078639281284518,1.3636363636363635,-0.9038026537987935,-0.23998630225915052,0.09415257078546016,-0.058678774633259115,1.3948941213527055,1.2379524270361126,-0.396489664737882,-0.20648951730407425,0.03658131638527854,"Furnishings, Fixtures & Appliances",Consumer Cyclical,FLXS
2009Q1,2009,Q1,2008-10-24,2008-09-30,-749254.0,91416883.0,-981650.0,-0.11,17136486.0,0.18745428019023574,171754971.0,110766119.0,134417650.0,39910512.0,60988852.0,83934451.0,100088345.0,66742674.95,87924719.95,16.844936297387644,3.3679760860998225,0.13094824486913978,0.20304956247496583,-0.004761202787939537,16.844936297387644,-0.006764288635950132,0.7300913437400836,-22.269709254138117,0.6025549649347198,-1.1409108259682297,0.8849810312096996,0.012807877428352907,0.532251744841784,1.0842252286816065,-0.004362342444225385,32.05700045629203,0.18745428019023574,-3.1653543307086616,-1.387148110945594,0.14617283130773245,0.11930572419414942,-0.08052462480636219,-3.2296107389740127,-2.6060107814506694,-1.7569686144329335,-0.06580082287627587,0.0480616277728265,"Furnishings, Fixtures & Appliances",Consumer Cyclical,FLXS
2008Q4,2008,Q4,2008-09-15,2008-06-30,336047.0,100630109.0,611235.0,0.0508,18637243.0,0.18520543389255398,179906218.0,112752387.0,140639647.0,39719535.0,67153831.0,85791400.0,101692431.0,73957488.75,97069707.75,17.151263180904042,3.5408180634541666,0.14426150629212828,0.23018175216104295,0.003177484897093952,17.151263180904042,0.002980398100130687,0.7349439395916783,55.02019713760277,0.6559283640709088,2.53510372061051,0.9557236039976035,0.011518968726476668,0.5593475874191297,1.2030506651198207,0.0018679009749401768,-25.387742188953553,0.18520543389255398,-0.6092307692307692,-0.8781077857928028,0.2780752659586039,0.14431234306270782,0.034305967102317814,-0.6044323279550717,-0.6012552694308427,-0.7831471977519047,-0.054760910424069054,0.06891567063287542,"Furnishings, Fixtures & Appliances",Consumer Cyclical,FLXS
2008Q3,2008,Q3,2008-04-22,2008-03-31,849531.0,98138372.0,1532898.0,0.13,18019081.0,0.18360892516130184,174767112.0,115097193.0,135358312.0,32010161.0,59669919.0,84623719.0,103647696.0,88639532.84,108016869.84,17.503591365272364,4.228604535915955,0.12853874360526138,0.19517717517229113,0.007284652208593559,17.503591365272364,0.007380987996814136,0.9032097337013091,26.08484353131316,0.7701276680135891,1.00555600678492,0.9467710938111807,0.009637359004835658,0.5615379854763521,1.397389785074808,0.004860931729535017,11.691610109655588,0.18360892516130184,-0.5357142857142857,-0.42942025195612815,0.2749901549348959,0.20034338415736952,-0.18353260775495087,-0.5452620388753314,-0.5285359313049905,-0.5029538590019988,-0.037052886084964036,0.09433130818647435,"Furnishings, Fixtures & Appliances",Consumer Cyclical,FLXS
2008Q2,2008,Q2,2008-02-11,2007-12-31,1868177.0,105985985.0,3251357.0,0.28,22069566.0,0.20823098450233773,184793009.0,115503340.0,144470044.0,41740394.0,69289669.0,88049886.0,103652997.0,78882708.0,104824619.0,17.570898808392837,3.4611566915252405,0.1522012935023965,0.2435058155028244,0.014296053314994808,17.570898808392837,0.01617422491851751,0.744274896345965,10.556107370982513,0.6829474195291668,0.45746950101623135,0.9530553963465666,0.010834237587279584,0.5735389318759347,1.2163312114399303,0.010109565346165233,18.95437074514455,0.20823098450233773,0.5555555555555558,-0.19886228423676033,0.36897283564717,0.20816972130897074,0.11668064779680445,0.5796533209318057,0.4775819397598136,0.15782395536795574,0.0033018325638403075,0.10872060628724335,"Furnishings, Fixtures & Appliances",Consumer Cyclical,FLXS
2008Q1,2008,Q1,2007-10-26,2007-09-30,1182650.0,100900363.0,2200458.0,0.18,19763543.0,0.19587187213588123,183291157.0,114334786.0,142491317.0,41617403.0,68956371.0,87042281.0,102639454.0,94362015.56,123646740.56,17.399453765546507,3.42383970955612,0.16699287898542753,0.2677078347791721,0.009587715690667388,17.399453765546507,0.010343746128146862,0.9351999611735787,19.947155870291294,0.82531326520347,0.722243267238828,0.9321541102536134,0.009051957982572793,0.5504922586090719,1.1981461697646054,0.00645230255161737,-71.06274456290492,0.19587187213588123,-0.797752808988764,-0.44940953798135325,0.362469929670363,0.21316961325640363,-0.12418741510993334,-0.7975123112309314,-0.7421636404540725,-0.023990297655794603,0.021263401693515906,0.10395556848261436,"Furnishings, Fixtures & Appliances",Consumer Cyclical,FLXS
2007Q4,2007,Q4,2007-08-29,2007-06-30,5840602.0,114289285.0,8534320.0,0.89,22565950.0,0.1974458935498634,184164182.0,114115110.0,142516410.0,43177607.0,70049072.0,78756985.0,102421056.0,95229069.0,122695154.0,17.375672285528697,3.30070191245198,0.15402783913757997,0.24857716914087888,0.03899836543435069,17.375672285528697,0.05118167085848666,0.833228320572659,4.076166677681512,0.8345000850457052,0.14621917398240797,1.1646374604106544,0.00896793394042317,0.6205836757117081,1.3467717189607105,0.03171410388584681,-13.024082410711062,0.1974458935498634,2.869565217391304,0.9804149640024689,0.3794125677336952,0.20738785056672648,0.10195768103953232,2.8384557854156345,2.2913833318935195,1.1134701297932152,0.0348783984989612,0.10129503998805472,"Furnishings, Fixtures & Appliances",Consumer Cyclical,FLXS
2007Q3,2007,Q3,2007-04-25,2007-03-31,1521602.0,104071451.0,2592928.0,0.23,20478055.0,0.19676918889119746,179531982.0,108842638.0,134554330.0,43518021.0,70689344.0,75148334.0,97434614.0,100756970.34,125332036.34,16.571022940505774,3.0919220798206792,0.14959394811337848,0.24674978936104067,0.01215693955452684,16.571022940505774,0.013979833895609917,0.9681518742349428,16.55442263154228,0.925712314506747,0.5610034687125806,1.112378565837534,0.008472108650344319,0.5796819588389549,1.2238405785961637,0.008475381283319202,-64.80514799635702,0.19676918889119746,0.09523809523809533,-0.30118940161557595,0.3058973356503249,0.17193042852601298,0.03560739186432902,0.08017920615167497,0.05957398467273252,-0.4083461405460587,-0.03945959549223025,0.0777873478724604,"Furnishings, Fixtures & Appliances",Consumer Cyclical,FLXS
2007Q2,2007,Q2,2007-02-09,2006-12-31,1408657.0,105699659.0,2447142.0,0.21,19773956.0,0.18707681923552846,175864813.0,108147292.0,137214157.0,40418600.0,67717521.0,76952019.0,96767021.0,,,,,,,,,,,,,,,,,,,,,,,,,,,,,,,"Furnishings, Fixtures & Appliances",Consumer Cyclical,FLXS
2007Q1,2007,Q1,2006-10-27,2006-09-30,563125.0,101339556.0,1124250.0,0.09,18405227.0,0.18161937674169404,179092192.0,107187294.0,142127211.0,44604864.0,71904898.0,84672252.0,96211987.0,,,,,,,,,,,,,,,,,,,,,,,,,,,,,,,"Furnishings, Fixtures & Appliances",Consumer Cyclical,FLXS
