Quarters,Year,Quarter,FillingDate,Date,NetIncome,Revenue,OperatingIncome,EPSDiluted,GrossProfit,GrossProfitRatio,TotalAssets,CommonStockEquity,CurrentAssets,CurrentLiability,TotalLiability,Inventory,RetainedEarnings,MarketCap,EnterpriseValue,bookValuePerShare,currentRatio,debtToAssets,debtToEquity,roic,shareholdersEquityPerShare,roe,priceToSalesRatio,peRatio,pbRatio,payoutRatio,inventoryTurnover,dividendYield,assetTurnover,quickRatio,returnOnAssets,priceToFreeCashFlowsRatio,grossProfitMargin,epsdilutedGrowth,fiveYNetIncomeGrowthPerShare,fiveYRevenueGrowthPerShare,fiveYShareholdersEquityGrowthPerShare,grossProfitGrowth,netIncomeGrowth,operatingIncomeGrowth,threeYNetIncomeGrowthPerShare,threeYRevenueGrowthPerShare,threeYShareholdersEquityGrowthPerShare,Industry,Sector,Symbol
2023Q1,2023,Q1,2023-05-09,2023-03-31,18355000.0,62037000.0,50230000.0,1.01,62034740.0,0.9999635701,6480018000.0,554958000.0,581923000.0,5669214000.0,5925060000.0,0.0,366270000.0,528456432.86,806489432.86,31.10541368763082,0.10264615165347436,0.0816858842058772,0.9538127209626674,0.033540039031583514,31.10541368763082,0.033074575012883856,8.518407286941665,7.197717690819941,0.9522458147463412,0.048106782892944705,0.0,0.0016709040615159405,0.009573584517820784,0.14582303649147835,0.0028325538601898944,13.780547430374465,0.9999635701275046,-0.0982142857142858,0.7714626980766189,0.7069688822009528,0.37029102207890935,-0.04344137420588417,-0.10807133485592109,0.09979856367139604,13.130686046494613,0.4173822979485902,0.18160615679283865,Banks—Regional,Financial Services,PGC
2022Q4,2022,Q4,2023-03-13,2022-12-31,20579000.0,64852000.0,45672000.0,1.12,64852000.0,1.0,6353593000.0,532980000.0,769880000.0,379530000.0,5820613000.0,0.0,348798000.0,666798458.76,1007640458.76,29.750392100321417,2.0285089452744183,0.08356169493387443,0.9961293106683178,0.029427856731810885,29.750392100321417,0.03861120492326166,10.281848805896503,8.100472068127702,1.2510759479905438,0.043588123815540114,0.0,0.0013452340631801853,0.010207137913933108,2.0285089452744183,0.0032389547142852872,53.24590423700391,1.0,0.027522935779816536,1.0159783611774453,0.7048884534859472,0.3411405831557724,0.2589199052684707,0.022508198350392528,0.16823123161529607,0.7810241838236643,0.4784922078074732,0.12036330181206861,Banks—Regional,Financial Services,PGC
2022Q3,2022,Q3,2022-11-09,2022-09-30,20126000.0,61908000.0,39095000.0,1.09,51514000.0,0.8321057052,6087261000.0,515514000.0,520762000.0,51473000.0,5571747000.0,0.0,329116000.0,608135755.25,684244755.25,28.52495672264618,10.117187651778602,0.03029096337416779,0.3576799078201562,0.03943648784337863,28.52495672264618,0.039040646810755864,9.823217601117788,7.554106072369074,1.1796687485693889,0.04516545761701282,0.0,0.0014947320432200488,0.010170091277505598,12.122394264954442,0.003306248902420974,18.023109337028036,0.8321057052400336,0.009259259259259267,0.9422725383391012,0.5924641822923146,0.3364055893136753,0.007569386038687973,0.0012935323383084577,0.18757594167679223,0.7593198772776301,0.4867869353608302,0.11224389171770585,Banks—Regional,Financial Services,PGC
2022Q2,2022,Q2,2022-08-09,2022-06-30,20100000.0,61401000.0,32920000.0,1.08,51127000.0,0.832673735,6151167000.0,520324000.0,733684000.0,5305000.0,5630843000.0,0.0,309899000.0,544270468.5,543750468.5,28.393278148252133,138.3004712535344,0.025720322663975795,0.30406054689001466,0.03470396812578264,28.393278148252133,0.038629776831358924,8.864195509845116,6.769533190298507,1.0460222255748342,0.04572139303482587,0.0,0.001688498739482868,0.009982008292085063,138.3004712535344,0.0032676726221219487,14.039168089661576,0.8326737349554567,0.5211267605633805,1.4182164831975128,0.6994655091554585,0.39287271266568624,-0.05905845111896349,0.4954244475857451,0.4422150179619732,0.8467658180502589,0.5406161199157429,0.11800343621868156,Banks—Regional,Financial Services,PGC
2022Q1,2022,Q1,2022-05-18,2022-03-31,13441000.0,54336000.0,22826000.0,0.71,54336000.0,1.0,6255664000.0,523426000.0,858258000.0,122085000.0,5732238000.0,0.0,290718000.0,637280701.75,798905701.75,28.54166688250889,7.030003685956506,0.044053676795940445,0.526502313603069,0.021035896555677693,28.54166688250889,0.02567889252731045,11.72851703750736,11.853297778253106,1.2175182389678771,0.06844728814820326,0.0,0.001443633860987224,0.008685888500405393,7.030003685956506,0.0021486128410988826,20.99702486738493,1.0,-0.08974358974358981,0.5721320892911337,0.5898540426151841,0.43338150133528947,-0.03275420108231273,-0.09518680578929653,-0.061855246393489785,0.24133936542345397,0.37370030964522216,0.14709506473892123,Banks—Regional,Financial Services,PGC
2021Q4,2021,Q4,2022-03-14,2021-12-31,14855000.0,56176000.0,24331000.0,0.78,56176000.0,1.0,6077993000.0,546388000.0,965146000.0,0.0,5531605000.0,0.0,274288000.0,654307687.1999999,656135687.1999999,29.561222614961814,0.0,0.02445412490603395,0.2720264720308645,0.024533599768298702,29.561222614961814,0.02718763955284523,11.647459541441183,11.011573328845506,1.1975147462975029,0.06273981824301582,0.0,0.0014244063125535597,0.009242524629429484,0.0,0.0024440633610469773,101.56902936976093,1.0,0.054054054054054106,0.8443663686037134,0.6020582807482673,0.5291420225758166,0.060084541062801936,0.04826758873756263,0.011137430910526535,0.4427519736964999,0.531615521321024,0.21393249885293336,Banks—Regional,Financial Services,PGC
2021Q3,2021,Q3,2021-11-08,2021-09-30,14171000.0,52992000.0,24063000.0,0.74,52992000.0,1.0,6240285000.0,543014000.0,5295150000.0,0.0,5697271000.0,0.0,260365000.0,625944221.76,207564221.76,28.940193726951037,0.0,0.031702398207774166,0.3643220985094307,0.02343568814718789,28.940193726951037,0.026096933044083576,11.812051286231885,11.042696735586762,1.152722069338912,0.06647378448945028,0.0,0.0015049264251554707,0.008491919840199607,0.0,0.0022708898712158177,44.557532870159456,1.0,0.0,0.7477797344645873,0.4852306545105405,0.5421609962346946,0.028511538536187722,-0.01713136357331114,-0.06660201706749418,0.3418896992560223,0.37638522787281237,0.21342878114941535,Banks—Regional,Financial Services,PGC
2021Q2,2021,Q2,2021-08-09,2021-06-30,14418000.0,51523000.0,25780000.0,0.74,51523000.0,1.0,5791688000.0,538459000.0,4873032000.0,0.0,5253229000.0,0.0,247136000.0,589187773.59,618069773.59,28.39488848871108,0.0,0.04011680187192404,0.4314980342050184,0.023686866979244586,28.39488848871108,0.02677641194594203,11.435432206781439,10.216184172388681,1.0942110236619687,0.06602857539187128,0.0,0.0016157836986319938,0.008896024785865536,0.0,0.002489429679223052,25.63023201626936,1.0,0.10447761194029843,0.8732411832670435,0.4109055607128145,0.5538314458945991,0.03849797432124645,0.09409622097435119,0.06353135313531354,0.20851456161593382,0.26131394953345466,0.23001653412488052,Banks—Regional,Financial Services,PGC
2021Q1,2021,Q1,2021-05-10,2021-03-31,13178000.0,49613000.0,24240000.0,0.67,49613000.0,1.0,5969627000.0,522441000.0,4998361000.0,15000000.0,5447186000.0,0.0,233670000.0,585185418.4,490804418.4,27.569002187563736,333.22406666666666,0.06399964352881679,0.7312864036321804,0.019480410840273864,27.569002187563736,0.025223900880673607,11.795001681011025,11.101559766277129,1.1200985726617934,0.07201396266504781,0.0,0.0016217082144574504,0.008310904517149898,91.71013333333333,0.0022075081072904556,20.857020294400684,1.0,3.1875,1.0090747482160833,0.4291381909776835,0.5421135460503127,0.07524761058494614,3.3491749174917493,1.1377546520857218,0.19738842799335776,0.2852222495926239,0.21450100502327615,Banks—Regional,Financial Services,PGC
2020Q4,2020,Q4,2021-03-12,2020-12-31,3030000.0,46141000.0,11339000.0,0.16,46141000.0,1.0,5890442000.0,527122000.0,5173385000.0,15000000.0,5363320000.0,0.0,221441000.0,431253384.64000005,168403384.64000005,27.819600140680766,344.89233333333334,0.06627176704226949,0.7405685970230801,0.008099006499031955,27.819600140680766,0.005748194915029158,9.346424755423595,35.5819624290429,0.8181282220055319,0.31287128712871287,0.0,0.0021982436167808112,0.007833198255750587,86.56026666666666,0.0005143926381076327,24.770441392303276,1.0,-0.7746478873239436,-0.42934775324592267,0.3480134879351774,0.5639789953158318,-0.1187738731856379,-0.7763342437440024,-0.576492119220139,-0.7193518477575097,0.1468788866691186,0.25410094193111227,Banks—Regional,Financial Services,PGC
2020Q3,2020,Q3,2020-11-09,2020-09-30,13547000.0,52360000.0,26774000.0,0.71,52360000.0,1.0,5958107000.0,522728000.0,5270201000.0,30088000.0,5435379000.0,0.0,219359000.0,286461305.55,11867305.550000012,27.64537145704564,175.15956527519276,0.06791905549866761,0.7741483142284323,0.020478045466027127,27.64537145704564,0.025915963943006687,5.470995140374332,5.286434368310327,0.5480121699048071,0.06975714180261312,0.0,0.0032988748626472217,0.008788026129775783,43.15288487104493,0.002273708746754632,-90.68100840455841,1.0,0.6511627906976744,1.030116417983083,0.5880683011805238,0.5828644881481241,0.1740700047088369,0.6436544528027178,0.3149648838465694,0.2495624559626932,0.28731453462585516,0.2951966691159703,Banks—Regional,Financial Services,PGC
2020Q2,2020,Q2,2020-08-10,2020-06-30,8242000.0,44597000.0,20361000.0,0.43,44597000.0,1.0,6281215000.0,507980000.0,5649408000.0,15000000.0,5773235000.0,0.0,206757000.0,353473871.1,488426871.1,26.91702606020431,376.6272,0.12062602537884788,1.4915508484586006,0.012234426301321117,26.91702606020431,0.016225048230245287,7.925956254905039,10.721726252729919,0.69584210224812,0.11380732831836933,0.0,0.0026536614915296914,0.007100059463017903,78.56153333333333,0.0013121665155547135,27.350191202414116,1.0,5.142857142857142,0.25753873751487794,0.3536068639994898,0.5743088780089985,-0.03603233615770361,5.002913328477786,0.7436841654534555,-0.03712366628119563,0.1986194985836891,0.32045306320776923,Banks—Regional,Financial Services,PGC
2020Q1,2020,Q1,2020-05-11,2020-03-31,1373000.0,46264000.0,11677000.0,0.07,46264000.0,1.0,5831458000.0,496440000.0,5338914000.0,525885000.0,5335018000.0,0.0,199453000.0,338507256.84999996,287333256.84999996,26.324688229501394,10.152246213525771,0.12393590076444004,1.4558194343727338,-0.006568207817991941,26.324688229501394,0.002765691725082588,7.316860990186753,61.63642695739257,0.681869423998872,0.6911871813546977,0.0,0.002803484949867774,0.007933521942539927,2.255768846801107,0.00023544712145744684,52.31951419629057,1.0,-0.8906250000000001,-0.783243448792096,0.4722707165720072,0.5740487711739501,-0.003768384332134628,-0.8877626093354042,-0.6399321615787851,-0.8438289909724029,0.3163918911880819,0.32204335829138764,Banks—Regional,Financial Services,PGC
2019Q4,2019,Q4,2020-03-13,2019-12-31,12233000.0,46439000.0,32430000.0,0.64,46439000.0,1.0,5182879000.0,503652000.0,4702577000.0,136051000.0,4679227000.0,0.0,199029000.0,586077735.3,714532735.3,26.554236516140183,34.564810254977914,0.06493263686071005,0.6681955000675069,0.02592673398966197,26.554236516140183,0.024288596094128485,12.620378029242662,11.97739179473555,1.1636561262538418,0.07782228398593967,0.0,0.0016243579011113478,0.008960077979825499,4.47870283937641,0.002360271192902632,31.60300540846589,1.0,0.015873015873015886,0.9964558578172045,0.3791237788358856,0.4290630837364771,0.04354958315543471,0.0005725503026337313,-0.026272331481759496,0.48009479357889734,0.29060212291377646,0.37359673729109244,Banks—Regional,Financial Services,PGC
2019Q3,2019,Q3,2019-11-06,2019-09-30,12226000.0,44501000.0,33305000.0,0.63,44501000.0,1.0,4925409000.0,495350000.0,4489937000.0,67000000.0,4430059000.0,0.0,187748000.0,541390087.98,588151087.98,25.646314567386256,67.01398507462686,0.05558381040031397,0.5526859796103765,0.029643377405561486,25.646314567386256,0.024681538306248106,12.165796004134739,11.07046638270898,1.0929445603714545,0.07958449206608867,0.0,0.0017972253678126898,0.009034985724028197,8.787462686567164,0.002482230409697956,23.963796387216714,1.0,0.0677966101694916,0.9398893089423628,0.2575341101815782,0.6148133034446722,0.05218234264907552,0.058528138528138526,0.09895730218438593,0.4648494187302614,0.2116460032694219,0.3666372242061552,Banks—Regional,Financial Services,PGC
2019Q2,2019,Q2,2019-08-08,2019-06-30,11550000.0,42294000.0,30306000.0,0.59,42294000.0,1.0,4871234000.0,493888000.0,4418151000.0,0.0,4377346000.0,0.0,176495000.0,552493673.55,456126673.54999995,25.396414025599118,0.0,0.04260912122061884,0.42025519955941426,0.03244177949568594,25.396414025599118,0.02338586886095633,13.063169091360475,11.958737522727274,1.118661869796391,0.08424242424242424,0.0,0.00176110613855191,0.008682399572675014,0.0,0.0023710624453680525,47.05678166680862,1.0,0.017241379310344845,0.8401944586529712,0.17782122736199074,0.6326055638641266,0.013369752731454859,0.010940919037199124,-0.00561078846343144,0.4632787218712167,0.1293588532750925,0.3897482549235336,Banks—Regional,Financial Services,PGC
2019Q1,2019,Q1,2019-05-09,2019-03-31,11425000.0,41736000.0,30477000.0,0.58,41736000.0,1.0,4662306000.0,481472000.0,4206577000.0,0.0,4180834000.0,0.0,165918000.0,517818095.52000004,481712095.52000004,24.88169268604165,0.0,0.043778121813540335,0.4239228864814569,0.031179518972454856,24.88169268604165,0.023729313438787716,12.406989062679703,11.330811718161927,1.0754895311046127,0.08463894967177243,0.0,0.0018674511539210025,0.008951793382931108,0.0,0.002450504106766051,16.328259562955257,1.0,0.05454545454545439,1.260979558445131,0.25681008118849485,0.6421041435445975,0.0920222925769905,0.06487091061608724,0.12827632163482897,0.7057991389363073,0.17737456713847422,0.3917948527391588,Banks—Regional,Financial Services,PGC
2018Q4,2018,Q4,2019-03-14,2018-12-31,10729000.0,38219000.0,27012000.0,0.55,38219000.0,1.0,4617858000.0,469013000.0,4175396000.0,0.0,4148845000.0,0.0,154799000.0,484967630.94,523850630.94,24.351619750599596,0.0,0.04321375841353285,0.42547861146705956,0.03144290634518254,24.351619750599596,0.022875698541405035,12.689176350506292,11.300392183334885,1.034017459942475,0.08984993941653463,0.0,0.0019877615298396394,0.008276348038419545,0.0,0.0023233715718413168,74.38153848773005,1.0,-0.01785714285714287,1.228241249638565,0.0003288171003958679,0.3670023333982441,-0.022456966007622068,0.0004662439388287952,0.024656702829830818,0.9878855657153575,0.09847401166028016,0.369013990109922,Banks—Regional,Financial Services,PGC
2018Q3,2018,Q3,2018-11-06,2018-09-30,10724000.0,39097000.0,26362000.0,0.56,39097000.0,1.0,4435709000.0,454433000.0,4000311000.0,95190000.0,3981276000.0,0.0,145034000.0,581142394.5,729115394.5,23.849931843167226,42.02448786637252,0.061067125909296575,0.5960746688730792,0.026862367358262154,23.849931843167226,0.02359863830311619,14.864117310791109,13.547705951603879,1.278829650355498,0.08858634837747109,0.0,0.001634711232549736,0.008814148989485108,5.276877823300767,0.002417651834238901,22.524899011627905,1.0,-0.09677419354838701,1.5582996923415955,0.030783989130067236,0.6842131072738613,-0.04124672012555482,-0.09958018471872376,0.007221182134260497,0.5947963493910398,0.17674832382784098,0.3655526465961572,Banks—Regional,Financial Services,PGC
2018Q2,2018,Q2,2018-08-07,2018-06-30,11910000.0,40779000.0,26173000.0,0.62,40779000.0,1.0,4265174000.0,437019000.0,3861793000.0,127350000.0,3828155000.0,0.0,135260000.0,654819588.8700001,860239588.8700001,23.084964877251167,30.324248135060856,0.06379786615973933,0.6226479855566921,0.027584684681090165,23.084964877251167,0.027252819671455934,16.05776475318179,13.745163494332497,1.4983778482628904,0.07934508816120907,0.0,0.001443145587062773,0.009560922954139737,3.303345111896349,0.00279238314779186,38.44417242235661,1.0,0.08771929824561413,1.7353496221985174,0.15101114380086839,0.624665899345037,0.07579275048804938,0.10206347737577497,0.15319880155093407,0.8115443101692422,0.23387712380267608,0.3501812969046317,Banks—Regional,Financial Services,PGC
2018Q1,2018,Q1,2018-05-08,2018-03-31,10807000.0,37906000.0,22696000.0,0.57,37906000.0,1.0,4336494000.0,422406000.0,3936616000.0,216000000.0,3914088000.0,0.0,124295000.0,621331437.51,798793437.51,22.69985950899676,18.225074074074072,0.07630057830127288,0.7833151044256,0.022951772318617936,22.69985950899676,0.025584390373242803,16.39137438690445,14.373356100444157,1.470934213789577,0.07893032293883594,0.0,0.0013728582661428127,0.008741162791877494,2.329972222222222,0.002492105373603653,44.90686885732871,1.0,0.017857142857142672,0.7598851187216628,0.018310583410329463,0.5970507781499934,-0.018970470250265277,0.04224129617127978,0.07340143776012108,0.7290337397256039,0.2225005817133486,0.3573070896207312,Banks—Regional,Financial Services,PGC
2017Q4,2017,Q4,2018-03-12,2017-12-31,10369000.0,38639000.0,21144000.0,0.56,38639000.0,1.0,4260547000.0,403678000.0,3879602000.0,0.0,3856869000.0,0.0,114468000.0,637283734.1600001,653931734.1600001,22.18290347333851,0.0,0.030511105733606506,0.32202398941730787,0.03039284362226497,22.18290347333851,0.025686314339646948,16.4932771075856,15.365120410840005,1.5786932509574465,0.08805092101456263,0.0,0.0014326428732775046,0.009069023296773865,0.0,0.002433725059247087,58.56310734791399,1.0,0.0,3.748308776038666,0.011800634625789036,0.6023601515486127,0.009114651344998694,0.015970997452478933,-0.11756604482283711,0.7637769497843764,0.19598660923634484,0.19381208435683675,Banks—Regional,Financial Services,PGC
2017Q3,2017,Q3,2017-11-08,2017-09-30,10206000.0,38290000.0,23961000.0,0.56,38290000.0,1.0,4176332000.0,379936000.0,3816324000.0,0.0,3796396000.0,0.0,104797000.0,600577162.22,615338162.22,21.34453563404764,0.0,0.025860013044939914,0.28425840141497516,0.02987911637942886,21.34453563404764,0.026862418933715153,15.684961144424133,14.711374735939645,1.5807324449907352,0.08749755046051343,0.0,0.0014869030262474104,0.009168332402692124,0.0,0.0024437712327468218,47.98091892785811,1.0,0.24444444444444452,0.7917683067106219,0.09353094291320219,0.6079533219949405,0.10943702373018863,0.2853904282115869,0.24227498963085856,0.7571611365411834,0.1740831012583337,0.34395294915162317,Banks—Regional,Financial Services,PGC
2017Q2,2017,Q2,2017-08-07,2017-06-30,7940000.0,34513000.0,19288000.0,0.45,34513000.0,1.0,4165679000.0,356847000.0,3817554000.0,87000000.0,3808832000.0,0.0,95484000.0,547751413.02,658063413.02,20.384689778230307,43.87993103448276,0.04897904999401058,0.5717604463537594,0.020901633254072752,20.384689778230307,0.022250432258082594,15.870872222640743,17.246581014483628,1.5349755301852053,0.11070528967254407,0.0,0.001604742551285587,0.008285083896286776,4.778379310344827,0.001906051810521166,76.32038637592308,1.0,-0.021739130434782625,0.4631230989620482,-0.014582898382906108,0.5674397985467994,0.08164096778237433,-0.005261839138060637,0.10217142857142857,0.4053366389729615,0.06773003598912139,0.3104274452305433,Banks—Regional,Financial Services,PGC
2017Q1,2017,Q1,2017-05-08,2017-03-31,7982000.0,31908000.0,17500000.0,0.46,31908000.0,1.0,3947562000.0,340928000.0,3614091000.0,34550000.0,3606634000.0,0.0,88423000.0,506629061.29,539463061.29,19.91212168980864,104.60465991316931,0.038428022156460115,0.44495318659658345,0.02376188967703741,19.91212168980864,0.023412568049558852,15.877806860035102,15.867860852230018,1.4860294880150648,0.10811826609872212,0.0,0.0017034159031512985,0.008082963611464494,12.327583212735167,0.0020220075074185028,22.047480799425564,1.0,0.06976744186046518,0.3150610253516944,-0.07986976980061826,0.558200835025672,0.0028916268544128742,0.09222769567597154,0.00125872525460579,0.7852462585260129,0.08593641392007813,0.31412994872097694,Banks—Regional,Financial Services,PGC
2016Q4,2016,Q4,2017-03-14,2016-12-31,7308000.0,31816000.0,17478000.0,0.43,31816000.0,1.0,3878633000.0,324210000.0,3539717000.0,0.0,3554423000.0,0.0,81304000.0,517879988.0,475541988.0,19.331901274393324,0.0,0.031003706718320603,0.3709077449801055,0.02386068405985481,19.331901274393324,0.02254094568335338,16.27734435504149,17.716201012588943,1.5973596989605503,0.11548987411056376,0.0,0.0016297212086905355,0.008202890038835847,0.0,0.0018841689842787395,54.439187217491856,1.0,0.0,0.4996651533023374,-0.0217846229891845,0.3671768779653282,0.01603116816759277,0.026981450252951095,0.02132881435166248,0.7430373463281998,-0.043655801348210024,0.08521545678576362,Banks—Regional,Financial Services,PGC
2016Q3,2016,Q3,2016-11-07,2016-09-30,7116000.0,31314000.0,17113000.0,0.43,31314000.0,1.0,3774383000.0,309032000.0,3491356000.0,7003000.0,3465351000.0,0.0,74840000.0,369040126.14,339940126.14,18.766000305811623,498.55147793802655,0.034536505701726616,0.421813922182816,0.023495152720221017,18.766000305811623,0.02302674156721634,11.785148053266909,12.965153391652615,1.1941809461156125,0.11720067453625632,0.0,0.0022599168516531766,0.008296455341177617,59.32500356989861,0.001885341259750269,26.121186731313703,1.0,0.07499999999999993,-0.28556643111067237,0.056409770384875046,0.3707978316572141,0.005490800500915134,0.08409506398537477,0.10349497033789012,0.9641811476974732,-0.04475722241675193,0.32520058732193075,Banks—Regional,Financial Services,PGC
2016Q2,2016,Q2,2016-08-05,2016-06-30,6564000.0,31143000.0,15508000.0,0.4,31143000.0,1.0,3604703000.0,295533000.0,3366069000.0,29450000.0,3309170000.0,0.0,68558000.0,299347847.73,389919847.73,18.27411111014237,114.29775891341257,0.047660237195685747,0.5813259432956726,0.02002758819155423,18.27411111014237,0.02221071758483824,9.612042761776323,11.401121561928703,1.012908364649633,0.12416209628275442,0.0,0.002722585133583783,0.008639546725486122,10.0230220713073,0.0018209544586613655,23.905753691902255,1.0,0.1764705882352941,0.6585506392784067,0.0335029866561773,0.40520283370971266,0.07201129048913979,0.19584623793040626,0.16997359486986044,0.7647006050615425,0.02897490248108753,0.2860892498367029,Banks—Regional,Financial Services,PGC
2016Q1,2016,Q1,2016-05-09,2016-03-31,5489000.0,29051000.0,13255000.0,0.34,29051000.0,1.0,3465997000.0,283505000.0,3219074000.0,21100000.0,3182492000.0,0.0,62809000.0,268004898.2,305070898.2,17.87741392854886,152.5627488151659,0.03314601830295871,0.40522742103313875,0.02031655628316037,17.87741392854886,0.019361210560660307,9.225324367491652,12.20645373474221,0.9453268838292094,0.1462925851703407,0.0,0.00299621389531753,0.00838171527557583,14.187914691943128,0.0015836713072746457,75.6008175458392,1.0,0.21428571428571425,0.4259097114280523,-0.014180064825898224,0.40680066394153264,0.03764689073829339,0.26387289891779875,0.21572044391451894,0.04887390458027465,-0.08423452185595005,0.25776715995016014,Banks—Regional,Financial Services,PGC
2015Q4,2015,Q4,2016-03-15,2015-12-31,4343000.0,27997000.0,10903000.0,0.28,27997000.0,1.0,3364659000.0,275676000.0,3135502000.0,40700000.0,3088983000.0,0.0,58123000.0,319571213.78000003,384126213.78000003,17.78770701141216,77.03936117936118,0.04000821479977614,0.4883051117979077,0.017063940160539068,17.78770701141216,0.015754001073724228,11.414480615065902,18.395764090490445,1.1592275489342563,0.18190191112134468,0.0,0.002472062457239511,0.008320902653136618,6.695552825552825,0.0012907697332775773,64.92710560341325,1.0,-0.19999999999999987,0.3167946572580926,-0.04637082394205369,0.33277231060662027,0.052637515509267964,-0.19320081738807357,-0.15591855694046605,1.3352297162624474,-0.13916826815420266,0.2848774704702411,Banks—Regional,Financial Services,PGC
2015Q3,2015,Q3,2015-11-09,2015-09-30,5383000.0,26597000.0,12917000.0,0.35,26597000.0,1.0,3268963000.0,266400000.0,303866000.0,1528000.0,3002563000.0,0.0,54570000.0,322906200.53000003,340851200.53000003,17.465406333924015,198.8651832460733,0.02876814451555432,0.3530105105105105,0.02126840115182254,17.465406333924015,0.020206456456456457,12.140700098883334,14.996572567806057,1.21211036234985,0.14471484302433588,0.0,0.002412465287818547,0.008136219345400974,198.8651832460733,0.0016466995802644447,50.086272767178535,1.0,0.029411764705882214,0.6252888270786723,-0.04007523521583648,0.30497756602438625,0.01010216095097034,0.027682321496754488,0.08683214135464871,0.1028561643148575,-0.11356565972079119,0.31572588957275,Banks—Regional,Financial Services,PGC
2015Q2,2015,Q2,2015-08-07,2015-06-30,5238000.0,26331000.0,11885000.0,0.34,26331000.0,1.0,3118170000.0,257876000.0,290935000.0,87500000.0,2860294000.0,0.0,49966000.0,335133505.52,478213505.52,17.09767786753881,3.3249714285714287,0.05826077474929205,0.7044742434348291,0.016513771823485426,17.09767786753881,0.020312087980269587,12.727716589571227,15.995299041618937,1.2995916856163428,0.14776632302405499,0.0,0.002309527359250594,0.008444376028247337,3.3249714285714287,0.0016798314395943775,27.147307049007694,1.0,0.030303030303030328,0.7700691099536561,-0.03982815014775997,0.3193676393477695,0.05985348575108678,0.045926517571884984,0.06831460674157304,0.12028883348112743,-0.1274127047892109,0.314691616299873,Banks—Regional,Financial Services,PGC
2015Q1,2015,Q1,2015-05-08,2015-03-31,5008000.0,24844000.0,11125000.0,0.33,24844000.0,1.0,2879457000.0,249353000.0,354784000.0,0.0,2630104000.0,0.0,45502000.0,322049995.20000005,343613995.20000005,16.724188418804857,0.0,0.03274436812218415,0.3781225812402498,0.018842777034220565,16.724188418804857,0.02008397733333868,12.962888230558688,16.076776916932907,1.2915424927712922,0.15115814696485624,0.0,0.00235056671722627,0.00862801562933567,0.0,0.0017392168037237577,68.99100154241647,1.0,0.03125000000000003,0.39788774378615677,-0.08013113348761249,0.2982737731189692,0.07331403637620426,0.1889838556505223,0.20335316387236343,-0.05251118770083333,-0.17728990990751106,0.3087326787805926,Banks—Regional,Financial Services,PGC
2014Q4,2014,Q4,2015-03-13,2014-12-31,4212000.0,23147000.0,9245000.0,0.32,23147000.0,1.0,2702397000.0,242267000.0,369129000.0,54600000.0,2460130000.0,0.0,41251000.0,241985762.55999997,359883762.55999994,18.58157055370192,6.760604395604395,0.05513771662712769,0.6150404305992975,0.014222525159958794,18.58157055370192,0.017385776849509014,10.45430347604441,14.36287764482431,0.9988391425988681,0.14577397910731243,0.0,0.002537339360400427,0.008565358827737006,6.760604395604395,0.0015586162950891375,68.84374468278804,1.0,0.0,1.037815979009887,0.013275974903690833,0.3750492815127006,0.06687868731563422,0.09006211180124224,0.09811141465732272,0.11179346982472545,-0.08457321843676699,0.314112526063472,Banks—Regional,Financial Services,PGC
2014Q3,2014,Q3,2014-11-10,2014-09-30,3864000.0,21696000.0,8419000.0,0.32,21696000.0,1.0,2514521000.0,188070000.0,395396000.0,16960000.0,2326451000.0,0.0,37653000.0,207231097.5,179937097.5,15.881906913126299,23.313443396226415,0.03715459127205539,0.49676184399425743,0.01785234874062912,15.881906913126299,0.020545541553676824,9.551580821349557,13.40780910326087,1.1018827962992503,0.15760869565217392,0.0,0.0029387481287647963,0.008628283478244961,23.313443396226415,0.0015366743805281403,24.711554674457428,1.0,0.0,1.1935876355175492,0.03687062848308049,0.17570686710009698,0.0024488287206025044,0.02141157811260904,0.049358095475507915,-0.46051684841776086,0.017860800544631118,0.16012379858871933,Banks—Regional,Financial Services,PGC
2014Q2,2014,Q2,2014-08-08,2014-06-30,3783000.0,21643000.0,8023000.0,0.32,21643000.0,1.0,2400971000.0,182333000.0,445653000.0,0.0,2218638000.0,0.0,34398000.0,248607839.76000002,126610839.76000002,15.555756140809484,0.0,0.038954239763828884,0.5129515776080029,0.01681997446405989,15.555756140809484,0.02074775273812201,11.48675505983459,16.429278334655038,1.3634824182128304,0.15886862278614855,0.0,0.002417461977788757,0.009014269643406772,0.0,0.0015756125334291835,71.23433804011462,1.0,0.23076923076923075,0.5513693236684062,0.07478056415974711,0.24757220730589327,0.0865505296450625,0.24810293632464533,0.27754777070063696,0.31883989118112643,-0.009021300727772921,0.19617268811672725,Banks—Regional,Financial Services,PGC
2014Q1,2014,Q1,2014-05-09,2014-03-31,3031000.0,19919000.0,6280000.0,0.26,19919000.0,1.0,2251485000.0,175872000.0,354290000.0,79400000.0,2075613000.0,0.0,31216000.0,255352526.0,326929526.0,15.152323184772412,4.462090680100756,0.07684217305467281,0.983721115356623,0.010822367057928849,15.152323184772412,0.01723412481804949,12.819545459109394,21.061739194985154,1.4519225686863173,0.19465522929726162,0.0,0.0023105312848951415,0.00884704983599713,4.462090680100756,0.0013462226041923442,32.1967628294036,1.0,0.040000000000000036,-0.08374170945579716,-0.012084558117009122,0.1557381258739106,0.04814775836665965,0.26555323590814195,0.32489451476793246,0.07577954381311887,-0.07648789835096055,0.19235916345562767,Banks—Regional,Financial Services,PGC
2013Q4,2013,Q4,2014-03-14,2013-12-31,2395000.0,19004000.0,4740000.0,0.25,19004000.0,1.0,1966948000.0,170657000.0,307579000.0,54900000.0,1796291000.0,0.0,28775000.0,182978000.0,286278000.0,17.813883089770354,5.602531876138434,0.07033536219564523,0.810667010436138,0.01012078100088616,17.813883089770354,0.01403399801941907,9.628394022311092,19.1,1.072197448683617,0.1895615866388309,0.0,0.0024811725999846976,0.009661668737556865,5.602531876138434,0.001217622428249247,94.51342975206612,1.0,0.13636363636363635,1.0667452864894693,1.4319740164943218,0.8491789100626185,0.06938270215519667,0.21945010183299388,0.1048951048951049,0.17475479488545556,0.04719253184878115,0.3347335950157736,Banks—Regional,Financial Services,PGC
2013Q3,2013,Q3,2013-11-01,2013-09-30,1964000.0,17771000.0,4290000.0,0.22,17771000.0,1.0,1797704000.0,126418000.0,317383000.0,30361000.0,1671286000.0,0.0,26834000.0,165600914.15,213048914.15,14.160875331134156,10.453641184414215,0.04831829934182713,0.6871015203531142,0.011709186323867825,14.160875331134156,0.01553576231232894,9.318604138765405,21.079546098523423,1.309947271353763,0.22963340122199594,0.0,0.0027234149178155366,0.009885387138260805,10.453641184414215,0.0010925046615015597,-49.70015430672269,1.0,0.0,-0.45565446075821936,0.10265902153316045,0.16416731081429284,0.08711078485348994,-0.022399203583872575,0.04202088899684236,0.0131747644306152,0.0958550674753099,0.058070122680411826,Banks—Regional,Financial Services,PGC
2013Q2,2013,Q2,2013-08-09,2013-06-30,2009000.0,16347000.0,4117000.0,0.22,16347000.0,1.0,1679590000.0,124113000.0,341067000.0,0.0,1555477000.0,0.0,25321000.0,152684006.84,106787006.84,14.209053619305712,0.0,0.012422079197899488,0.16810487217293918,0.017315183762359743,14.209053619305712,0.016186861972557268,9.340185161803388,19.000000851169737,1.2302015650254203,0.22399203583872573,0.0,0.002947263497424207,0.009732732393024489,0.0,0.001196125244851422,7.601892299726164,1.0,-0.3125,-0.4400942329621825,0.08141160554507042,0.20885956267211814,-0.06785653190397445,-0.3055651572761839,-0.3013745121330392,0.17226646229070783,0.029298531845442132,0.09646267032915276,Banks—Regional,Financial Services,PGC
2013Q1,2013,Q1,2013-05-09,2013-03-31,2893000.0,17537000.0,5893000.0,0.32,17537000.0,1.0,1635332000.0,124606000.0,386393000.0,0.0,1510726000.0,0.0,23762000.0,128431671.55,50271671.55,14.213611626858874,0.0,0.012851824583631948,0.16866764040254884,0.022568877505173418,14.213611626858874,0.023217180553103383,7.323468754633061,11.09848527048047,1.030702145562814,0.15451088835119253,0.0,0.0034804499124343915,0.010723816325981513,0.0,0.0017690597383283639,11.199134247471225,1.0,1.6666666666666667,-0.1698715475903861,0.22349777816738503,0.17149944471313147,-0.05215652361906821,1.7344045368620038,0.9233028720626631,0.3733823007213171,0.10431949027309433,0.10338144574482254,Banks—Regional,Financial Services,PGC
2012Q4,2012,Q4,2013-03-15,2012-12-31,1058000.0,18502000.0,3064000.0,0.12,18502000.0,1.0,1667836000.0,122057000.0,427471000.0,0.0,1545779000.0,0.0,21316000.0,124138671.36,26199671.36,13.843893616487954,0.0,0.012704486532248973,0.1735992200365403,0.010485794615035047,13.843893616487954,0.008668081306274937,6.709473103448276,29.333334442344047,1.0170549117215728,0.41965973534971646,0.0,0.0035766453365076514,0.011093416858731914,0.0,0.000634354936576498,19.887643601409806,1.0,-0.625,-0.718080334283184,0.29477459050696025,0.12258849706686838,0.06278361766902177,-0.626412429378531,-0.4715419110037944,-0.24304567769106408,0.19773051723170815,0.0244578581597648,Banks—Regional,Financial Services,PGC
2012Q3,2012,Q3,2012-11-09,2012-09-30,2832000.0,17409000.0,5798000.0,0.32,17409000.0,1.0,1583490000.0,117478000.0,58860000.0,0.0,1466012000.0,0.0,20702000.0,145140000.0,111679000.0,13.274350282485877,0.0,0.013488560079318467,0.1818127649432234,0.023799787890013697,13.274350282485877,0.024106641243466863,8.337067034292607,12.812499999999998,1.2354653637276765,0.1564265536723164,0.0,0.0030522254375086127,0.010994070060436125,0.0,0.0017884546160695678,-136.53809971777986,1.0,0.03225806451612906,0.05552730841827099,0.4262935619942925,0.08261800621401957,-0.009388869921474906,0.0400293793609989,0.04112048841802837,1.151219512195122,0.11324904977080312,-0.01732550953866389,Banks—Regional,Financial Services,PGC
2012Q2,2012,Q2,2012-08-09,2012-06-30,2723000.0,17574000.0,5569000.0,0.31,17574000.0,1.0,1578605000.0,114235000.0,38110000.0,0.0,1464370000.0,0.0,18313000.0,136237839.21,127101839.21000001,13.005086254112793,0.0,0.01617060632647179,0.22346041055718474,0.02331468738929304,13.005086254112793,0.023836827592244057,7.752238489245476,12.5080645620639,1.1926103139142994,0.16305545354388543,0.0,0.003259006474079559,0.011132613921785373,0.0,0.001724940691306565,27.198610343381915,1.0,0.03333333333333337,-0.040759388520957035,0.4239469611774833,0.06644145400471874,-0.0022709208584080847,-0.11676938047356471,-0.1239578417492528,0.490097554113228,0.16455812322263855,0.043008389780705994,Banks—Regional,Financial Services,PGC
2012Q1,2012,Q1,2012-05-09,2012-03-31,3083000.0,17614000.0,6357000.0,0.3,17614000.0,1.0,1579540000.0,111134000.0,37132000.0,22900000.0,1468406000.0,0.0,16034000.0,117578937.84,133881937.84,12.778918636300551,1.6214847161572052,0.03139711561593882,0.44624507351485593,0.022921168096226453,12.778918636300551,0.027741285295229182,6.67531156125809,9.534458144664288,1.057992494106214,0.18001946156341225,0.0,0.004720233148859002,0.011151347860769592,1.6214847161572052,0.0019518340782759538,17.798809845594914,1.0,0.03448275862068969,0.14396055613381653,0.528339339841152,0.05154347575688554,0.04434957903474446,0.22002374356944995,0.25806451612903225,0.24385610515680933,0.16593642617547522,-0.025292471965247344,Banks—Regional,Financial Services,PGC
2011Q4,2011,Q4,2012-03-15,2011-12-31,2527000.0,16866000.0,5053000.0,0.29,16866000.0,1.0,1600335000.0,122971000.0,47031000.0,0.0,1477364000.0,0.0,13868000.0,93489170.25,77394170.25,14.140014789573982,0.0,0.016782736114626,0.21840921843361444,0.022506784398272677,14.140014789573982,0.0205495604654756,5.54305527392387,9.24902752770083,0.7602538017093462,0.24535021764938664,0.0,0.006631784177162489,0.010539043387790681,0.0,0.0015790443875813502,31.435497730329523,1.0,-0.5,-0.12779354560201447,0.479111633663975,0.18378481882489622,0.06289387446433073,-0.5260690172543135,-0.08026938478340007,1.077577002297036,1.422315835910326,0.4678112012461175,Banks—Regional,Financial Services,PGC
2011Q3,2011,Q3,2011-11-09,2011-09-30,5332000.0,15868000.0,5494000.0,0.58,15868000.0,1.0,1575288000.0,120683000.0,78347000.0,0.0,1454605000.0,0.0,12002000.0,87361773.47,39991773.47,13.68983804353165,0.0,0.017259701083230494,0.2252927089979533,0.05003698882696584,13.68983804353165,0.04418186488569227,5.505531476556592,4.096107158195799,0.7238946120828949,0.11646661665416354,0.0,0.007108372178516398,0.01007307870052968,0.0,0.003384777894581816,8.54895522751737,1.0,1.6363636363636362,2.7712647649612085,0.7801090625340042,0.14751892985932147,-0.03871084994244866,1.459409594095941,0.01967334818114328,0.496560761659211,-0.002937026914453785,0.12544327719499895,Banks—Regional,Financial Services,PGC
2011Q2,2011,Q2,2011-08-09,2011-06-30,2168000.0,16507000.0,5388000.0,0.22,16507000.0,1.0,1510740000.0,115209000.0,64675000.0,0.0,1395531000.0,0.0,7331000.0,104360091.97999999,71407091.97999999,13.004607357572013,0.0,0.018091134146180018,0.23722973031620795,0.02258499465222974,13.004607357572013,0.018817974290203023,6.322171925849639,12.034143447878229,0.9058328080271506,0.2864391143911439,0.0,0.005950550523844029,0.010926433403497623,0.0,0.0014350583157922607,16.497011062282642,1.0,0.22222222222222227,-0.21140564363538053,0.44905473883152264,0.1362072291116236,0.00713849908480781,0.012610929472209247,0.039552382789890025,-0.4042593439902648,0.07667361945209353,0.10638923493380881,Banks—Regional,Financial Services,PGC
2011Q1,2011,Q1,2011-05-09,2011-03-31,2141000.0,16390000.0,5183000.0,0.18,16390000.0,1.0,1520718000.0,112084000.0,81470000.0,0.0,1408634000.0,0.0,5823000.0,116953982.34,97770982.34,12.707851500766605,0.0,0.019989899507995564,0.27121623068412976,0.023686757513323338,12.707851500766605,0.01910174511973163,7.1356914179377675,13.656466877627278,1.043449398129974,0.33909388136384866,0.0,0.006207569725068671,0.010777803642752963,0.0,0.0014078875899410674,59.4580489781393,1.0,-0.14285714285714285,-0.3499122439166893,0.3734144525729049,0.11505560686554911,-0.019032798659324876,0.14064997336174748,0.07934194085797584,-0.3893722272849632,0.13655342913486745,0.047393257074310934,Banks—Regional,Financial Services,PGC
2010Q4,2010,Q4,2011-03-16,2010-12-31,1877000.0,16708000.0,4802000.0,0.21,16708000.0,1.0,1505425000.0,117716000.0,66818000.0,0.0,1387709000.0,0.0,4693000.0,115101769.95,82944769.95,13.346395982158397,0.0,0.02021356095454772,0.2585035169390737,0.022549361222426092,13.346395982158397,0.015945156138502836,6.8890214238688054,15.330550073255196,0.9777920584287607,0.3771976558337773,0.0,0.00615107830494313,0.011098526994038228,0.0,0.0012468239865818622,78.2472943235894,1.0,0.16666666666666666,-0.3821026803451926,0.47018336373121483,0.1701046686062117,0.047851991219818125,-0.015215110178384051,-0.09583882508002259,-0.5000380831195552,0.16878036146443692,0.08224687518737134,Banks—Regional,Financial Services,PGC
2010Q3,2010,Q3,2010-11-09,2010-09-30,1906000.0,15945000.0,5311000.0,0.18,15945000.0,1.0,1480261000.0,117479000.0,125972000.0,0.0,1362782000.0,0.0,3581000.0,103402224.83999999,39361224.83999999,13.383683205476375,0.0,0.020577452219574792,0.25928038202572373,0.024328230723670317,13.383683205476375,0.01622417623575277,6.484931002822201,13.562726238195172,0.8801762429029868,0.3719832109129066,0.0,0.006856719002875181,0.010771749036149705,0.0,0.00128761076593925,49.641010484877576,1.0,0.12499999999999993,-0.4113532967576759,0.3530515441673684,0.18454471345752482,-0.020156086769495485,0.08542141230068337,-0.031016237912789638,-0.28376127412127233,0.3170986300735469,0.09153488640646829,Banks—Regional,Financial Services,PGC
2010Q2,2010,Q2,2010-08-09,2010-06-30,1756000.0,16273000.0,5481000.0,0.16,16273000.0,1.0,1477263000.0,115983000.0,101296000.0,0.0,1361280000.0,0.0,2440000.0,104715000.0,69114000.0,12.95899441340782,0.0,0.023347230655611086,0.29737116646405076,0.024404987824708853,12.95899441340782,0.015140149849546916,6.434892152645486,14.908171981776764,0.9028478311476682,0.40261958997722097,0.0,0.006751659265625747,0.011015641764533466,0.0,0.0011886847501088162,9.247990815154994,1.0,0.0,-0.4688107163962487,0.35322476687216703,0.14269583384089335,0.015792759051186017,-0.1736470588235294,-0.13453339649455234,-0.39289006309492835,0.294057962195718,0.06266183665665076,Banks—Regional,Financial Services,PGC
2010Q1,2010,Q1,2010-05-07,2010-03-31,2125000.0,16020000.0,6333000.0,0.16,16020000.0,1.0,1483311000.0,113924000.0,74499000.0,0.0,1369387000.0,0.0,1447000.0,138935312.5,132161312.5,12.881865724381626,0.0,0.024364411778784085,0.31722902987956886,0.029022406750466075,12.881865724381626,0.01865278606790492,8.672616260923846,16.345330882352943,1.2195438406305958,0.3571764705882353,0.0,0.005462974000940185,0.010800162609189846,0.0,0.001432605839233984,33.73854116075765,1.0,0.0,-0.43710546219329377,0.2904584262690684,0.1853836240316571,0.03388189738625363,0.5156918687589158,0.06670035371399696,-0.2246231262371429,0.3669124390956617,0.06001471983479314,Banks—Regional,Financial Services,PGC
2009Q4,2009,Q4,2010-03-16,2009-12-31,1402000.0,15495000.0,5937000.0,0.16,15495000.0,1.0,1512353000.0,119509000.0,84215000.0,0.0,1392844000.0,0.0,471000.0,112138750.0,68866750.0,13.513385159010602,0.0,0.024133915825207474,0.30540796090670996,0.027544733353229153,13.513385159010602,0.011731334041787648,7.237092610519523,19.9962107703281,0.9383289124668435,0.5805991440798859,0.0,0.0072588645762504045,0.01024562387220444,0.0,0.0009270322471010405,64.00613584474885,1.0,0.6,-0.5540815350813271,0.3705088568123957,0.23826795736874107,-0.005774783445620789,0.06859756097560976,-0.01444223107569721,-0.5241408202080092,0.33627800906504685,0.13132414924810493,Banks—Regional,Financial Services,PGC
2009Q3,2009,Q3,2009-11-09,2009-09-30,1312000.0,15585000.0,6024000.0,0.1,15585000.0,1.0,1487679000.0,119144000.0,87665000.0,0.0,1368535000.0,0.0,-65000.0,141649200.0,122245200.0,13.508390022675737,0.0,0.024746601921516672,0.3089958369703888,0.026742323742788697,13.508390022675737,0.011011884778083663,9.088816169393647,26.991082317073168,1.1888907540455247,1.2682926829268293,0.0,0.011747330729718206,0.010476050276975074,0.0,0.000881910681000404,-21.278233438485806,1.0,-0.375,-0.6374118310256682,0.32431557759226143,0.2558195766331333,-0.02214832475843895,-0.32020725388601035,-0.1732088937688718,-0.07250853902068854,0.7474728145191942,0.13230947025464423,Banks—Regional,Financial Services,PGC
2009Q2,2009,Q2,2009-08-10,2009-06-30,1930000.0,15938000.0,7286000.0,0.16,15938000.0,1.0,1458879000.0,115674000.0,56086000.0,0.0,1343205000.0,0.0,-948000.0,170432561.71260002,156126561.71260002,12.46882228516602,0.0,0.02544967745782892,0.3209710047201618,0.033549930868959285,12.46882228516602,0.016684821135259435,10.69347231224746,22.076756698523315,1.4733869470460088,0.41243523316062175,0.0,0.004670469023063168,0.010924826527765497,0.0,0.0013229335674857202,36.03225406186047,1.0,-0.38461538461538464,-0.44244613046582576,0.2945929795805012,0.2549839642507111,0.05354309888947647,-0.22240128928283642,-0.15190315446397393,-0.32960534975985906,0.33607029020305734,0.08939590634121117,Banks—Regional,Financial Services,PGC
2009Q1,2009,Q1,2009-05-11,2009-03-31,2482000.0,15128000.0,8591000.0,0.26,15128000.0,1.0,1424307000.0,114175000.0,84223000.0,0.0,1310132000.0,0.0,-5114000.0,149539849.98119998,109390849.98119998,13.110515994542443,0.0,0.02768995729151089,0.3454258813225312,0.03851500121230106,13.110515994542443,0.02173855922925334,9.884971574643044,15.062434526712327,1.3097425003827456,0.5918614020950846,0.0,0.009823468461314369,0.010621305659524245,0.0,0.0017426018407548374,32.83703337312252,1.0,1.0693333333333332,-0.25510944294651483,0.3563052856227924,0.25894499861293063,1.3782756551310262,1.0760906220301052,1.1920377324749643,-0.23673147965468866,0.2838799898837841,0.15038756690956914,Banks—Regional,Financial Services,PGC
2008Q4,2008,Q4,2009-03-16,2008-12-31,-32619000.0,-39992000.0,-44736000.0,-3.75,-39992000.0,1.0,1385425000.0,83894000.0,30806000.0,15250000.0,1301531000.0,0.0,-6063000.0,220950845.5812,249259845.5812,9.633401610213651,2.020065573770492,0.03969756572892794,0.6555653562829284,-0.20784835133470014,9.633401610213651,-0.38881207237704724,-5.524876114752951,-1.6934213616389222,2.633690676105562,-0.04065115423526166,0.0,0.006001334805992818,-0.02886623238356461,2.020065573770492,-0.023544399732933936,13.090280560530838,1.0,-10.375,-12.17974605453188,-4.826222913815768,-0.02874541750149213,-3.5456397199236154,-10.274665908444698,-5.030996575959632,-11.8753423228752,-4.564022325791639,-0.1554208181940475,Banks—Regional,Financial Services,PGC
2008Q3,2008,Q3,2008-11-07,2008-09-30,3517000.0,15710000.0,11098000.0,0.4,15710000.0,1.0,1368898000.0,105852000.0,36257000.0,55000000.0,1263046000.0,0.0,27883000.0,277638951.5088,341319951.5088,12.163952036438076,0.6592181818181818,0.06943833653055231,0.8979896459207195,0.03638850899599752,12.163952036438076,0.03322563579337188,17.672753119592617,19.735495557918682,2.6228975504364587,0.3770258743247086,0.0,0.004775986916799645,0.01147638465393331,0.6592181818181818,0.0025692199126596724,186.08508814262737,1.0,-0.02439024390243891,0.19528586870239759,0.5503656835848425,0.2546872852313713,0.041915373391696514,-0.01732327465772562,-0.0394668513069067,0.09563125238635893,0.34470254382851645,0.07659041672607754,Banks—Regional,Financial Services,PGC
2008Q2,2008,Q2,2008-08-08,2008-06-30,3579000.0,15078000.0,11554000.0,0.41,15078000.0,1.0,1357659000.0,102409000.0,31999000.0,25000000.0,1255250000.0,0.0,25690000.0,182301139.2798,220516139.2798,11.754097877091176,1.27996,0.04813948126886059,0.6381958616918435,0.04599454793346735,11.754097877091176,0.03494810026462518,12.090538485196976,12.734083492581727,1.7801281067074182,0.3704945515507125,0.0,0.007273679173034814,0.011105881521059412,1.27996,0.002636155323243907,-48.9005201930794,1.0,0.05128205128205118,0.06628495027049046,0.36895616843755485,0.20389004512989733,0.058625289615951696,0.03349696794686688,-0.11361718450326046,0.1121431836490558,0.28801305502575447,0.036450687934060026,Banks—Regional,Financial Services,PGC
2008Q1,2008,Q1,2008-05-08,2008-03-31,3463000.0,14243000.0,13035000.0,0.39,14243000.0,1.0,1395836000.0,105693000.0,80644000.0,0.0,1290143000.0,0.0,23437000.0,224337345.66320002,189349345.66320002,12.132836845124928,0.0,0.029128063755340886,0.38468015857246934,0.05926940192655196,12.132836845124928,0.032764705325802085,15.750708815783193,16.195303614149584,2.1225374023180343,0.3837712965636731,0.0,0.005924113954683414,0.010203920804449807,0.0,0.002480950484154299,29.883754584148132,1.0,-0.09302325581395345,0.03873903692092316,0.3295938705686902,0.30174115003253454,0.00878249167788087,-0.06607335490830636,-0.0837199493884437,-0.06873521422805344,0.16475764561716605,0.116458315664472,Banks—Regional,Financial Services,PGC
2007Q4,2007,Q4,2008-03-12,2007-12-31,3708000.0,14119000.0,14226000.0,0.43,14119000.0,1.0,1346976000.0,107429000.0,31538000.0,15650000.0,1239547000.0,0.0,21750000.0,203844841.2,222247841.2,12.332117826487336,2.0152076677316293,0.03327379255458152,0.4171964739502369,0.06528626837430074,12.332117826487336,0.03451581975071908,14.437625979176994,13.743584223300969,1.897484303121131,0.3592233009708738,0.0,0.0065343817001143716,0.010481998194474141,2.0152076677316293,0.002752833012614924,45.098416194690266,1.0,0.43333333333333335,0.320415927214643,0.41095989612811856,0.36148271799606735,0.17160401626421043,0.39977349943374857,0.07797226642418731,0.19729110971849953,0.2677884582966904,0.13002524321989778,Banks—Regional,Financial Services,PGC
2007Q3,2007,Q3,2007-11-09,2007-09-30,2649000.0,12051000.0,13197000.0,0.3,12051000.0,1.0,1334953000.0,107137000.0,29566000.0,0.0,1227816000.0,0.0,19369000.0,212369833.441694,253646833.441694,12.261342603109918,0.0,0.04863317285327648,0.6059811269682742,0.05307687283396439,12.261342603109918,0.024725351652557008,17.622590112164467,20.042453137192712,1.982226807187937,0.4711211778029445,0.0,0.005876540842805894,0.00902728410663147,0.0,0.001984339523563751,62.831311669140234,1.0,-0.03225806451612906,-0.15882320343046863,0.15117756364673368,0.3928460725070554,-0.014636140637775961,-0.05830074653394952,-0.010422915416916617,-0.26102646727582973,0.033653307871522806,0.13988669641189863,Banks—Regional,Financial Services,PGC
2007Q2,2007,Q2,2007-08-09,2007-06-30,2813000.0,12230000.0,13336000.0,0.31,12230000.0,1.0,1314324000.0,106148000.0,28134000.0,0.0,1208176000.0,0.0,18054000.0,224406460.635,224385460.635,12.194843144249388,0.0,0.01755503209254339,0.21736631872479933,0.07061789122521964,12.194843144249388,0.026500734823077212,18.34885205519215,19.943695399484536,2.1140903326958584,0.441166014930679,0.0,0.005530143813544221,0.009305163719143833,0.0,0.0021402637401432218,124.32490893905816,1.0,0.03333333333333337,-0.13035757597800857,0.1647522727031912,0.4707211028003191,0.062369701181375956,0.044947994056463596,0.04195640284397219,-0.13388815346524768,0.05876750450788631,0.2274080296094243,Banks—Regional,Financial Services,PGC
2007Q1,2007,Q1,2007-05-03,2007-03-31,2692000.0,11512000.0,12799000.0,0.3,11512000.0,1.0,1307082000.0,105568000.0,27250000.0,0.0,1201514000.0,0.0,16489000.0,252085499.32799998,253255499.32799998,12.152534755733683,0.0,0.01799428038944764,0.22279478629887844,0.0697075559623586,12.152534755733683,0.025500151561079116,21.89762850312717,23.410614722139673,2.3878968942103667,0.4609955423476969,0.0,0.00492293290692329,0.008807404585175222,0.0,0.0020595494391323576,-174.2125081741534,1.0,-0.09090909090909098,-0.11459441624265958,0.15867204661781475,0.6028593124077637,0.010711150131694469,-0.06979958534899793,-0.027579395228688647,-0.19006240023169896,0.03469543464496896,0.16695428750244862,Banks—Regional,Financial Services,PGC
