Quarters,Year,Quarter,FillingDate,Date,NetIncome,Revenue,OperatingIncome,EPSDiluted,GrossProfit,GrossProfitRatio,TotalAssets,CommonStockEquity,CurrentAssets,CurrentLiability,TotalLiability,Inventory,RetainedEarnings,MarketCap,EnterpriseValue,bookValuePerShare,currentRatio,debtToAssets,debtToEquity,roic,shareholdersEquityPerShare,roe,priceToSalesRatio,peRatio,pbRatio,payoutRatio,inventoryTurnover,dividendYield,assetTurnover,quickRatio,returnOnAssets,priceToFreeCashFlowsRatio,grossProfitMargin,epsdilutedGrowth,fiveYNetIncomeGrowthPerShare,fiveYRevenueGrowthPerShare,fiveYShareholdersEquityGrowthPerShare,grossProfitGrowth,netIncomeGrowth,operatingIncomeGrowth,threeYNetIncomeGrowthPerShare,threeYRevenueGrowthPerShare,threeYShareholdersEquityGrowthPerShare,Industry,Sector,Symbol
2023Q2,2023,Q2,2023-04-26,2023-04-01,40844000.0,1070823000.0,38945000.0,1.45,102993000.0,0.0961811616,3382020000.0,1182382000.0,2780274000.0,1917862000.0,2199638000.0,1649719000.0,1655268000.0,2698883770.0,2943217770.0,42.74545388814577,1.4496736470090132,0.1519795861644816,0.4347139926013759,0.019261114438937604,42.74545388814577,0.034543827629311,2.52038270563856,16.519462895406914,2.2825819151509408,0.0,0.5866635469434491,0.0,0.31662231447478134,0.5548563973841705,0.01207680616909421,33.929444961279295,0.0961811615925321,-0.02684563758389264,3.0294490464274704,0.8583464803445958,0.557406149138713,0.017727447899682804,-0.031903294619578096,-0.027371943757648412,2.3460346815263415,0.477687474213968,0.40277392599436423,Electronic Components,Technology,PLXS
2023Q1,2023,Q1,2023-02-03,2022-12-31,42190000.0,1093925000.0,40041000.0,1.49,101199000.0,0.0925099984,3395292000.0,1150259000.0,2814301000.0,1954460000.0,2245033000.0,1645011000.0,1614424000.0,2844882270.0,3145499270.0,41.61724374977387,1.4399378856563962,0.16154634122779424,0.4768465189144358,0.019741906906567668,41.61724374977387,0.036678695841545254,2.600619119226638,16.857562633325433,2.473253649830169,0.0,0.6034768156565519,0.0,0.3221887837629282,0.5632543004205766,0.012426029926144791,-39.57876806855966,0.09250999840025596,-0.16292134831460675,1.5202287653269737,0.9615551452613653,0.49592281080630746,-0.05514215022641333,-0.1638424797352201,-0.14146958553999872,0.43494520633729594,0.3533528946752509,0.3353755989557792,Electronic Components,Technology,PLXS
2022Q4,2022,Q4,2022-11-18,2022-10-01,50457000.0,1123848000.0,46639000.0,1.78,107105000.0,0.0953020337,3393225000.0,1095731000.0,2816122000.0,2006189000.0,2297494000.0,1602783000.0,1572234000.0,2426287600.0,2646857600.0,39.542800433056655,1.4037171971334705,0.14598943482969742,0.4520954504344588,0.0254364013831615,39.542800433056655,0.04604871086060356,2.1589108135619766,12.021560933071724,2.2143095340005896,0.0,0.6343609833645603,0.0,0.3312035010940919,0.5737450459552913,0.01486992462922441,-142.92457587181903,0.09530203372698087,0.33834586466165406,1.1053686321592178,1.0308048854230922,0.2927718600473841,0.14406417569270866,0.34573531765082416,0.49030196517015495,0.4426851435234317,0.4607694014986555,0.33309895310986704,Electronic Components,Technology,PLXS
2022Q3,2022,Q3,2022-08-05,2022-07-02,37494000.0,981341000.0,31295000.0,1.33,93618000.0,0.0953980319,3204463000.0,1058190000.0,2654425000.0,1860743000.0,2146273000.0,1561264000.0,1521777000.0,2163286620.0,2353667620.0,38.14947004109885,1.4265403658646036,0.14573081355596865,0.44130921668131434,0.01740827401745465,38.14947004109885,0.03543220026649278,2.204418871727565,14.424218674987998,2.04432721911944,0.0,0.5685924994107339,0.0,0.3062419506794118,0.5471835712938327,0.011700556380273388,-51.45536891679749,0.09539803187678901,0.40000000000000013,0.7792348926316225,0.924873770384574,0.2957194920778824,0.22360475754803294,0.39543712084558413,0.629438717067583,0.6302825912825467,0.323407432061828,0.32567248945371036,Electronic Components,Technology,PLXS
2022Q2,2022,Q2,2022-05-06,2022-04-02,26869000.0,888723000.0,19206000.0,0.95,76510000.0,0.0860898165,2990048000.0,1040591000.0,2434973000.0,1659137000.0,1949457000.0,1374285000.0,1484283000.0,2314524900.0,2449369900.0,37.18122699824919,1.467614187375726,0.14809427808516787,0.4255360655627427,0.010860097382704362,37.18122699824919,0.025820903697994696,2.6043265449414497,21.535272060739143,2.224240743961845,0.0,0.5910076876339333,0.0,0.29722700103811045,0.5997913373036705,0.008986143366260342,43.35046918019891,0.08608981651200655,0.15853658536585366,0.10451142760775001,0.7708868969176781,0.303379826387133,0.09306246071204069,0.14712035179097468,-0.35595721136112135,0.1867072598155873,0.2315980701118295,0.2997485730982449,Electronic Components,Technology,PLXS
2022Q1,2022,Q1,2022-02-04,2022-01-01,23423000.0,817456000.0,29821000.0,0.82,69996000.0,0.085626627,2709646000.0,1044095000.0,2161479000.0,1366485000.0,1665551000.0,1185915000.0,1457414000.0,2686646020.0,2844414020.0,37.26515097437362,1.5817802610346985,0.13833356829637525,0.3590046882707033,0.017926304525304082,37.26515097437362,0.022433782366547105,3.28659404298213,28.675297997694575,2.573181578304656,0.0,0.6302812596181008,0.0,0.3016836885703889,0.6672374742496259,0.008644302613699355,-21.98114968296175,0.08562662699888435,-0.29310344827586204,-0.0051326679415539195,0.5407277160928693,0.34727006731193305,-0.11360441703496398,-0.29747158153624664,-0.29571111426007274,0.18117763884058619,0.19681834375113486,0.2928472949604156,Electronic Components,Technology,PLXS
2021Q4,2021,Q4,2021-11-19,2021-10-02,33341000.0,843238000.0,42342000.0,1.16,78967000.0,0.09364734511490232,2461893000.0,1028232000.0,1930886000.0,1128703000.0,1433661000.0,972312000.0,1433991000.0,2566543320.0,2587687320.0,36.48930054295752,1.7107122068427212,0.11833008177041,0.2833173836254853,0.02637476689218692,36.48930054295752,0.03242556154642143,3.0436760677293955,19.24464863081491,2.4960741544709752,0.0,0.7860347295929702,0.0,0.342516104477327,0.8019284080931831,0.01354283065917162,-220.30414763948497,0.09364734511490232,0.22105263157894733,1.0731938226269917,0.5329566813858057,0.3315374610351516,0.06640108035111411,0.20761345937918796,0.16410524289995326,-0.4776655307501799,0.24609410121984504,0.27209446126822323,Electronic Components,Technology,PLXS
2021Q3,2021,Q3,2021-08-06,2021-07-03,27609000.0,814387000.0,36373000.0,0.95,74050000.0,0.09092728641297074,2321437000.0,1020450000.0,1811740000.0,1001559000.0,1300987000.0,874718000.0,1400650000.0,2581303920.0,2559399920.0,35.76886676714922,1.8089198938854325,0.12119691380812833,0.275712675780293,0.02285578863755382,35.76886676714922,0.02705571071586065,3.169628100645025,23.373754210583506,2.5295741290607086,0.0,0.8463722022411795,0.0,0.3508115878225427,0.8852488969696244,0.011893064511335006,82.16003310204341,0.09092728641297074,-0.33098591549295775,0.2385476853987208,0.4282032556693283,0.33465712040251155,-0.18628162018417177,-0.338912434451548,-0.28239982638546374,0.19763021249832857,0.28883788582353087,0.3294752192930616,Electronic Components,Technology,PLXS
2021Q2,2021,Q2,2021-05-07,2021-04-03,41763000.0,880885000.0,50687000.0,1.42,91002000.0,0.10330746919291395,2236803000.0,1013952000.0,1727335000.0,919273000.0,1222851000.0,771605000.0,1373041000.0,2685953920.0,2665293920.0,35.28507795100223,1.8790228800367246,0.12236660984449681,0.2699437448715521,0.03447347542004846,35.28507795100223,0.041188340276462794,3.049153885013367,16.078549912602064,2.6489951398093794,0.0,1.023688286104937,0.0,0.3938142965652317,1.000122923223025,0.018670844057344343,35.87298554905575,0.10330746919291395,0.1544715447154471,1.8845909807083727,0.6509458199544104,0.3496138979411845,0.1478991384638672,0.15370590347799662,0.0815303204882004,2.9659811956685234,0.47153221823852787,0.2855916214512204,Electronic Components,Technology,PLXS
2021Q1,2021,Q1,2021-02-05,2021-01-02,36199000.0,830355000.0,46866000.0,1.23,79277000.0,0.09547362272762855,2272058000.0,1006959000.0,1758346000.0,955456000.0,1265099000.0,764322000.0,1331278000.0,2257218810.0,2274102810.0,34.88995530300405,1.8403212706812244,0.16443594309652307,0.37102602985821664,0.028742592406843744,34.88995530300405,0.03594883207757218,2.7183780551691745,15.588958327578109,2.2416193807295035,0.0,0.982672224533639,0.0,0.3654638217862396,0.9991260717395672,0.0159322517294893,-246.31370689655174,0.09547362272762855,-0.02380952380952383,1.8991582232676474,0.5581106176022497,0.36952652146009873,-0.11114474716896514,-0.039941652300755866,-0.06967603620771796,1.4274569288930203,0.42589560555628325,0.254111884957779,Electronic Components,Technology,PLXS
2020Q4,2020,Q4,2020-11-20,2020-10-03,37705000.0,913227000.0,50376000.0,1.26,89190000.0,0.09766465511860688,2289848000.0,977480000.0,1779159000.0,1003517000.0,1312368000.0,763461000.0,1295079000.0,2068405350.0,2054181350.0,33.5293108770967,1.7729236276017248,0.16227408980858118,0.38014383926013834,0.030183981951357665,33.5293108770967,0.03857367925686459,2.264941082556692,13.714396963267472,2.1160589986495886,0.0,1.0793439350536569,0.0,0.39881555456956097,0.9783979743243014,0.016466158452438765,18.9789817771416,0.09766465511860688,0.050000000000000044,0.8207685915847907,0.5737842086559476,0.3374352436479164,0.07612118579650343,0.05197812622063501,0.09864131027413692,0.49540538800704353,0.5685293110092132,0.09617298506899562,Electronic Components,Technology,PLXS
2020Q3,2020,Q3,2020-08-07,2020-07-04,35842000.0,857394000.0,45853000.0,1.2,82881000.0,0.09666617681019461,2288524000.0,944821000.0,1787787000.0,1037620000.0,1343703000.0,819543000.0,1257374000.0,1915454399.9999998,1991605399.9999998,32.357991712044935,1.7229689096200922,0.16285431133778802,0.39446201978999196,0.02912008553792185,32.357991712044935,0.03793522794264734,2.2340422256278907,13.36040399531276,2.027319883872183,0.0,0.9450547439243578,0.0,0.37464933730212135,0.8985081243615196,0.015661622949988727,52.38204938879317,0.09666617681019461,1.7906976744186047,0.7361233799583738,0.4758102806894392,0.30402555865299763,0.3488648384734315,1.7728609005105989,1.6644778894764367,0.6157379032562394,0.5976068590775945,0.09901606865371639,Electronic Components,Technology,PLXS
2020Q2,2020,Q2,2020-05-08,2020-04-04,12926000.0,767364000.0,17209000.0,0.43,61445000.0,0.08007282072132652,2095198000.0,892558000.0,1594732000.0,900857000.0,1202640000.0,765818000.0,1221532000.0,1474508940.0,1582502940.0,30.47209040319552,1.7702387837359315,0.15932813987031297,0.3740081877032081,0.012477342127341922,30.47209040319552,0.014481972039912252,1.9215247783320561,28.51827595543865,1.6520035000526578,0.0,0.9217842881729079,0.0,0.3662489177633808,0.8879533599672312,0.006169345331562936,-31.841343612334803,0.08007282072132652,-0.5825242718446603,-0.3714422279965117,0.35180164082472715,0.266648859435115,-0.2240813233994191,-0.5831129458814422,-0.5690639555266189,-0.4923025164400639,0.4609924601287797,0.06819250212587667,Electronic Components,Technology,PLXS
2020Q1,2020,Q1,2020-02-07,2020-01-04,31006000.0,852409000.0,39934000.0,1.03,79190000.0,0.09290141235017463,2110104000.0,908372000.0,1593389000.0,889851000.0,1201732000.0,735803000.0,1208606000.0,2219252580.0,2262776580.0,31.165197104333206,1.7906244978091839,0.1404850187478911,0.326339869568855,0.028980488344149388,31.165197104333206,0.034133592845222,2.6035067438283734,17.893734922273108,2.4431098492688017,0.0,1.0508505673393558,0.0,0.40396539696621586,0.9233669457021456,0.014694062472750158,36.35913593394171,0.09290141235017463,-0.16260162601626013,0.5488166975757741,0.47842789411139935,0.321741255310255,0.018010258519842136,-0.15815481523716435,0.06414048551709436,0.2659357504959745,0.5443751530377714,0.12673465966685044,Electronic Components,Technology,PLXS
2019Q4,2019,Q4,2019-11-15,2019-09-28,36831000.0,810195000.0,37527000.0,1.23,77789000.0,0.09601268830343312,2000883000.0,865576000.0,1538291000.0,865503000.0,1135307000.0,700938000.0,1178677000.0,1825563360.0,1889782360.0,29.662314519721736,1.777337571331353,0.14392645646946872,0.33270330970359624,0.03584546895764648,29.662314519721736,0.042550856308400414,2.2532394793845927,12.391486519508023,2.109073449356267,0.0,1.0448941275833241,0.0,0.4049187283814196,0.9276524749192089,0.01840737314475659,19.78501528123984,0.09601268830343312,0.5185185185185184,0.6087370507870538,0.40497037506125566,0.28019890262398184,0.09515697592566522,0.48506108624652233,0.09080603435746883,1.211567512571546,0.4223113583296776,0.08241271759974195,Electronic Components,Technology,PLXS
2019Q3,2019,Q3,2019-08-02,2019-06-29,24801000.0,799644000.0,34403000.0,0.81,71030000.0,0.08882702802747222,2016231000.0,860791000.0,1557701000.0,875636000.0,1155440000.0,757206000.0,1141846000.0,1745963440.0,1874125440.0,28.777447178389945,1.7789366814521101,0.1619640805046644,0.37936851105552916,0.02418064629320169,28.777447178389945,0.028811871871336946,2.1834259245364187,17.599728236764644,2.0283244597120555,0.0,0.9622401301627298,0.0,0.39660336538819213,0.8712604324171231,0.012300673881117788,81.13967097313876,0.08882702802747222,0.025316455696202552,0.14120336700639266,0.4577994995099702,0.28092998560240745,0.005577892292881817,0.0017368123434849342,0.03704708506661843,0.06113916632433824,0.3375097793611647,0.07378366314137567,Electronic Components,Technology,PLXS
2019Q2,2019,Q2,2019-05-03,2019-03-30,24758000.0,789051000.0,33174000.0,0.79,70636000.0,0.089520195779487,2000851000.0,875444000.0,1549463000.0,844674000.0,1125407000.0,802261000.0,1117045000.0,1865252850.0,1961541850.0,28.60647648923308,1.8343917298271286,0.14009888792318867,0.32019980718355484,0.024764182717795492,28.60647648923308,0.028280506805689457,2.3639192523677175,18.83484984651426,2.130636397073942,0.0,0.8954878773865363,0.0,0.39435770079831034,0.8475269749039275,0.012373734975767811,-60.4737663727143,0.089520195779487,0.1449275362318842,0.47976903527637715,0.5660131214810368,0.3155081757081274,-0.02413550142989376,0.11392063349230631,-0.10221644881058699,0.6057222465990433,0.3886122543382394,0.09416502620763254,Electronic Components,Technology,PLXS
2019Q1,2019,Q1,2019-02-01,2018-12-29,22226000.0,765544000.0,36951000.0,0.69,72383000.0,0.09455106434117438,1969683000.0,905163000.0,1533841000.0,779821000.0,1064520000.0,798271000.0,1092287000.0,1576430600.0,1583831600.0,28.824093239499412,1.966914202105355,0.09960993723355484,0.21675653998230154,0.021858061731346114,28.824093239499412,0.02455469346405012,2.05922925396842,17.731829838927386,1.7415985850062365,0.0,0.868327923725151,0.0,0.3886635565215316,0.8977201178219104,0.011284049260718602,-27.065974177597692,0.09455106434117438,-0.6863636363636364,0.3515808912872884,0.5401086887229003,0.3465490130734635,-0.012564116555713194,-0.6944543729894697,-0.000378736642770188,0.6359758568890566,0.3202156437430212,0.13142478417375103,Electronic Components,Technology,PLXS
2018Q4,2018,Q4,2018-11-16,2018-09-29,72742000.0,771178000.0,36965000.0,2.2,73304000.0,0.09505457883912663,1932642000.0,921143000.0,1517161000.0,737673000.0,1011499000.0,794346000.0,1062246000.0,1878931630.0,1770279630.0,28.684426867623703,2.056685008126907,0.09759541601600297,0.20476408114700975,0.07064033675444968,28.684426867623703,0.07896928055687337,2.4364435059091414,6.457519830359352,2.0397827807408837,0.0,0.8785516638845037,0.0,0.3990278592724364,0.9382151712208526,0.03763863146925297,128.18472028926183,0.09505457883912663,1.7848101265822787,2.1211157513861743,0.42582062856483144,0.38265877047774827,0.08084516595154893,1.7448775517904984,0.13927756888368367,2.1889184920401,0.20648921792886665,0.14417989612803656,Electronic Components,Technology,PLXS
2018Q3,2018,Q3,2018-08-03,2018-06-30,26501000.0,726385000.0,32446000.0,0.79,67821000.0,0.09336784212229052,1894629000.0,882360000.0,1499717000.0,709272000.0,1012269000.0,755809000.0,989504000.0,1952673840.0,1806519840.0,26.90450054884742,2.114445515965666,0.09847257695306047,0.2114431751212657,0.02721997288378751,26.90450054884742,0.030034226392855523,2.688207823674773,18.420756197879324,2.213012647898817,0.0,0.8713365413748712,0.0,0.38339168248770605,1.0036474018430166,0.013987435007064708,124.63610391268271,0.09336784212229052,1.1944444444444446,0.1769463849479082,0.30878971540709255,0.3381003960764522,0.28080148058619125,1.1563059397884459,0.8738665896621427,0.14287231539142084,0.11317657580541979,0.08425011881781633,Electronic Components,Technology,PLXS
2018Q2,2018,Q2,2018-05-04,2018-03-31,12290000.0,698651000.0,17315000.0,0.36,52952000.0,0.07579177586520308,1909974000.0,920503000.0,1537556000.0,833162000.0,989471000.0,701666000.0,963003000.0,2003224740.0,1808743740.0,27.44656807203769,1.8454466238258587,0.10889624675519143,0.2259514634933292,0.012813170472062272,27.44656807203769,0.01335139592157766,2.8672752776421992,40.749079332790885,2.1762283664474746,0.0,0.9202369788474858,0.0,0.36579084322613814,0.9634764907665015,0.006434642565815032,-25.461053153359263,0.07579177586520308,1.1228668941979523,-0.3010233881630211,0.28039140414289265,0.4065275427853114,-0.16641216567227618,1.124780441249632,-0.45131032734417087,-0.4780487157837906,0.07490200207346794,0.1408854359466281,Electronic Components,Technology,PLXS
2018Q1,2018,Q1,2018-02-02,2017-12-30,-98493000.0,677294000.0,31557000.0,-2.93,63523000.0,0.09378940312478776,1916207000.0,933849000.0,1550883000.0,817177000.0,982358000.0,669894000.0,950713000.0,2038188240.0,1737422240.0,27.82044865492895,1.897854442795135,0.10746646891489281,0.22051530814939033,-0.09390087083377416,27.82044865492895,-0.10546994214268045,3.0093109343948123,-5.173434254210959,2.182567245882364,0.0,0.9162210737818222,0.0,0.353455550470278,1.0297279536746629,-0.05139997922980137,38.89375314861461,0.09378940312478776,-4.488095238095238,-7.15169274125023,0.324894805389385,0.4584368288798671,-0.044967976666566434,-4.395256644489641,-0.07089651111438246,-5.2720957467329885,0.020024685463379353,0.17988776407730747,Electronic Components,Technology,PLXS
2017Q4,2017,Q4,2017-11-17,2017-09-30,29009000.0,669852000.0,33965000.0,0.84,66514000.0,0.099296561031392,1976182000.0,1025939000.0,1617455000.0,907591000.0,950243000.0,654642000.0,1049206000.0,1880979280.0,1625226280.0,30.587609194716915,1.782140854195337,0.15844036632253508,0.30519065948365354,0.023729857217964802,30.587609194716915,0.028275560242860442,2.808052047317915,16.210307835499325,1.8334221430318955,0.0,0.9216304483977502,0.0,0.3389627068761885,1.0295088867121864,0.014679315973933574,52.66489192518759,0.099296561031392,0.13513513513513511,40.62837609604254,0.17653275120888054,0.6513921349089565,0.08709651058265915,0.1340943742914109,0.15256710441480878,0.10237276624850256,0.010603110438151974,0.32013379127689046,Electronic Components,Technology,PLXS
2017Q3,2017,Q3,2017-08-04,2017-07-01,25579000.0,618832000.0,29469000.0,0.74,61185000.0,0.0988717454818109,1868632000.0,991306000.0,1520809000.0,835136000.0,877326000.0,653101000.0,1020196000.0,1769979330.0,1544242330.0,29.44269209064718,1.8210315445628018,0.15703198917710925,0.2960084978805737,0.02143594884782288,29.44269209064718,0.02580333418742548,2.8601936066654603,17.29914509949568,1.7855024886362032,0.0,0.8538449642551459,0.0,0.33116846976825826,1.0026390911180934,0.013688623549206051,272.5561025562057,0.0988717454818109,-0.11904761904761903,0.12932953153079804,0.05608526578737818,0.6129154453993823,-0.04098746081504702,-0.12684758491210105,-0.09523809523809523,0.04566518453994182,0.002280108852050529,0.31054109567055954,Electronic Components,Technology,PLXS
2017Q2,2017,Q2,2017-05-05,2017-04-01,29295000.0,604349000.0,32571000.0,0.84,63800000.0,0.10556814026332467,1804347000.0,961438000.0,1480312000.0,641436000.0,842909000.0,609709000.0,994618000.0,1948033400.0,1701774400.0,28.52677803162923,2.307809352764734,0.15421701036441438,0.28942167877699865,0.02374153144186284,28.52677803162923,0.030469983503876485,3.2233583575053486,16.624282300733913,2.0261664298685926,0.0,0.8865688385770917,0.0,0.33494056298483604,1.317380065976964,0.01623579056578363,105.38454963483906,0.10556814026332467,0.024390243902439046,0.5188318190212323,0.09046142519954496,0.6168524695025448,-0.008639443097768661,0.039603960396039604,-0.03928855853464295,0.5898908903244225,0.08911457956058545,0.31184313249287315,Electronic Components,Technology,PLXS
2017Q1,2017,Q1,2017-02-03,2016-12-31,28179000.0,635019000.0,33903000.0,0.82,64356000.0,0.1013449991260104,1756179000.0,927542000.0,1430387000.0,628893000.0,828637000.0,564813000.0,965323000.0,1812177360.0,1578687360.0,27.65974831514284,2.2744520928043404,0.14976548518118027,0.28356128347826837,0.025863525602215134,27.65974831514284,0.030380295447537686,2.853737226760144,16.077374640689875,1.9537415664196338,0.0,1.0103574103287283,0.0,0.36159127287138726,1.3359442703289748,0.016045630883867762,24.995205031654734,0.1013449991260104,0.4642857142857141,0.62701577354911,0.23704415633378684,0.6449109619858375,0.04592881521209166,0.4758812130100037,0.4334700435499556,0.6046934846775995,0.19633749090223448,0.29215536759978994,Electronic Components,Technology,PLXS
2016Q4,2016,Q4,2016-11-18,2016-10-01,19093000.0,653064000.0,23651000.0,0.56,61530000.0,0.09421741207599868,1765819000.0,916797000.0,1433347000.0,650436000.0,849022000.0,564131000.0,937144000.0,1565024900.0,1394569900.0,27.403885816768796,2.2036710760167026,0.1486613293887992,0.28633274323541635,0.017547793830385985,27.403885816768796,0.02082576622742003,2.3964341932796787,20.492129314408423,1.7070571784157234,0.0,1.0485755968028703,0.0,0.36983631957748786,1.3065881962253012,0.010812546472769859,-704.6487618190005,0.09421741207599868,-0.26315789473684204,0.08553607852867366,0.2642565465034468,0.7089121290111795,-0.01548849563186022,-0.26843940380857506,-0.23504107639562713,-0.2136449946576617,0.1590064456655425,0.3209335938482036,Electronic Components,Technology,PLXS
2016Q3,2016,Q3,2016-08-08,2016-07-02,26099000.0,667616000.0,30918000.0,0.76,62498000.0,0.09361369409960217,1760950000.0,895175000.0,1419867000.0,658299000.0,865775000.0,575121000.0,918051000.0,1432945800.0,1262024800.0,26.800041913657864,2.15687248499542,0.14921377665464663,0.29352696400145223,0.024271039877908983,26.800041913657864,0.02915519311866395,2.146362280113119,13.72606038545538,1.6007437651855783,0.0,1.052157719853735,0.0,0.3791226326698657,1.2288018058663313,0.014820977313381981,59.017537067545305,0.09361369409960217,0.52,0.3124656660093275,0.3232699509005708,0.7325630380586071,0.17318666466436403,0.5547149580032168,0.32433821639681315,0.13806401297381873,0.1810768271931502,0.33290512620452223,Electronic Components,Technology,PLXS
2016Q2,2016,Q2,2016-05-06,2016-04-02,16787000.0,618660000.0,23346000.0,0.5,53272000.0,0.0861086865160185,1683524000.0,871111000.0,1336096000.0,529154000.0,812413000.0,563291000.0,891952000.0,1314434550.0,1166503550.0,26.144572166031395,2.524966266909066,0.15554574808556337,0.3006103699758125,0.017685535514102686,26.144572166031395,0.01927079327433588,2.1246477063330422,19.575185411330196,1.508917405474159,0.0,1.0037227649651779,0.0,0.3674791686961398,1.3893649107821164,0.009971345819839812,20.21118705312524,0.0861086865160185,0.19047619047619052,-0.15690333306020665,0.3048709706933743,0.655884145337404,0.0641842625701672,0.161890919158361,0.08464969336554544,-0.038987462244370004,0.1412471447451639,0.33980542665097135,Electronic Components,Technology,PLXS
2016Q1,2016,Q1,2016-02-08,2016-01-02,14448000.0,616664000.0,21524000.0,0.42,50059000.0,0.08117710779289856,1652040000.0,850794000.0,1298241000.0,518502000.0,801246000.0,549501000.0,875165000.0,1166188320.0,1073613320.0,25.47592526051024,2.503830264878438,0.15868441442095832,0.3081274668133532,0.016149531410720414,25.47592526051024,0.016981784074640866,1.8911243724297186,20.17906146179402,1.3707058582923717,0.0,1.0311264219719345,0.0,0.37327425486065713,1.3788722126433457,0.008745550955182682,122.48590694254806,0.08117710779289856,-0.39999999999999997,-0.3006217491796923,0.32075693242628556,0.5150611830023315,-0.15543595626940207,-0.3945945945945946,-0.24664869973049597,-0.09298372694385108,0.2124695509335983,0.3355294197649937,Electronic Components,Technology,PLXS
2015Q4,2015,Q4,2015-11-20,2015-10-03,23865000.0,668730000.0,28571000.0,0.7,59272000.0,0.08863367876422472,1702388000.0,842272000.0,1344725000.0,579298000.0,860116000.0,569371000.0,860717000.0,1276686000.0,1182350000.0,25.069857427746523,2.3213009539131844,0.15435376659139985,0.31197760343451997,0.023050266309993146,25.069857427746523,0.02833407735268417,1.9091202727558207,13.37404148334381,1.5157645036282816,0.0,1.070405763553114,0.0,0.39281879336555475,1.2804912152294674,0.014018543363792508,99.55442919525889,0.08863367876422472,0.01449275362318842,0.09725318866004211,0.4723290442767892,0.5806753653502422,0.003130976356897456,0.0029839455324871815,-0.002095630610177779,33.18957147861514,0.17260428429986668,0.35349464928498303,Electronic Components,Technology,PLXS
2015Q3,2015,Q3,2015-08-07,2015-07-04,23794000.0,669585000.0,28631000.0,0.69,59087000.0,0.08824421096649417,1692239000.0,835063000.0,1325616000.0,580324000.0,857176000.0,588453000.0,836852000.0,1466934270.0,1375669270.0,24.813924464386535,2.284268787780619,0.15574927655017998,0.3156228931230338,0.023234711368556843,24.813924464386535,0.028493658562288113,2.19081112928157,15.412859019080441,1.756674969433444,0.0,1.0374626350787572,0.0,0.395679924644214,1.214411259916874,0.014060661644129464,316.62729764731273,0.08824421096649417,0.0,0.17038131811007942,0.49626911299338194,0.6127757466657637,-0.011542901115813775,0.00847673137238281,-0.027875865815564307,0.05102007750432619,0.14324252003753735,0.3593445159960878,Electronic Components,Technology,PLXS
2015Q2,2015,Q2,2015-05-11,2015-04-04,23594000.0,651285000.0,29452000.0,0.69,59777000.0,0.09178316712345594,1656149000.0,808468000.0,1288839000.0,568424000.0,847681000.0,557040000.0,813058000.0,1404730800.0,1313233800.0,24.057251681247397,2.2673901876064346,0.15988839168456462,0.3275318256257514,0.024161417754522928,24.057251681247397,0.029183591682045547,2.1568603606715953,14.8844070526405,1.7375218314144776,0.0,1.0618770644836995,0.0,0.393252660237696,1.2287640915935991,0.01424630271793178,11.335421710080372,0.09178316712345594,0.029850746268656577,0.3518558243773522,0.5743519150063293,0.6375406316989942,-0.026655160061223825,0.0223146583474154,0.023242886426015356,0.2267879371055817,0.1785426738392198,0.36352681495056316,Electronic Components,Technology,PLXS
2015Q1,2015,Q1,2015-02-11,2015-01-03,23079000.0,664690000.0,28783000.0,0.67,61414000.0,0.09239495102980337,1562942000.0,792298000.0,1193326000.0,490489000.0,770644000.0,539577000.0,789464000.0,1363233140.0,1389331140.0,23.578894113445628,2.432931217621598,0.1700530154030028,0.33545837551022467,0.024108848700749187,23.578894113445628,0.029129191289136158,2.0509307195835653,14.76702998396811,1.7206065647016653,0.0,1.118053586420474,0.0,0.4252812964268668,1.2610598810574754,0.014766382885609318,-13.64802663062522,0.09239495102980337,-0.12987012987012983,0.5237447988313054,0.8194300153463393,0.698302605207566,-0.019556506329922254,-0.12744801512287335,-0.09052704752275026,0.3298522914819704,0.29222416991850936,0.40222466801971546,Electronic Components,Technology,PLXS
2014Q4,2014,Q4,2014-11-17,2014-09-27,26450000.0,666223000.0,31648000.0,0.77,62639000.0,0.09402107102276565,1609026000.0,781133000.0,1230839000.0,547315000.0,827893000.0,525970000.0,766385000.0,1274014270.0,1193837270.0,23.170082757393292,2.248867653910454,0.16557470171395614,0.34106099729495487,0.027513256737079758,23.170082757393292,0.033861071033998054,1.9122940366814114,12.041722778827978,1.630982521542426,0.0,1.1475635492518586,0.0,0.4140535951563244,1.2253693028694628,0.01643851622037183,53.62238604318364,0.09402107102276565,0.08450704225352121,1.0850809065489537,1.01148727684529,0.7571529792542396,0.06905261720683357,0.07590302635860723,0.12234910277324633,0.49231120388742217,0.279860755680422,0.4448912726848798,Electronic Components,Technology,PLXS
2014Q3,2014,Q3,2014-07-31,2014-06-28,24584000.0,620505000.0,28198000.0,0.71,58593000.0,0.0944279256412116,1588315000.0,760184000.0,1208035000.0,549473000.0,828131000.0,516956000.0,739935000.0,1450930560.0,1387904560.0,22.46605786565003,2.1985338679061575,0.16828399908078687,0.35160961030487353,0.02481918386124636,22.46605786565003,0.032339538848489315,2.3383059926994947,14.75482590302636,1.9086570619744694,0.0,1.0869629136715697,0.0,0.39066872755089516,1.1983919137064059,0.015478038046609143,140.47154225965727,0.0944279256412116,0.33962264150943383,2.1116663693673288,0.9103610816801713,0.7435165159139774,0.10898078924955049,0.3277165694534457,0.48410526315789476,0.2203860967496196,0.21408088057323219,0.45238061919129546,Electronic Components,Technology,PLXS
2014Q2,2014,Q2,2014-05-01,2014-03-29,18516000.0,557616000.0,19000000.0,0.53,52835000.0,0.09475158532036383,1494742000.0,736479000.0,1116529000.0,486595000.0,758263000.0,462209000.0,715351000.0,1331351080.0,1267647080.0,21.745571040510217,2.294575571060122,0.17393704063978935,0.3530188912379036,0.020440612983098516,21.745571040510217,0.02514124638991743,2.387576898797739,17.975684273061137,1.8077244293455754,0.0,1.0921055193646165,0.0,0.37305167045550336,1.2845775234024188,0.012387422043402808,185.3216982182628,0.09475158532036383,0.03921568627450984,3.2803929505340546,0.6666123828514907,0.7327053545231117,0.025882490000388333,0.048293041952103266,-0.1268783603694683,-0.08514163908972164,0.15705277010796412,0.3772704364263042,Electronic Components,Technology,PLXS
2014Q1,2014,Q1,2014-01-31,2013-12-28,17663000.0,533905000.0,21761000.0,0.51,51502000.0,0.09646285387849898,1473414000.0,722021000.0,1093010000.0,474981000.0,751393000.0,440482000.0,696835000.0,1439596400.0,1376185400.0,21.40589979246961,2.30116573083976,0.17696655522480442,0.3611321554359222,0.01972786097752423,21.40589979246961,0.024463277383898807,2.6963530965246627,20.37587612523354,1.993842838366197,0.0,1.0951707447750418,0.0,0.3623591197043058,1.314644164713957,0.01198780519256638,-79.43039064224233,0.09646285387849898,-0.2816901408450704,0.20901238462205837,0.365149582923598,0.7336136345855956,-0.05551174604338976,-0.2780003270111184,-0.18702133223745657,-0.15346100218568307,0.13218240799429318,0.2730155050768439,Electronic Components,Technology,PLXS
2013Q4,2013,Q4,2013-11-22,2013-09-28,24464000.0,567730000.0,26767000.0,0.71,54529000.0,0.0960474169059236,1447684000.0,699301000.0,1079022000.0,471376000.0,748383000.0,404020000.0,679172000.0,1243825200.0,1163307200.0,20.745846683279932,2.289089813651947,0.18052765658803993,0.3737260492977988,0.02791140234429604,20.745846683279932,0.03498350495709287,2.1908745354305745,12.710770928711575,1.7786692711722134,0.0,1.2702366219494083,0.0,0.3921643121012597,1.3730334170598417,0.01689871546552977,18.597308692921864,0.0960474169059236,0.0441176470588234,0.6720319284205858,0.4118912978369444,0.7465302570189987,-0.017017287689506607,0.054300982589208756,0.06285736975857688,0.12108978406646605,0.245843328099029,0.3080428909539779,Electronic Components,Technology,PLXS
2013Q3,2013,Q3,2013-08-01,2013-06-29,23204000.0,571945000.0,25184000.0,0.68,55473000.0,0.09699009520146168,1444960000.0,679539000.0,1084834000.0,488733000.0,765421000.0,439583000.0,654708000.0,1010192330.0,986330330.0,20.106488741604284,2.219686413645078,0.18114134647325877,0.3851758324393449,0.027058214860959003,20.106488741604284,0.034146678851397785,1.766240337794718,10.883816691087745,1.4865847729122244,0.0,1.1749134975647375,0.0,0.3958206455542022,1.2700636134658392,0.016058576015945077,43.88896598166573,0.09699009520146168,0.30769230769230776,0.6526986307022777,0.5560814918473931,0.7843198008975417,0.066357817035428,0.290904033379694,0.08607900638261169,0.136497315447833,0.27263509796705987,0.30681696237158707,Electronic Components,Technology,PLXS
2013Q2,2013,Q2,2013-05-02,2013-03-30,17975000.0,557824000.0,23188000.0,0.52,52021000.0,0.09325701296466268,1461076000.0,669047000.0,1120558000.0,515174000.0,792029000.0,484327000.0,631504000.0,833492660.0,818667660.0,19.513708219098174,2.175105886554834,0.17910225067005411,0.39112648289283114,0.0224687988137755,19.513708219098174,0.026866572901455353,1.494185728832033,11.592387482614743,1.24579089361435,0.0,1.0443419425305631,0.0,0.38178985898064166,1.1875327559232414,0.012302577004892285,30.91360655737705,0.09325701296466268,0.10638297872340435,0.08151595250350144,0.6452285772590755,0.6756401894354414,0.01678980493334897,0.08178863745787193,0.07931483894991621,0.009479962075595084,0.3216849316020889,0.32826851991577954,Electronic Components,Technology,PLXS
2013Q1,2013,Q1,2013-02-01,2012-12-29,16616000.0,530532000.0,21484000.0,0.47,51162000.0,0.09643527628870643,1393649000.0,664515000.0,1066888000.0,450645000.0,729134000.0,480992000.0,613529000.0,881002440.0,876645440.0,19.075525318635894,2.367468850203597,0.19361116034238177,0.4060495248414257,0.021602628637979474,19.075525318635894,0.025004702677892898,1.6606018864083598,13.255332811747714,1.3257826234170786,0.0,0.9966278025414144,0.0,0.3806783487090365,1.2529618657701738,0.011922657713671089,-50.819245500692205,0.09643527628870643,22.499999999999996,-0.18802760979781324,0.5436431126173211,0.464999537030913,-0.0903563046724984,21.824175824175825,-0.21445025412263702,0.05817763467665782,0.4007629296884783,0.3739412115120667,Electronic Components,Technology,PLXS
2012Q4,2012,Q4,2012-11-19,2012-09-29,728000.0,594789000.0,27349000.0,0.02,56244000.0,0.09456126458290251,1408199000.0,649022000.0,1096537000.0,479871000.0,759177000.0,457691000.0,596913000.0,1061361600.0,1034164600.0,18.522317351598172,2.2850661948732056,0.1920339383851288,0.4166607603440253,0.0009121896221503394,18.522317351598172,0.001121687708583068,1.7844338076191726,364.4785714285714,1.6353245344533776,0.0,1.1766563030516222,0.0,0.4223756727564783,1.2937414430128098,0.0005169723881354837,48.123400589435505,0.09456126458290251,-0.9696969696969697,-0.9608719273704348,0.8702016137596446,0.5153492430027201,-0.02001986304950081,-0.9690647176305613,0.0025293255131964808,-0.9447843845385355,0.7278017093004104,0.4046797095132524,Electronic Components,Technology,PLXS
2012Q3,2012,Q3,2012-08-02,2012-06-30,23533000.0,608819000.0,27280000.0,0.66,57393000.0,0.09426939698005483,1410911000.0,638573000.0,1108760000.0,492556000.0,772338000.0,487749000.0,596185000.0,986492400.0,983264400.0,18.254330798696472,2.2510333850364224,0.19468343502885724,0.43014815847209326,0.021475447659028965,18.254330798696472,0.036852482018500624,1.6203377358459574,10.479883567755916,1.5448388829468205,0.0,1.1305528048237925,0.0,0.4315077279856773,1.1986840075037153,0.016679294441676335,43.46738929279577,0.09426939698005483,0.17857142857142852,1.0058580007353666,1.124543587671551,0.5650902360282506,0.05069200351493849,0.17912616494638742,0.05867742936976095,1.8811441634230257,0.8130325030768996,0.41665829514071784,Electronic Components,Technology,PLXS
2012Q2,2012,Q2,2012-05-03,2012-03-31,19958000.0,573470000.0,25768000.0,0.56,54624000.0,0.09525171325439866,1379347000.0,615296000.0,1077137000.0,483683000.0,764051000.0,492347000.0,572652000.0,1220241260.0,1241547260.0,17.643401961346562,2.2269482284884936,0.20231312352874223,0.45353780944456,0.01987031389790996,17.643401961346562,0.032436420844601625,2.1278205660278653,15.285114490429903,1.9831776250780113,0.0,1.0538217964159424,0.0,0.4157547013188124,1.1432777252870165,0.014469165481927318,29.48226002077847,0.09525171325439866,0.09803921568627459,1.6082578067474433,1.1136780862154338,0.5768005227615385,0.05753891427243863,0.11684387241186346,0.08442050332463598,3.4806526133015097,0.6645539243239287,0.4058410787869323,Electronic Components,Technology,PLXS
2012Q1,2012,Q1,2012-02-02,2011-12-31,17870000.0,529654000.0,23762000.0,0.51,51652000.0,0.09752026794850978,1291689000.0,581811000.0,999313000.0,424621000.0,709878000.0,456179000.0,552694000.0,947348000.0,982451000.0,16.81534682080925,2.353423405813655,0.21939259372805683,0.48707741861188597,0.024989096476504824,16.81534682080925,0.030714441631388888,1.7886167195943012,13.253329602686065,1.6282744740130384,0.0,1.0478386773612989,0.0,0.4100476198217992,1.2071258840236352,0.013834599504989204,123.56175818442676,0.09752026794850978,-0.019230769230769246,0.5798630795402794,0.858728304575032,0.5444720555834188,0.027123767101495385,-0.024723025705397587,0.07837531200363058,0.1924250078199903,0.3202274295375877,0.36183551270737113,Electronic Components,Technology,PLXS
2011Q4,2011,Q4,2011-11-17,2011-10-01,18323000.0,538130000.0,22035000.0,0.52,50288000.0,0.0934495382156728,1304525000.0,558882000.0,1008570000.0,454677000.0,745643000.0,455836000.0,534824000.0,788352240.0,833887240.0,16.035865947434868,2.218212049432894,0.22049558268335218,0.514673938326874,0.025134236043469597,16.035865947434868,0.0327850959594333,1.4649847434634753,10.756320471538505,1.4105879953192266,0.0,1.0702138488403725,0.0,0.41251030068415706,1.1571423230117204,0.01404572545562561,11.623842411017074,0.0934495382156728,-0.10344827586206887,-0.4167926263868984,0.8398973159097757,0.5750590453948657,-0.0700151644043348,-0.16864791288566244,-0.11452682338758288,0.21120863876566234,0.2943505171461221,0.35001118548070187,Electronic Components,Technology,PLXS
2011Q3,2011,Q3,2011-08-05,2011-07-02,22040000.0,559183000.0,24885000.0,0.58,54074000.0,0.09670179529778265,1312532000.0,572657000.0,1036002000.0,443489000.0,739875000.0,484041000.0,516501000.0,1290181850.0,1373320850.0,15.468436833148754,2.3360263726947004,0.22237019745042408,0.5096733297593499,0.021188584319559736,15.468436833148754,0.03848726200849723,2.307262291593271,14.63454911524501,2.252974904698624,0.0,1.0435252385645017,0.0,0.4260338033663179,1.149841371488357,0.016791971548122255,-359.58245540691195,0.09670179529778265,-0.0169491525423729,0.0877987643542049,0.7426113264505824,0.6227350754996225,-0.02516675680548044,-0.07627829002514669,-0.05774327906096176,0.43308650626446354,0.38887140148110055,0.3727229296485284,Electronic Components,Technology,PLXS
2011Q2,2011,Q2,2011-05-05,2011-04-02,23860000.0,568145000.0,26410000.0,0.59,55470000.0,0.09763352665252709,1207015000.0,630403000.0,943641000.0,450657000.0,576612000.0,499482000.0,494380000.0,1389459600.0,1387158600.0,15.788889723745836,2.093922872605995,0.10031358350973268,0.19206761389143134,0.029962430755029874,15.788889723745836,0.03784880465353115,2.445607371357664,14.558461860854987,2.204081516109536,0.0,1.0264133642453581,0.0,0.47070251819571424,0.8940613371144795,0.019767774219872993,24.043669210403365,0.09763352665252709,-0.03278688524590167,0.4388661259649916,0.8795170012419461,0.7926374867148158,0.01019850664724094,-0.04685814724563576,-0.05167151423749506,0.23277724950703513,0.43892573167778726,0.3557903946611052,Electronic Components,Technology,PLXS
2011Q1,2011,Q1,2011-02-04,2011-01-01,25033000.0,565774000.0,27849000.0,0.61,54910000.0,0.09705288684174246,1290108000.0,680474000.0,1027657000.0,478440000.0,609634000.0,521391000.0,470601000.0,1252079920.0,1227853920.0,16.81511317584264,2.1479328651450547,0.09710194805396137,0.18409520422529002,0.03350951239853755,16.81511317584264,0.036787592178393294,2.213038987298815,12.504293532537051,1.8400114038155757,0.0,0.9798097780744202,0.0,0.4385477804958965,0.9782438759301062,0.019403801852248027,-36.40719723183391,0.09705288684174246,-0.057478368355995076,0.9738414353761938,0.8693355505114718,1.0697504215303981,-0.025762038252723465,-0.059157364603299886,-0.04002068252326784,0.05303842423161569,0.4170815428684676,0.29139998014447765,Electronic Components,Technology,PLXS
2010Q4,2010,Q4,2010-11-19,2010-10-02,26607000.0,555632000.0,29010000.0,0.6472,56362000.0,0.10143764218043597,1290379000.0,651855000.0,1025991000.0,502519000.0,638524000.0,492430000.0,445568000.0,1263003000.0,1204634000.0,15.86021897810219,2.0416959358750613,0.10064872413453722,0.1992390945839182,0.03764768215156844,15.86021897810219,0.04081735968888787,2.27309262245515,11.867205998421468,1.937552062958787,0.0,1.0138902991288101,0.0,0.43059597219111595,0.9938907782591305,0.02061952341133884,914.5568428674874,0.10143764218043597,0.09694915254237294,1.6837910675034997,0.8293505942142027,1.0337501211571707,0.014653992943040253,0.0918827971109652,0.07317253625332938,0.2192008643170538,0.48948119533720985,0.29755744738121587,Electronic Components,Technology,PLXS
2010Q3,2010,Q3,2010-08-06,2010-07-03,24368000.0,536384000.0,27032000.0,0.59,55548000.0,0.10356013602195442,1219920000.0,620619000.0,966810000.0,459173000.0,599301000.0,468870000.0,418961000.0,1071754090.0,1016346090.0,15.385849220318814,2.1055462755867613,0.11049495048855662,0.21719444619001352,0.035069096078685316,15.385849220318814,0.03926402511041396,1.9981097310881757,10.995507325180565,1.7269115028705213,0.0,1.02552093330774,0.0,0.43968784838350056,1.0123983770822762,0.019975080333136597,-22.481836088269844,0.10356013602195442,0.15686274509803913,2.2187023277625424,0.838334973318364,1.0420826812299175,0.10059241940916566,0.1764024331370088,0.15580639644262015,0.8012907406962494,0.6232832342840439,0.31915229614680807,Electronic Components,Technology,PLXS
2010Q2,2010,Q2,2010-05-04,2010-04-03,20714000.0,490978000.0,23388000.0,0.51,50471000.0,0.10279686666205003,1180183000.0,585954000.0,935607000.0,451012000.0,594229000.0,430851000.0,394593000.0,1473750750.0,1379069750.0,14.691086874764949,2.074461433398668,0.11807236674312374,0.23781218320892084,0.031327894722214616,14.691086874764949,0.03535089785204982,3.001663516491574,17.7868923192044,2.515130453926418,0.0,1.0224114601103398,0.0,0.4160185327190783,1.0561692371821592,0.017551515315845086,-383.6893387138766,0.10279686666205003,0.15909090909090912,6.044930897568455,0.7454179697842546,0.8040962230324271,0.13313576255584741,0.1608383770455055,0.15656216002373652,1.3669530111711456,0.58227636376565,0.3129505021092076,Electronic Components,Technology,PLXS
2010Q1,2010,Q1,2010-02-04,2010-01-02,17844000.0,430399000.0,20222000.0,0.44,44541000.0,0.10348769397698415,1098991000.0,549618000.0,866247000.0,402084000.0,549373000.0,372753000.0,373879000.0,1127437760.0,1041040760.0,13.88380023745169,2.1543931118870683,0.13424495742003348,0.2684300732508761,0.028716907170377684,13.88380023745169,0.032466185605274936,2.6195176104033697,15.79575431517597,2.051311565487302,0.0,1.0351573293843377,0.0,0.3916310506637452,1.1635255319783926,0.0162367116746179,-49.93081310894597,0.10348769397698415,0.16556291390728478,5.44226258889413,0.6334441343444039,0.6711913696202706,0.17761679401422414,0.18556906517839347,0.36736763810940565,0.37882966896151765,0.3201352182959861,0.27521256151020046,Electronic Components,Technology,PLXS
2009Q4,2009,Q4,2009-11-18,2009-10-03,15051000.0,392975000.0,14789000.0,0.3775,37823000.0,0.09624785291685221,1022672000.0,527446000.0,798434000.0,339321000.0,495226000.0,322352000.0,356035000.0,1018800000.0,911261000.0,13.18615,2.3530344423127363,0.14749890482970102,0.2859875702915559,0.02539763422121335,13.18615,0.028535622604020126,2.592531331509638,16.922463623679487,1.931572141982307,0.0,1.1017521219040056,0.0,0.38426298950201043,1.330904954305805,0.014717328723187885,22.247455998602437,0.09624785291685221,0.6413043478260869,1.4404571910173454,0.5477094904612412,0.6156000899226833,0.09299234214708857,0.6342019543973941,0.22081888723790655,-0.58259322451277,0.17068220923963706,0.29515704979784746,Electronic Components,Technology,PLXS
2009Q3,2009,Q3,2009-08-05,2009-07-04,9210000.0,378643000.0,12114000.0,0.23,34605000.0,0.09139215567170131,976676000.0,508268000.0,758056000.0,311175000.0,468408000.0,313457000.0,340984000.0,805466900.0000001,745274900.0000001,12.885486119913804,2.4361082991885596,0.15900974325160033,0.3055494345502766,0.016400327218352183,12.885486119913804,0.018120361698946225,2.127246245143843,21.8639223669924,1.5847287257903313,0.0,1.0975604309363007,0.0,0.3876853736551323,1.3527211376235238,0.009429944014186896,54.42711669707413,0.09139215567170131,0.7692307692307693,14.090014577259476,0.503931507837959,0.43316677657172115,-0.03332588412760489,0.8317422434367542,-0.09959863237698825,-0.5733686293787322,0.10747183556171953,0.3517675067747153,Electronic Components,Technology,PLXS
2009Q2,2009,Q2,2009-05-08,2009-04-04,5028000.0,388895000.0,13454000.0,0.13,35798000.0,0.09205055349130228,984690000.0,494046000.0,766728000.0,330065000.0,490644000.0,336243000.0,331774000.0,609779340.0,566745340.0,12.550068587105624,2.3229606289670217,0.16075719261899685,0.32040741145561347,0.03127208441164937,12.550068587105624,0.010177189978261133,1.5679793774669255,30.31917959427208,1.234256202863701,0.0,1.0501244635576057,0.0,0.39494155521026925,1.2179267719994546,0.005106175547634281,23.08283832380664,0.09205055349130228,-0.6976744186046512,0.5808980289182504,0.6691563657412601,0.38734415907624264,-0.23097744360902256,-0.7048949407207419,-0.36779286687655655,-0.6924677895739887,0.30486271140695814,0.4249085150206567,Electronic Components,Technology,PLXS
2009Q1,2009,Q1,2009-02-05,2009-01-03,17038000.0,456109000.0,21281000.0,0.43,46550000.0,0.10205893766621575,1004241000.0,485716000.0,778229000.0,351573000.0,518525000.0,346219000.0,326746000.0,683283690.0,667423690.0,12.347560820601469,2.2135630438059803,0.1618446169793904,0.3346214660418846,0.029547416639645725,12.347560820601469,0.03507811148901827,1.498071053191233,10.02587877098251,1.406755573215624,0.0,1.1829477873831302,0.0,0.4541828106998221,1.1495109123851945,0.016966046994695498,26.423438261340344,0.10205893766621575,-0.008256838415056108,6.3923128801053934,1.073833089581492,0.38900533451354685,-0.06571130378933847,-0.016224955251457937,-0.07369199965178028,0.38206504069027863,0.5503274156923388,0.519845209845365,Electronic Components,Technology,PLXS
2008Q4,2008,Q4,2008-11-18,2008-09-27,17319000.0,475971000.0,22974000.0,0.43358,49824000.0,0.10467864638812029,992230000.0,473945000.0,786969000.0,347892000.0,518285000.0,340244000.0,309708000.0,865830000.0,871086000.0,11.878320802005012,2.2621072056845226,0.1725668443808391,0.36127820738693306,0.03231582020213547,11.878320802005012,0.036542214813955205,1.8190814146240002,12.49826779837173,1.8268575467617552,0.0,1.252474694630912,0.0,0.47969825544480615,1.2057362629781656,0.017454622416173668,-50.35944861280754,0.10467864638812029,0.05751219512195133,5.781275690517616,1.3546712633274256,0.3654997642320434,0.020314547837483616,-0.006482331344653511,0.021884174005871365,0.7994696735182065,0.614206586617098,0.52315276375283,Electronic Components,Technology,PLXS
2008Q3,2008,Q3,2008-08-01,2008-06-28,17432000.0,456352000.0,22482000.0,0.41,48832000.0,0.10700511885562022,1009819000.0,472846000.0,812216000.0,346789000.0,536973000.0,342309000.0,292389000.0,1192560040.0,1161831040.0,11.268433344454506,2.342104276663908,0.17406089606157144,0.3717277929812243,0.027730468326454167,11.268433344454506,0.03686612554616091,2.6132460030853375,17.103029486002754,2.5220897290026776,0.0,1.1905033171783388,0.0,0.4519146500511478,1.2906926113573383,0.01726249951724022,-144.18571394027325,0.10700511885562022,-0.14583333333333334,2.191169850377597,1.3509385681945527,0.28086521874893144,-0.05276225946617008,-0.21157847127996382,-0.18434132714145776,1.8380547415614468,0.5034749922305028,0.49559977143903444,Electronic Components,Technology,PLXS
2008Q2,2008,Q2,2008-05-08,2008-03-29,22110000.0,451049000.0,27563000.0,0.48,51552000.0,0.11429356899139562,900811000.0,531164000.0,705818000.0,331180000.0,369647000.0,312957000.0,273981000.0,1234233660.0,1116105660.0,11.645524106027056,2.1312216921311675,0.028903954325602152,0.0490187588014248,0.03680239279204499,11.645524106027056,0.04162556197332651,2.7363627011699396,13.95560447761194,2.3236395162322747,0.0,1.2765236118700014,0.0,0.5007143562856138,1.126209312156531,0.024544549300574703,38.19383134767136,0.11429356899139562,-0.17241379310344826,5.061379415635838,1.1906183118823617,0.28305093912637436,-0.07203801706447781,-0.1896646509070918,-0.1367138561763969,5.708905716427622,0.40217150485837394,0.4300947393487276,Electronic Components,Technology,PLXS
2008Q1,2008,Q1,2008-02-06,2007-12-29,27285000.0,458251000.0,31928000.0,0.58,55554000.0,0.12123050467974975,963290000.0,604792000.0,776839000.0,319185000.0,358498000.0,295537000.0,251871000.0,1261527680.0,1129476680.0,13.02084050981743,2.433820511615521,0.02750573555211826,0.043810103308244815,0.03991235417429564,13.02084050981743,0.045114684056667416,2.7529185533692235,11.558802272310793,2.0858868503551635,0.0,1.3625941929436924,0.0,0.47571447850595355,1.4477842003853565,0.028324803537875407,420.36910363212263,0.12123050467974975,0.09244330595946662,1.5576711465430577,1.020889450092165,0.4105592020546777,0.03413998510796724,0.09565112637031684,-0.018928220255653883,7.395677329107729,0.48225193531113447,0.5673170106920888,Electronic Components,Technology,PLXS
2007Q4,2007,Q4,2007-11-21,2007-09-29,24903000.0,425680000.0,32544000.0,0.53092,53720000.0,0.12619808306709265,916516000.0,573265000.0,734155000.0,307039000.0,343251000.0,275854000.0,224586000.0,1285060000.0,1157753000.0,12.223134328358208,2.3910806119092363,0.029243351998219345,0.046753246753246755,0.039007074151163404,12.223134328358208,0.04344064263473263,3.018840443525653,12.9006545396137,2.241650894438,0.0,1.3483944405373858,0.0,0.46445452125222036,1.4328310084386675,0.027171375076921734,99.6556804963164,0.12619808306709265,0.6088484848484846,41.54052941153708,0.755752326015465,0.19393585176241193,0.39452780229479256,0.6025096525096525,0.7732250858170326,1.6215515677629933,0.42986461109057506,0.49760900035511196,Electronic Components,Technology,PLXS
2007Q3,2007,Q3,2007-08-08,2007-06-30,15540000.0,379574000.0,18353000.0,0.33,38522000.0,0.10148745699125862,837202000.0,540437000.0,660755000.0,261641000.0,296765000.0,253763000.0,199683000.0,1065264639.9999999,947219639.9999999,11.663436636740332,2.5254260609002412,0.03244258852702215,0.05025747681968481,0.024757106387570862,11.663436636740332,0.028754507925993225,2.806474205293302,17.137462033462032,1.9711171514903676,0.0,1.3439784365727077,0.0,0.4533840100716434,1.4880580642942047,0.01856182856706028,154.52054540179864,0.10148745699125862,0.5000000000000001,20.43085750635864,0.4628004296551584,0.14202332627650383,0.21743252638897667,0.5298287064382753,0.6579042457091238,19.802038371892266,0.28341763470244596,0.2972463539883489,Electronic Components,Technology,PLXS
2007Q2,2007,Q2,2007-05-10,2007-03-31,10158000.0,360175000.0,11070000.0,0.22,31642000.0,0.08785173873811342,807868000.0,518023000.0,634132000.0,254860000.0,289845000.0,244129000.0,184143000.0,792124560.0,686612560.0,11.189368411957837,2.4881582045044337,0.03366143974015557,0.05249573860620088,0.01647133205624528,11.189368411957837,0.019609167932697968,2.1992769070590685,19.495091553455403,1.529130096540115,0.0,1.3457352465294987,0.0,0.4458339728767571,1.4602056030761987,0.012573836319794819,-108.42110046537093,0.08785173873811342,-0.3125,5.264825396275294,0.40908070394722146,0.10571881627117008,-0.2020678350775438,-0.3280412780313554,-0.42669221606504737,1.7157801910191517,0.31448624888742704,0.23692590222425597,Electronic Components,Technology,PLXS
2007Q1,2007,Q1,2007-02-07,2006-12-30,15117000.0,380835000.0,19309000.0,0.32,39655000.0,0.10412645896516864,793560000.0,503457000.0,621868000.0,254966000.0,290103000.0,236690000.0,173985000.0,,,,,,,,,,,,,,,,,,,,,,,,,,,,,,,Electronic Components,Technology,PLXS
