Quarters,Year,Quarter,FillingDate,Date,NetIncome,Revenue,OperatingIncome,EPSDiluted,GrossProfit,GrossProfitRatio,TotalAssets,CommonStockEquity,CurrentAssets,CurrentLiability,TotalLiability,Inventory,RetainedEarnings,MarketCap,EnterpriseValue,bookValuePerShare,currentRatio,debtToAssets,debtToEquity,roic,shareholdersEquityPerShare,roe,priceToSalesRatio,peRatio,pbRatio,payoutRatio,inventoryTurnover,dividendYield,assetTurnover,quickRatio,returnOnAssets,priceToFreeCashFlowsRatio,grossProfitMargin,epsdilutedGrowth,fiveYNetIncomeGrowthPerShare,fiveYRevenueGrowthPerShare,fiveYShareholdersEquityGrowthPerShare,grossProfitGrowth,netIncomeGrowth,operatingIncomeGrowth,threeYNetIncomeGrowthPerShare,threeYRevenueGrowthPerShare,threeYShareholdersEquityGrowthPerShare,Industry,Sector,Symbol
2023Q1,2023,Q1,2023-05-05,2023-03-31,2821000000.0,14487000000.0,2882000000.0,1.11,10561000000.0,0.7289984124,107796000000.0,46834000000.0,33402000000.0,23131000000.0,60891000000.0,5863000000.0,62039000000.0,270017820000.0,291056820000.0,18.45311268715524,1.4440361419739742,0.28522394151916586,0.6564888756031942,0.028752114476616273,18.45311268715524,0.060234018021095785,18.638629115758956,23.92926444523219,5.765422983302729,0.6568592697624955,0.6696230598669624,0.006862510037300501,0.13439274184570857,0.8993126107820674,0.02616980221900627,813.3066867469879,0.7289984123697107,-0.059322033898304954,3.0661777832612764,0.5312130693864147,0.4757236060522332,0.061513719971856465,-0.06496519721577726,0.09001512859304085,-0.12847041241681884,0.19492108710104541,0.7773670049786576,Drug Manufacturers—General,Healthcare,MRK
2022Q4,2022,Q4,2023-02-24,2022-12-31,3017000000.0,13830000000.0,2644000000.0,1.18,9949000000.0,0.7193781634,109160000000.0,45991000000.0,35722000000.0,24239000000.0,63102000000.0,5911000000.0,61081000000.0,281369200000.0,299366200000.0,18.1352523659306,1.473740665869054,0.28115610113594725,0.6673262159987824,0.029621640369508987,18.1352523659306,0.06559979126350808,20.344844540853217,23.315313225058006,6.117918723228457,0.580046403712297,0.6565724919641347,0.006219586223367732,0.1266947599853426,0.9341144436651677,0.0276383290582631,85.7571472112161,0.7193781634128705,-0.07812500000000007,4.066992938901991,0.4095553139985021,0.4242699220636626,-0.09759637188208617,-0.07112068965517242,-0.18420240666460969,0.2820832223857605,0.16670439900618153,0.7773457518297068,Drug Manufacturers—General,Healthcare,MRK
2022Q3,2022,Q3,2022-11-03,2022-09-30,3248000000.0,14959000000.0,3241000000.0,1.28,11025000000.0,0.7370145063,107081000000.0,44458000000.0,33561000000.0,22998000000.0,62557000000.0,5614000000.0,59928000000.0,218141960000.0,237414960000.0,17.551519936833795,1.4593008087659796,0.28406533371933396,0.6841963201223626,0.03929828975999273,17.551519936833795,0.07305771739619416,14.582656594692159,16.790483374384237,4.90669755724504,0.5378694581280788,0.7007481296758105,0.008008546361277765,0.1396979856370411,0.9013827289329507,0.030332178444355207,48.735915996425376,0.7370145063172672,-0.17419354838709677,63.44216344255824,0.5597767770513963,0.2513855591859903,0.062445793581960105,-0.17647058823529413,-0.24116132053383282,0.720640781087852,0.2151846339353844,0.6682305926703797,Drug Manufacturers—General,Healthcare,MRK
2022Q2,2022,Q2,2022-08-05,2022-06-30,3944000000.0,14593000000.0,4271000000.0,1.55,10377000000.0,0.7110943603,107095000000.0,43243000000.0,32116000000.0,23168000000.0,63777000000.0,5535000000.0,58437000000.0,230751270000.0,252739270000.0,17.085341762149348,1.3862223756906078,0.2956533918483589,0.7322109936868395,0.05018154512068319,17.085341762149348,0.0912055130310108,15.812462824641951,14.626728575050711,5.336153134611382,0.4487829614604463,0.7616982836495032,0.007670597002564709,0.13626219711471124,0.8533753453038674,0.036827116111863296,72.72337535455405,0.7110943603097375,-0.08823529411764701,1.1837733998472386,0.583466337533298,0.18069906541844408,-0.013686911890504704,-0.08428140236823775,-0.06234906695938529,0.49804440914206904,0.25845098184034987,0.5869213021260594,Drug Manufacturers—General,Healthcare,MRK
2022Q1,2022,Q1,2022-05-05,2022-03-31,4307000000.0,15901000000.0,4555000000.0,1.7,10521000000.0,0.6616564996,106668000000.0,40883000000.0,31184000000.0,22316000000.0,65715000000.0,5774000000.0,56252000000.0,207422400000.0,230660400000.0,16.172072784810126,1.397383043556193,0.29806502418719766,0.7776826553824328,0.0555316579619194,16.172072784810126,0.10534941173592936,13.04461354631784,12.039842117483166,5.073561137881271,0.4051543998142559,0.9317630758572913,0.0084127847329893,0.1490700116248547,0.8404732030829898,0.0403776202797465,54.91723590150914,0.6616564995912206,0.1258278145695364,2.0102713794966394,0.8271371218473932,0.11249663703685675,0.09059811340313051,0.12630753138075315,0.12413622902270484,0.5097172686423886,0.5021630290236776,0.5168893453341026,Drug Manufacturers—General,Healthcare,MRK
2021Q4,2021,Q4,2022-02-25,2021-12-31,3824000000.0,13521000000.0,4052000000.0,1.51,9647000000.0,0.7134827306,105694000000.0,38184000000.0,30266000000.0,23872000000.0,67437000000.0,5953000000.0,53696000000.0,193669280000.0,218675280000.0,15.110407597942224,1.2678451742627346,0.31318712509697805,0.8669076052796983,0.05560545561655313,15.110407597942224,0.10014665828619317,14.323591450336513,12.661433054393305,5.07200083804735,0.42965481171548114,0.6507643205106669,0.00848353440463041,0.12792589929418888,0.7257875335120644,0.036179915605426986,50.658979858749674,0.7134827305672657,-0.16111111111111112,7.9908175405306725,0.4540186433287477,0.03608188616669766,-0.005873866446826051,-0.16268885482811474,-0.17692463944749137,1.1473499868485493,0.2613005789843936,0.46715970999830786,Drug Manufacturers—General,Healthcare,MRK
2021Q3,2021,Q3,2021-11-05,2021-09-30,4567000000.0,13154000000.0,4923000000.0,1.8,9704000000.0,0.7377223658202828,93494000000.0,35794000000.0,31058000000.0,23728000000.0,57631000000.0,7976000000.0,51691000000.0,190028300000.0,206453300000.0,14.147826086956522,1.3089177343223197,0.2828095920593835,0.7386992233335196,0.06866343223104932,14.147826086956522,0.12759121640498408,14.446426942374943,10.40224983577841,5.308942839582053,0.3610685351434202,0.43254764292878634,0.008677654854566398,0.1406935204398143,0.7833361429534726,0.04884805442060453,52.4216,0.7377223658202828,1.9508196721311475,1.2825918005175985,0.3627994538938958,-0.106814598598168,0.16943841889611955,1.9559870550161813,1.9027122641509433,1.4612268818348033,0.28065064748253493,0.1601808212062126,Drug Manufacturers—General,Healthcare,MRK
2021Q2,2021,Q2,2021-08-09,2021-06-30,1545000000.0,11402000000.0,1696000000.0,0.61,8298000000.0,0.7277670584108051,90688000000.0,33294000000.0,28665000000.0,21906000000.0,57300000000.0,7911000000.0,48777000000.0,196991410000.0,214937410000.0,13.144097907619424,1.308545603944125,0.29244221947776994,0.7965699525440019,0.020047680503528863,13.144097907619424,0.0464047576139845,17.276917207507456,31.875632686084142,5.916724034360545,1.0828478964401294,0.39236506130704085,0.008492756105456578,0.12572776993648554,0.7494750296722359,0.017036432604093155,126.60116323907455,0.7277670584108051,-0.512,0.399909400353508,0.2646429421506894,-0.16157302276478155,-0.013317479191438763,-0.5139981126140296,-0.48792270531400966,-0.045935235079724496,0.14848333647235376,0.07889245767391233,Drug Manufacturers—General,Healthcare,MRK
2021Q1,2021,Q1,2021-05-05,2021-03-31,3179000000.0,12080000000.0,3312000000.0,1.25,8410000000.0,0.6961920529801324,90847000000.0,26945000000.0,26909000000.0,26361000000.0,63808000000.0,8577000000.0,48888000000.0,195138205856.23,219410205856.23,10.644712248355868,1.0207882857251243,0.34401796426959613,1.1598812395620708,0.052372219071891254,10.644712248355868,0.11798107255520504,16.15382498809851,15.345879667838156,7.242093370058638,0.5174583202264863,0.4278885391162411,0.008429922745174618,0.13297081906942443,0.5772163423238875,0.034992900150802995,297.0140119577321,0.6961920529801324,2.524390243902439,2.0917429453408944,0.41934947026660263,-0.3270079063460671,0.2045259238040676,2.518147086914995,2.707216494845361,3.5943191494555577,0.28018123567247344,-0.14872610324075547,Drug Manufacturers—General,Healthcare,MRK
2020Q4,2020,Q4,2021-02-25,2020-12-31,-2094000000.0,12515000000.0,-1940000000.0,-0.82,6982000000.0,0.5578905313623652,91588000000.0,25317000000.0,27764000000.0,27327000000.0,66184000000.0,6310000000.0,47362000000.0,206972472648.6,230701472648.6,10.005826250701693,1.0159915102279797,0.34710879154474383,1.2557175020737055,-0.03564113396678246,10.005826250701693,-0.08271122170873327,16.537952269165004,-24.710180593194842,8.175236902026306,-0.7363896848137536,0.8768621236133122,0.007450266116393282,0.13664453858584094,0.6110440223954331,-0.022863257195265756,83.0547643052167,0.5578905313623652,-1.7068965517241381,-3.3558292956280984,0.3466483008434971,-0.3771267732252929,-0.23020948180815876,-1.7120027201632098,-1.6006191950464397,-1.1335563029724696,0.2784412109323721,-0.2141825717825809,Drug Manufacturers—General,Healthcare,MRK
2020Q3,2020,Q3,2020-11-05,2020-09-30,2941000000.0,12551000000.0,3230000000.0,1.16,9070000000.0,0.722651581547287,89800000000.0,29186000000.0,26577000000.0,20405000000.0,60530000000.0,8209000000.0,51107000000.0,209843602949.4,231228602949.4,11.537062202385913,1.302474883606959,0.3200556792873051,0.9847529637497431,0.047903359394581825,11.537062202385913,0.10076749126293429,16.719273599665364,17.837776517290038,7.189871957424794,0.5253315198911934,0.42404677792666584,0.007362626157217425,0.1397661469933185,0.7732418524871355,0.03275055679287305,319.3966559351598,0.722651581547287,-0.0169491525423729,0.7841007565109507,0.3802082585096592,-0.2908163880747241,0.17593673019577338,-0.02031978680879414,0.00560398505603985,57.61255967195053,0.31037036671285767,-0.17743231996689018,Drug Manufacturers—General,Healthcare,MRK
2020Q2,2020,Q2,2020-08-05,2020-06-30,3002000000.0,10872000000.0,3212000000.0,1.18,7713000000.0,0.7094370860927153,90615000000.0,27642000000.0,29343000000.0,22178000000.0,62871000000.0,7977000000.0,49724000000.0,195580594459.91,215351594459.91,10.929283991097364,1.323067905131211,0.34071621696187165,1.1169235221763982,0.046951355405868644,10.929283991097364,0.1086028507343897,17.989385068056475,16.287524521977847,7.075486377972288,0.5253164556962026,0.39601353892440766,0.008063172138088846,0.11998013573911603,0.8422761294977005,0.03312917287424819,72.46409576135976,0.7094370860927153,-0.06349206349206354,3.879036729886872,0.240591354830922,-0.33551897936300074,-0.11801029159519726,-0.06741223982603294,-0.19316754584275309,0.6633963599891667,0.1805600700376021,-0.24472126026947771,Drug Manufacturers—General,Healthcare,MRK
2020Q1,2020,Q1,2020-05-06,2020-03-31,3219000000.0,12057000000.0,3981000000.0,1.26,8745000000.0,0.7253048021895994,84913000000.0,26205000000.0,26174000000.0,23483000000.0,58613000000.0,7476000000.0,48272000000.0,194197585456.32,214770585456.32,10.382274811823022,1.1145935357492653,0.32972571926560124,1.068422056859378,0.0616005882658495,10.382274811823022,0.12283915283342874,16.10662564952476,15.082136180205033,7.410707325179164,0.48182665424044735,0.44301765650080255,0.007986711041517349,0.14199239221320645,0.66490652812673,0.037909389610542556,-696.048693391828,0.7253048021895994,0.3695652173913043,2.7850837257563947,0.43352514935992426,-0.385217075672272,0.06659348701061105,0.3662988115449915,0.44134685010861696,1.2533942416850226,0.38762268243950554,-0.28579063632496593,Drug Manufacturers—General,Healthcare,MRK
2019Q4,2019,Q4,2020-02-26,2019-12-31,2356000000.0,11868000000.0,2762000000.0,0.92,8199000000.0,0.6908493427704753,84397000000.0,25907000000.0,27483000000.0,22220000000.0,58396000000.0,5978000000.0,46602000000.0,230923507564.7,247593507564.7,10.203559069618885,1.2368586858685868,0.3121674941052407,1.016945227158683,0.044752399892036464,10.203559069618885,0.09094067240514146,19.457659889172565,24.50376778063455,8.913556473721389,0.5963497453310697,0.6137504182000669,0.006084265802200099,0.14062111212483855,0.7753375337533753,0.027915684206784603,63.14561322523927,0.6908493427704753,0.2432432432432433,-0.6400269467010299,0.2656154992346703,-0.4047087973000243,-0.024741287022719164,0.23934771173066807,0.056618209640397855,5.286720517067933,0.2702186931130088,-0.30036812985086286,Drug Manufacturers—General,Healthcare,MRK
2019Q3,2019,Q3,2019-11-05,2019-09-30,1901000000.0,12397000000.0,2614000000.0,0.74,8407000000.0,0.6781479390175043,83331000000.0,26838000000.0,26142000000.0,20684000000.0,56406000000.0,7370000000.0,45804000000.0,214733804873.40002,232952804873.40002,10.521039485757557,1.2638754592922066,0.3130647658134428,0.9720545495193382,0.040130457811672994,10.521039485757557,0.0708324018183173,17.321432997773655,28.239585070147296,8.001110547484911,0.7332982640715413,0.5413839891451832,0.006491758485916349,0.14876816550863425,0.7957841810094759,0.02281263875388511,65.72813127438017,0.6781479390175043,-0.28155339805825247,1.3821087866599515,0.31697820918550385,-0.33444540584303456,0.005742313673884436,-0.28801498127340824,-0.24407171775592829,-0.05765836170963051,0.27385424213799436,-0.3357821322871223,Drug Manufacturers—General,Healthcare,MRK
2019Q2,2019,Q2,2019-08-06,2019-06-30,2670000000.0,11760000000.0,3458000000.0,1.03,8359000000.0,0.7107993197278911,83965000000.0,27635000000.0,24298000000.0,20085000000.0,56228000000.0,5847000000.0,45295000000.0,217535878114.5,237463878114.5,10.766344707364794,1.2097585262633805,0.31664383969511106,0.9620770761715216,0.05174001456333717,10.766344707364794,0.09661660937217297,18.497948819260206,20.368527913342696,7.871752419558531,0.5498127340823971,0.5816658115272789,0.006748312107059959,0.14005835764902042,0.7502613890963405,0.031798963853986784,94.49864383774978,0.7107993197278911,-0.08035714285714292,0.5051402740387468,0.21504310315012667,-0.35441330637449353,0.07663575476558475,-0.08404802744425385,0.014671361502347418,1.3874083520579497,0.2871768226788382,-0.31324356282863897,Drug Manufacturers—General,Healthcare,MRK
2019Q1,2019,Q1,2019-05-08,2019-03-31,2915000000.0,10816000000.0,3408000000.0,1.12,7764000000.0,0.7178254437869822,82354000000.0,27539000000.0,25351000000.0,18543000000.0,54684000000.0,5712000000.0,44065000000.0,215169832126.19998,232989832126.19998,10.661339823207832,1.3671466321522947,0.31444738567646985,0.9403391553796434,0.05951543686281023,10.661339823207832,0.10584988561676169,19.89366051462648,18.4536734242024,7.813276884643596,0.48987993138936536,0.5343137254901961,0.006636618088554621,0.13133545425844526,0.8847543547430298,0.035395973480340966,290.3776411959514,0.7178254437869822,0.6231884057971018,0.9389963709076183,0.19512369148781725,-0.3750314203097127,0.007134518095732261,0.595511767925561,0.1949509116409537,1.7781730371173923,0.245365890805218,-0.3259566589143913,Drug Manufacturers—General,Healthcare,MRK
2018Q4,2018,Q4,2019-02-27,2018-12-31,1827000000.0,10998000000.0,2852000000.0,0.69,7709000000.0,0.7009456264775413,82637000000.0,26701000000.0,25875000000.0,22206000000.0,55755000000.0,5440000000.0,42579000000.0,198097474680.63,215246474680.63,10.299088432546755,1.16522561469873,0.3039074506576957,0.9405640238193326,0.037582424651806105,10.299088432546755,0.06842440358039024,18.01213626846972,27.10693413801724,7.419103205146998,0.69896004378763,0.6045955882352941,0.006446321448866331,0.13308808403015598,0.7175988471584257,0.022108740636760774,74.38883765701465,0.7009456264775413,-0.05479452054794526,1.641554896996223,0.09708282376762416,-0.39413530561380467,0.07442508710801393,-0.06307692307692307,0.07057057057057058,1.006024500594739,0.15496172928011084,-0.3588708934088695,Drug Manufacturers—General,Healthcare,MRK
2018Q3,2018,Q3,2018-11-06,2018-09-30,1950000000.0,10794000000.0,2664000000.0,0.73,7175000000.0,0.6647211413748378,85130000000.0,32422000000.0,26836000000.0,18586000000.0,52474000000.0,5416000000.0,42189000000.0,190179628995.88,205945628995.88,12.19450091602735,1.443882492198429,0.2771290966756725,0.7276540620566282,0.03494243029968854,12.19450091602735,0.060144346431435444,17.619013247719103,24.382003717420513,5.865758713092345,0.658974358974359,0.668205317577548,0.006756769937898227,0.12679431457770468,0.9501237490584311,0.022906143545166218,88.86898551209346,0.6647211413748378,0.1587301587301587,0.909920330922972,0.07714733727656604,-0.2472784288742476,0.018019296254256526,0.14235500878734622,0.17563989408649602,0.12554415607879735,0.1294116911380129,-0.250403607647544,Drug Manufacturers—General,Healthcare,MRK
2018Q2,2018,Q2,2018-08-07,2018-06-30,1707000000.0,10465000000.0,2266000000.0,0.63,7048000000.0,0.67348303870043,85040000000.0,32529000000.0,24064000000.0,18128000000.0,52274000000.0,5178000000.0,41523000000.0,162071546122.2,180099546122.2,12.182954671828965,1.3274492497793469,0.27443555973659456,0.7174521196470841,0.0333662603456528,12.182954671828965,0.05247625195978973,15.487008707329194,23.73631314033392,4.982370995794522,0.7680140597539543,0.6599073001158748,0.00808902013565985,0.12305973659454375,0.8208848190644307,0.02007290686735654,57.90337482036442,0.67348303870043,1.3333333333333333,1.065055549969405,0.041785549131689984,-0.24940871410761836,0.02845469137603969,1.3192934782608696,0.9721496953872933,1.627946915651435,0.13114480920725824,-0.2592980325787665,Drug Manufacturers—General,Healthcare,MRK
2018Q1,2018,Q1,2018-05-08,2018-03-31,736000000.0,10037000000.0,1149000000.0,0.27,6853000000.0,0.6827737371724619,86041000000.0,33668000000.0,24085000000.0,16960000000.0,52140000000.0,5382000000.0,41107000000.0,146659460932.01,165732460932.01,12.50445043467177,1.4201061320754718,0.27377645541079254,0.699655459189735,0.011062104079864585,12.50445043467177,0.021860520375430677,14.611882129322508,49.81639297962296,4.356049095046037,1.764945652173913,0.5916016350798959,0.008857253338754631,0.1166536883578759,0.8603183962264151,0.008554061435827105,208.02760415887946,0.6827737371724619,1.8349594426181854,-0.4822278353843863,0.05408459124808687,-0.28849076457504325,-0.02476163369859115,1.7036328871892925,-0.4697738809413936,-0.18871907862561038,0.1186878326125179,-0.25955315721518735,Drug Manufacturers—General,Healthcare,MRK
2017Q4,2017,Q4,2018-02-27,2017-12-31,-1046000000.0,10433000000.0,2167000000.0,-0.323369,7027000000.0,0.6735358957155181,87872000000.0,34336000000.0,24766000000.0,18614000000.0,53303000000.0,5096000000.0,41350000000.0,151738335182.16,170056335182.16,12.733016463377918,1.330503921779306,0.2777904224326293,0.7109156570363467,-0.020377513230346055,12.733016463377918,-0.030463653308480894,14.54407506778108,-36.266332500516256,4.419219920263281,-1.2265774378585086,0.6683673469387755,0.008455345173385316,0.11872951565914057,0.8257762974105513,-0.011903678077203205,45.981313691563635,0.6735358957155181,-15.16845,-2.2943928071489115,-0.0023141878639232295,-0.27313849271456475,-0.003403772514536945,-17.678571428571427,7.116104868913857,-1.1504781462949214,0.047563835021705005,-0.2571363940008093,Drug Manufacturers—General,Healthcare,MRK
2017Q3,2017,Q3,2017-11-07,2017-09-30,-56000000.0,10325000000.0,267000000.0,-0.02,7051000000.0,0.682905569007264,91676000000.0,38248000000.0,27919000000.0,19467000000.0,53177000000.0,5263000000.0,43701000000.0,174609810000.0,193703810000.0,14.025669233590026,1.4341706477628808,0.2944609276146429,0.7057885379627693,-0.0010435602286835365,14.025669233590026,-0.0014641288433382138,16.911361743341406,-779.508080357143,4.56520105626438,-22.910714285714285,0.6220786623598707,0.007347811672207879,0.11262489637418735,0.9691272409719012,-0.0006108468955888128,-108.31874069478908,0.682905569007264,-1.028169014084507,-1.0361584841938984,0.0033739366903988753,-0.23404296026756488,0.029343065693430658,-1.0287769784172662,-0.8997371385655276,-1.065640799378858,0.026026099744419155,-0.11274464779088317,Drug Manufacturers—General,Healthcare,MRK
2017Q2,2017,Q2,2017-08-08,2017-06-30,1946000000.0,9930000000.0,2663000000.0,0.71,6850000000.0,0.6898288016112789,92804000000.0,39463000000.0,28167000000.0,18758000000.0,53092000000.0,5407000000.0,45046000000.0,174781683446.11002,191882683446.11002,14.470530436215972,1.5015993176244802,0.26816732037412183,0.6306413602615107,0.033103055661481244,14.470530436215972,0.04931201378506449,17.601377990544815,22.45396755474178,4.42900143035527,0.671634121274409,0.5696319585722212,0.007477900282399923,0.10699969828886687,1.0345452606887728,0.020968923753286496,59.77485753970931,0.6898288016112789,0.2678571428571427,0.20941289463817472,-0.10118985542569368,-0.20327163967988332,0.06714441501791556,0.2546744036105738,0.2038878842676311,0.032509587604663596,-0.03435131527987523,-0.1322977154044234,Drug Manufacturers—General,Healthcare,MRK
2017Q1,2017,Q1,2017-05-09,2017-03-31,1551000000.0,9434000000.0,2212000000.0,0.56,6419000000.0,0.6804112783548866,96561000000.0,39837000000.0,31530000000.0,19823000000.0,56473000000.0,5146000000.0,44387000000.0,174127295878.74,190893295878.74,14.536738580967368,1.5905766029359834,0.29488095607957665,0.71476265783066,0.025154930572038766,14.536738580967368,0.038933654642668875,18.457419533468304,28.066940019139263,4.370994198326681,0.8343004513217279,0.58589195491644,0.007431344944913892,0.09769989954536511,1.1257125561216768,0.016062385435113555,-3285.4206769573584,0.6804112783548866,3.6127058823529414,-0.009397659712446813,-0.10731515662441424,-0.1939385595383258,-0.053663570691434466,3.6067226890756303,5.819172113289761,-0.027550696946251355,-0.01744067098361765,-0.14785524006094,Drug Manufacturers—General,Healthcare,MRK
2016Q4,2016,Q4,2017-02-28,2016-12-31,-595000000.0,10115000000.0,-459000000.0,-0.21433717579250722,6783000000.0,0.6705882352941176,95377000000.0,40088000000.0,30614000000.0,17204000000.0,55069000000.0,4866000000.0,44133000000.0,161817812926.13998,180144812926.13998,14.584182775212687,1.7794698907230877,0.2604611174601843,0.6196866892835762,-0.003060170994222505,14.584182775212687,-0.014842346836958691,15.997806517660898,-67.99067770005882,4.0365648804165835,-2.1361344537815126,0.6847513357994246,0.007854512287717882,0.10605282195917255,1.2415136014880261,-0.006238401291716033,52.52119861283349,0.6705882352941176,-1.2747912510160349,-1.435337680430893,-0.08980643095854274,-0.186526284288539,-0.04826715307983724,-1.2724358974358974,-1.1495114006514657,-1.8113990732039578,-0.048326369705923126,-0.1420559695309194,Drug Manufacturers—General,Healthcare,MRK
2016Q3,2016,Q3,2016-11-07,2016-09-30,2184000000.0,10536000000.0,3070000000.0,0.78,7127000000.0,0.6764426727410782,98335000000.0,43744000000.0,29440000000.0,15555000000.0,54378000000.0,5244000000.0,46028000000.0,172355274743.08,189591274743.08,15.839741743149704,1.8926390228222436,0.25568719174251286,0.5747759692757864,0.033775488377931165,15.839741743149704,0.049926847110460866,16.35870109558466,19.729312585059525,3.9400894921150327,0.5833333333333334,0.6500762776506483,0.0073917087939378585,0.10714394671276758,1.3134683381549341,0.022209793054355012,67.27372160151444,0.6764426727410782,0.8139534883720931,0.4348954363698698,-0.02575762074447497,-0.11809925369115733,0.13740823491860837,0.812448132780083,0.8527459263729632,1.0593902333148242,0.012217484367089646,-0.022271155397642663,Drug Manufacturers—General,Healthcare,MRK
2016Q2,2016,Q2,2016-08-08,2016-06-30,1205000000.0,9844000000.0,1657000000.0,0.43,6266000000.0,0.6365298659081674,96475000000.0,43357000000.0,27926000000.0,14918000000.0,53029000000.0,5248000000.0,45121000000.0,159327799468.46,177005799468.46,15.677093252608786,1.8719667515752783,0.2517336097434569,0.5601402311045506,0.019691468837806494,15.677093252608786,0.0277925133196485,16.185270161363267,33.05556005569709,3.6747883725456094,1.0788381742738589,0.6817835365853658,0.008159279198840273,0.1020367970976937,1.2568708942217455,0.012490282456594972,128.49016086166128,0.6365298659081674,0.07499999999999993,-0.3363209105933645,-0.09688890047915774,-0.12907824568250173,0.09163763066202091,0.07111111111111111,-0.06012478729438457,0.40737446104108777,-0.053904225867351635,-0.03413499430151978,Drug Manufacturers—General,Healthcare,MRK
2016Q1,2016,Q1,2016-05-09,2016-03-31,1125000000.0,9312000000.0,1763000000.0,0.4,5740000000.0,0.6164089347079038,98755000000.0,43806000000.0,28772000000.0,17568000000.0,54854000000.0,5102000000.0,45192000000.0,146537033886.09998,162590033886.09998,15.816994506668912,1.6377504553734061,0.2609386866487773,0.5882527507647354,0.017631591524190676,15.816994506668912,0.025681413504999317,15.736365322820015,32.56378530802222,3.3451361431333604,1.1368888888888888,0.7001176009408075,0.008728169023771415,0.09429395979950382,1.1266507285974499,0.011391828261860158,77.98671308467269,0.6164089347079038,0.142857142857143,0.20158570413802065,-0.10417960328218168,-0.1026766061953623,-0.09819324430479183,0.15148413510747186,-0.09682377049180328,-0.23059238332432497,-0.049269159713130714,-0.10000541591525419,Drug Manufacturers—General,Healthcare,MRK
2015Q4,2015,Q4,2016-02-26,2015-12-31,977000000.0,10215000000.0,1952000000.0,0.35,6365000000.0,0.6231032794909447,101779000000.0,44676000000.0,29764000000.0,19203000000.0,57012000000.0,4700000000.0,45348000000.0,146899184815.86002,164889184815.86002,16.063985126656913,1.5499661511222205,0.26050560528203265,0.5934730056406124,0.032997584481186774,16.063985126656913,0.02186856477750918,14.38073272793539,37.58935128348516,3.2881006539497717,1.292732855680655,0.8191489361702128,0.008597733211271299,0.1003645152732882,1.0368692391813779,0.00959922970357343,39.13137581669153,0.6231032794909447,-0.45312500000000006,3.034914441446142,-0.06459986056163394,-0.09011757617151141,0.008396704689480354,-0.4649507119386637,-0.1658119658119658,0.17226657183515887,-0.05284649525910229,-0.08299086271069851,Drug Manufacturers—General,Healthcare,MRK
2015Q3,2015,Q3,2015-11-05,2015-09-30,1826000000.0,10073000000.0,2340000000.0,0.64,6312000000.0,0.6266256328799762,101232000000.0,45587000000.0,28567000000.0,17583000000.0,55553000000.0,5123000000.0,45660000000.0,138402360176.96,157521360176.96,16.268089121610345,1.6246943070010806,0.26342460881934565,0.5849693991708163,0.02473855183318839,16.268089121610345,0.040055278917235176,13.739934495876103,18.948844493012047,3.0360050053076537,0.696604600219058,0.7341401522545383,0.009190594715101913,0.09950410937253043,1.0523232667917874,0.018037774616721985,46.3039010294279,0.6266256328799762,1.6666666666666667,4.868261202447142,-0.004838459625655844,-0.09872843038307169,0.04659260487481346,1.6579330422125182,0.3471502590673575,0.14737036941657308,-0.047396314820760635,-0.11158197315461385,Drug Manufacturers—General,Healthcare,MRK
2015Q2,2015,Q2,2015-08-06,2015-06-30,687000000.0,9785000000.0,1737000000.0,0.24,6031000000.0,0.6163515585079203,102582000000.0,46448000000.0,28319000000.0,17508000000.0,55944000000.0,5306000000.0,45103000000.0,160767801246.01,180397801246.01,16.447849752909566,1.6174891478181403,0.25883683297264626,0.5716500172235618,0.020285787034679433,16.447849752909566,0.014790733723734068,16.430025676648953,58.50356668340976,3.4612427068121345,1.8951965065502183,0.7075009423294384,0.008098636604525394,0.0953871049501862,1.0212474297464016,0.006697081359302802,69.47614574157735,0.6163515585079203,-0.27272727272727276,0.006956031534119583,-0.04893735285146368,-0.07256994650741758,0.029883879781420764,-0.27911857292759706,0.1442687747035573,-0.5876782410056285,-0.14468260390725865,-0.09440304056648811,Drug Manufacturers—General,Healthcare,MRK
2015Q1,2015,Q1,2015-05-07,2015-03-31,953000000.0,9425000000.0,1518000000.0,0.33,5856000000.0,0.6213262599469496,108345000000.0,47765000000.0,32927000000.0,20442000000.0,60428000000.0,5539000000.0,45692000000.0,162575769313.08,184829769313.08,16.887708491865084,1.6107523725662851,0.27905302505883983,0.6329739348895634,0.013500646543687003,16.887708491865084,0.0199518475871454,17.249418494756497,42.64841797300105,3.403658940920758,1.3431269674711437,0.6443401335981224,0.007873251994490288,0.08699063177811621,1.0894726543391058,0.008795975817988832,78.12386800244113,0.6213262599469496,-0.8700787401574803,2.5156001430586694,-0.09046636406193662,-0.09033249281694676,-0.13025397296895885,-0.8697375615090214,-0.0045901639344262295,-0.4102593836394985,-0.13589954282210542,-0.06357739342769751,Drug Manufacturers—General,Healthcare,MRK
2014Q4,2014,Q4,2015-02-27,2014-12-31,7316000000.0,10482000000.0,1525000000.0,2.54,6733000000.0,0.6423392482350696,98335000000.0,48647000000.0,33173000000.0,18766000000.0,49544000000.0,5571000000.0,46021000000.0,161177981730.84,175139981730.84,17.140449956827997,1.7677182137908984,0.21765393806884628,0.4399654654963307,0.013505206406082573,17.140449956827997,0.15038954097888874,15.376643935397825,5.507722175056042,3.3132152389836986,0.18261344997266266,0.6729492012206068,0.008288973379943795,0.10659480347790716,1.1907172546094,0.07439873900442365,-60.73021165442351,0.6423392482350696,7.193548387096774,-0.16302773888471186,-0.2282694457095217,-0.3878742422034961,0.0629933691190401,7.174301675977653,-0.10294117647058823,4.18419628762032,-0.08649594885110308,-0.04394330966248599,Drug Manufacturers—General,Healthcare,MRK
2014Q3,2014,Q3,2014-11-10,2014-09-30,895000000.0,10557000000.0,1700000000.0,0.31,6334000000.0,0.599981055224022,101808000000.0,45224000000.0,34723000000.0,25927000000.0,56448000000.0,5819000000.0,39989000000.0,169590766282.08002,186061766282.08002,15.807928572838096,1.3392602306475874,0.273465739431086,0.615624447196179,0.013148171367133338,15.807928572838096,0.01979037679108438,16.06429537577721,47.371722425162005,3.7500169441464712,1.4324022346368714,0.7257260697714384,0.007559373827391355,0.1036951909476662,0.8046438076136846,0.008791057677196292,42.10297077509434,0.599981055224022,-0.5441176470588236,-0.8073121221822585,0.28650016678775475,0.455459512859399,0.04850190365833471,-0.5533932135728543,0.21082621082621084,-0.43236777268259147,-0.05765882910637027,-0.11987049839294615,Drug Manufacturers—General,Healthcare,MRK
2014Q2,2014,Q2,2014-08-07,2014-06-30,2004000000.0,10934000000.0,1404000000.0,0.68,6041000000.0,0.5524967989756722,97860000000.0,48358000000.0,33587000000.0,17928000000.0,49344000000.0,6136000000.0,40366000000.0,167748244557.4,181072244557.4,16.67683800436284,1.873438197233378,0.2357142857142857,0.4770048389097978,0.021133075691330837,16.67683800436284,0.041440919806443606,15.341891764898481,20.926677215244514,3.468883009169114,0.6681636726546906,0.7974250325945241,0.007982199775222219,0.1117310443490701,1.1388331102186524,0.020478234212139793,83.33246128037754,0.5524967989756722,0.19298245614035106,-0.06301587198629659,0.3485350954736201,0.7313243288463911,-0.05030655557302311,0.175366568914956,-0.3161227471992207,0.05270786282530041,-0.04327371383499007,-0.07353864793708037,Drug Manufacturers—General,Healthcare,MRK
2014Q1,2014,Q1,2014-05-08,2014-03-31,1705000000.0,10264000000.0,2053000000.0,0.57,6361000000.0,0.6197388932190179,108460000000.0,49975000000.0,41240000000.0,22470000000.0,55896000000.0,6376000000.0,39661000000.0,166309896898.18002,178629896898.18002,17.059001315700097,1.8353360035603026,0.2595242485709017,0.5632416208104052,0.02175469867064465,17.059001315700097,0.03411705852926463,16.203224561397118,24.38561538096481,3.327861868898049,0.7565982404692082,0.6121392722710163,0.007756603930731658,0.09463396643924027,1.232799287939475,0.015720081135902637,77.13817110305196,0.6197388932190179,1.192307692307692,-0.13877068166470177,0.3719051711659543,0.8387667195951274,-0.05243557276925369,1.1830985915492958,0.08280590717299578,0.7216190061559488,-0.06651991395876201,-0.03221557363077279,Drug Manufacturers—General,Healthcare,MRK
2013Q4,2013,Q4,2014-02-27,2013-12-31,781000000.0,11320000000.0,1896000000.0,0.26,6713000000.0,0.5930212014134275,105645000000.0,49765000000.0,35685000000.0,17868000000.0,53319000000.0,6226000000.0,39257000000.0,146522712035.69998,155961712035.69998,16.998990909976715,1.9971457353928812,0.2372095224572862,0.5035667637898121,0.0168582747499267,16.998990909976715,0.015693760675173314,12.943702476651941,46.90227657992957,2.944292415064804,1.7669654289372598,0.7399614519755863,0.009418335088308805,0.10715130862795211,1.3806805462278935,0.007392683042264187,56.419989232075466,0.5930212014134275,-0.3157894736842105,-0.6547682542944234,0.36436032976547755,0.9288716009385414,-0.031033487297921478,-0.30516014234875444,-0.2308316430020284,2.5453353745541545,-0.0152508641923429,-0.03715778308698398,Drug Manufacturers—General,Healthcare,MRK
2013Q3,2013,Q3,2013-11-07,2013-09-30,1124000000.0,11032000000.0,2465000000.0,0.38,6928000000.0,0.6279912980420594,106419000000.0,47419000000.0,37765000000.0,18215000000.0,56413000000.0,6741000000.0,39773000000.0,139351543000.0,151884543000.0,16.200546634779638,2.073291243480648,0.25017149193283156,0.5614416162297813,0.025105378825752863,16.200546634779638,0.023703578734262636,12.631575688905004,30.994560275800712,2.938727999325165,1.1201067615658362,0.6088117489986649,0.009034704409408656,0.10366569879438822,1.4135053527312655,0.010562023698775595,38.77338425153033,0.6279912980420594,0.2666666666666667,-0.2519746771826034,0.349688945932132,0.7619367182120718,0.030032708890871247,0.24061810154525387,0.6599326599326599,2.4582526798730115,0.043447854693174345,-0.10247036483318958,Drug Manufacturers—General,Healthcare,MRK
2013Q2,2013,Q2,2013-08-07,2013-06-30,906000000.0,11010000000.0,1485000000.0,0.3,6726000000.0,0.6108991825613079,106876000000.0,47500000000.0,36995000000.0,18402000000.0,56771000000.0,6766000000.0,39915000000.0,135554222412.0,148572222412.0,16.231143234422966,2.010379306597109,0.2629963696246117,0.5917473684210526,0.014750303722561392,16.231143234422966,0.019073684210526316,12.31191847520436,37.40458675827814,2.8537731034105267,1.4701986754966887,0.6331658291457286,0.009826326146828195,0.10301657996182492,1.4062058471905228,0.00847711366443355,70.41777787636363,0.6108991825613079,-0.42307692307692313,-0.6245485361248493,0.33316622699495346,0.7183889546909582,0.0020858164481525627,-0.4312617702448211,-0.18316831683168316,0.28143138682439034,0.032640141197612944,-0.08478918130415238,Drug Manufacturers—General,Healthcare,MRK
2013Q1,2013,Q1,2013-05-09,2013-03-31,1593000000.0,10671000000.0,1818000000.0,0.52,6712000000.0,0.6289944709961578,106200000000.0,53029000000.0,35244000000.0,18802000000.0,50594000000.0,6773000000.0,40272000000.0,133820606485.15001,141621606485.15002,17.574544098789314,1.8744814381448782,0.19609227871939736,0.39270964943710046,0.025664305425613043,17.574544098789314,0.030040166701238945,12.54058724441477,21.001350672496862,2.5235363006119296,0.8198367859384809,0.584526797578621,0.009759334039073617,0.10048022598870056,1.2757685352622061,0.015,67.24653592218593,0.6289944709961578,0.7623814773980155,-0.6546619000089974,0.31223058322084857,0.9448447924910768,-0.11416127755048172,0.7563395810363837,-0.0738665308201732,4.508483302423101,-0.03472243089049922,-0.053335641841203645,Drug Manufacturers—General,Healthcare,MRK
2012Q4,2012,Q4,2013-02-28,2012-12-31,907000000.0,11737000000.0,1963000000.0,0.2950553025374105,7577000000.0,0.6455653062963278,106132000000.0,53020000000.0,34857000000.0,18348000000.0,50669000000.0,6535000000.0,39985000000.0,123910449222.93999,131028449222.93999,17.51780268421577,1.8997710922171354,0.19380582670636565,0.38794794417201056,0.018976572809682887,17.51780268421577,0.017106752168992833,10.557250508898354,34.15392756971885,2.337051098131648,1.543550165380375,0.6365723029839326,0.01129848216013741,0.11058870086307616,1.2978526269893176,0.008545961632683828,120.1847228156547,0.6455653062963278,-0.47311553118319555,1.4004368469797548,0.35370740623980834,1.0993635930415284,0.03074411644674194,-0.47541931752458066,-0.17172995780590716,-0.9026987529154215,-0.18968776620660727,-0.37439808931424223,Drug Manufacturers—General,Healthcare,MRK
2012Q3,2012,Q3,2012-11-09,2012-09-30,1729000000.0,11488000000.0,2370000000.0,0.56,7351000000.0,0.6398850974930362,106301000000.0,55747000000.0,36229000000.0,15583000000.0,48089000000.0,6731000000.0,40390000000.0,137652738389.825,139892738389.825,18.31130012002956,2.3249053455688893,0.18438208483457352,0.35158842628302867,0.0250019079145249,18.31130012002956,0.031015121889967173,11.98230661471318,19.903519142542656,2.4692402889810214,0.7385772122614228,0.6146189273510623,0.009276967642907372,0.1080704791112031,1.6729127895783866,0.016265133912192736,50.51476638158716,0.6398850974930362,0.0,-0.18867542126852935,0.35386182002687233,0.9257671717529234,-0.10342724722527137,-0.03569436698271054,-0.1902972326614281,-0.6502014226385479,0.3155441856539659,0.6859486573284532,Drug Manufacturers—General,Healthcare,MRK
2012Q2,2012,Q2,2012-08-07,2012-06-30,1793000000.0,12311000000.0,2927000000.0,0.56,8199000000.0,0.665989765250589,105525000000.0,55194000000.0,35639000000.0,16912000000.0,47852000000.0,6249000000.0,39950000000.0,126874450583.0,129101450583.0,18.162439241402016,2.1073202459791864,0.17985311537550344,0.3438598398376635,0.02679868423779744,18.162439241402016,0.032485415081349424,10.305779431646496,17.69024687437256,2.298700050422147,0.7138873396542108,0.6580252840454472,0.010088713638705666,0.11666429755981995,1.5138363292336803,0.01699123430466714,50.97406612414624,0.665989765250589,0.0,-0.23374756154802762,0.44318449269886245,1.0306910257193498,0.06563556017676112,0.03164556962025317,0.06127628716461204,-0.20007046402711048,0.4488166929399548,0.8855536596090539,Drug Manufacturers—General,Healthcare,MRK
2012Q1,2012,Q1,2012-05-08,2012-03-31,1738000000.0,11731000000.0,2758000000.0,0.56,7694000000.0,0.655869064870855,105509000000.0,54860000000.0,34344000000.0,16582000000.0,48195000000.0,6339000000.0,39441000000.0,116812197350.4,120314197350.4,18.034281074953054,2.0711615004221446,0.17209906263920613,0.33098796937659497,0.026622359527044726,18.034281074953054,0.03168064163324827,9.957565199079362,16.80267510794016,2.129278114298214,0.7359033371691599,0.6368512383656728,0.010949199047796359,0.11118482783459231,1.4649620069955374,0.01647252840989868,64.07690474514536,0.655869064870855,0.142857142857143,-0.2767878534067961,0.4420036780631952,1.1053886181286783,-0.052229613205222965,0.14947089947089948,0.3824561403508772,-0.15455292570628817,0.5100270094848922,0.9438908080702614,Drug Manufacturers—General,Healthcare,MRK
2011Q4,2011,Q4,2012-02-28,2011-12-31,1512000000.0,12294000000.0,1995000000.0,0.49,8118000000.0,0.6603221083455344,105128000000.0,54517000000.0,33181000000.0,16245000000.0,48185000000.0,6254000000.0,38990000000.0,114639616841.1,118623616841.1,17.928277820823524,2.0425361649738383,0.16660642264667833,0.32127593227800505,0.027030338403256575,17.928277820823524,0.027734468147550307,9.32484275590532,18.954963102033734,2.1028232815653833,0.8498677248677249,0.6677326511032939,0.011209039557251105,0.11694315501103417,1.4301631271160358,0.01438246708774066,43.58920792437262,0.6603221083455344,-0.10909090909090918,1.282290389011434,0.45501471857594716,1.2208574130455152,0.05840938722294654,-0.10638297872340426,-0.16035353535353536,-0.3565438254073746,0.42653803786433425,1.0343175736406216,Drug Manufacturers—General,Healthcare,MRK
2011Q3,2011,Q3,2011-11-08,2011-09-30,1692000000.0,12022000000.0,2376000000.0,0.55,7670000000.0,0.6379970054899351,106534000000.0,55140000000.0,34109000000.0,16593000000.0,48938000000.0,6239000000.0,38763000000.0,100389000000.00002,104283000000.00002,17.960912052117266,2.055625866329175,0.17033998535678752,0.32910772578890096,0.023763994115391457,17.960912052117266,0.030685527747551688,8.35044085842622,14.832890070921989,1.8206202393906419,0.6944444444444444,0.6975476839237057,0.011704469613204633,0.11284660296243453,1.429036340625565,0.015882253552856364,24.21345875542692,0.6379970054899351,-0.1538461538461538,0.2745480222271319,0.5743749400960679,1.0258215270576798,-0.02504131180882166,-0.16403162055335968,-0.012468827930174564,0.07358069796329736,0.402298625700791,0.9533902867984057,Drug Manufacturers—General,Healthcare,MRK
2011Q2,2011,Q2,2011-08-08,2011-06-30,2024000000.0,12151000000.0,2406000000.0,0.65,7867000000.0,0.647436424985598,106195000000.0,55496000000.0,32368000000.0,15763000000.0,48273000000.0,6225000000.0,38243000000.0,108799509360.5,114763509360.5,18.000576027514906,2.0534162278754042,0.17238099722209144,0.3298616116476863,0.04004899829610043,18.000576027514906,0.03647109701600115,8.953955177392807,13.438674575160572,1.9604928167885973,0.5810276679841897,0.6881927710843373,0.010808872272607422,0.11442158293704977,1.4246019158789571,0.019059277743773247,43.74728965038199,0.647436424985598,0.9227583595617294,-0.04487087567288057,0.4895270427407326,1.034564661472126,0.0460045206754421,0.9405560882070949,0.0941336971350614,-0.20383087240130457,0.3966199000826075,0.9057185668940421,Drug Manufacturers—General,Healthcare,MRK
2011Q1,2011,Q1,2011-05-09,2011-03-31,1043000000.0,11580000000.0,2199000000.0,0.338056,7521000000.0,0.6494818652849741,105865000000.0,54384000000.0,31024000000.0,15662000000.0,49026000000.0,6057000000.0,37400000000.0,101845465614.93999,107996465614.93999,17.626860745940316,1.9808453581918017,0.16857318282718556,0.32814798470138273,0.018858280537711013,17.626860745940316,0.01917843483377464,8.794945217179619,24.411664816620327,1.872710091478008,1.1265580057526365,0.6701337295690936,0.01153708702597002,0.10938459358617107,1.3398033456774359,0.00985217021678553,72.90298182887615,0.6494818652849741,2.95821885324419,-0.514200758298762,0.5154564550475638,1.0429769357938168,-0.017325180307306367,2.9616324995298102,5.979619565217392,-0.7788707342752617,0.3926654155304644,0.9506342888330747,Drug Manufacturers—General,Healthcare,MRK
2010Q4,2010,Q4,2011-02-28,2010-12-31,-531700000.0,12093700000.0,-441600000.0,-0.1726344322749937,7653600000.0,0.6328584304224514,105781000000.0,54376000000.0,29064000000.0,15641000000.0,48976000000.0,5868000000.0,37536000000.0,111000266560.23999,117982266560.23999,17.655012016898734,1.8581932101528036,0.16904737145612161,0.3288583198469913,-0.004357839438153235,17.655012016898734,-0.009778210975430336,9.178354561485731,-52.191210532367876,2.04134667059438,-2.43332706413391,0.756663258350375,0.011655827865042585,0.11432771480700693,1.2496004091809987,-0.005026422514440212,38.55782498271502,0.6328584304224514,-2.56940392977267,-1.3382691295984068,0.49413372640026704,1.1619669114159954,0.10377848283818863,-2.5546783625730995,-1.3109859154929577,0.7693177067868082,0.37071683032203284,1.1158069953821474,Drug Manufacturers—General,Healthcare,MRK
2010Q3,2010,Q3,2010-11-08,2010-09-30,342000000.0,11125000000.0,1420000000.0,0.11,6934000000.0,0.6232808988764045,107840000000.0,55593000000.0,27756000000.0,17323000000.0,52247000000.0,6264000000.0,39245000000.0,113371803886.86,121645803886.86,18.05015232925282,1.6022628874906195,0.1301186943620178,0.25240587843793283,0.015234799160736301,18.05015232925282,0.006151853650639469,10.190723944886292,82.87412564828948,2.039317969651935,3.454093567251462,0.6690613026819924,0.010419698368554536,0.10316209198813056,1.0345783062979854,0.003171364985163205,50.29804963924578,0.6232808988764045,-0.5416666666666667,-0.8285411227180803,0.46319669207123604,1.2275364605577943,0.020095919027863594,-0.5454545454545454,-0.01648427760077573,-0.841368720733208,0.29596422958219837,0.8983027187016873,Drug Manufacturers—General,Healthcare,MRK
2010Q2,2010,Q2,2010-08-06,2010-06-30,752400000.0,11346300000.0,1443800000.0,0.24,6797400000.0,0.5990851643266968,106170500000.0,55231700000.0,26253600000.0,15420600000.0,48504800000.0,6244200000.0,40081800000.0,108907071000.0,118224071000.0,17.734868188678032,1.7025018481771137,0.16937473215252824,0.3255847638222253,0.012399817240538248,17.734868188678032,0.013622611652366305,9.598465667221914,36.18656000797448,1.9718218160947427,1.580675172780436,0.7285000480445853,0.010920319397810267,0.10686866879217861,1.0517554440164456,0.007086714294460326,36.44936945680913,0.5990851643266968,1.6666666666666667,-0.2618035527501285,0.46717829040048764,1.246097680072665,0.09518899236296845,1.5180722891566265,0.5463210881439434,-0.6862399713968661,0.2978964173154307,0.9828855141311967,Drug Manufacturers—General,Healthcare,MRK
2010Q1,2010,Q1,2010-05-07,2010-03-31,298800000.0,11422200000.0,933700000.0,0.09,6206600000.0,0.5433804345922852,111593800000.0,57878100000.0,28244900000.0,16455300000.0,51250600000.0,6825400000.0,40511400000.0,116443923545.7,127311423545.7,18.564704530516725,1.7164621732815566,0.17118782584695566,0.3300643939590277,0.006503659712994673,18.564704530516725,0.005162574445256496,10.194526758916846,97.4263081875,2.011882275777885,3.9779116465863456,0.7641456910950274,0.010207488409934226,0.10235514876274489,1.0498137378230723,0.002677568108622522,113.79255696833773,0.5433804345922852,-0.9707777452776453,-0.8456012464471555,0.508072481154066,1.3217188418469326,0.19527789546662558,-0.954000338685592,4.988466467321658,-0.8786814314098292,0.3699724652640157,1.167312212503795,Drug Manufacturers—General,Healthcare,MRK
2009Q4,2009,Q4,2010-03-01,2009-12-31,6495700000.0,10093500000.0,-234100000.0,3.0798444834289507,5192600000.0,0.5144498934958142,112089700000.0,59058000000.0,28428600000.0,15750700000.0,50597100000.0,8055300000.0,41404900000.0,77066514000.0,85209214000.0,28.001517234839504,1.8049102579567893,0.15571546716602863,0.29554167089979344,-0.0030880912148082145,28.001517234839504,0.10998848589522164,7.635261703076237,2.966058854319011,1.3049292898506553,0.1644626445186816,0.6084068873909103,0.01386205168174598,0.09004841658064924,1.028995536706305,0.05795090895952081,45.72323583506378,0.5144498934958142,0.9129468841173606,5.205281070281652,0.8471188693842692,2.5932813124264777,0.12408537905355674,0.8969424407908185,-1.1427526068662723,13.136479680005598,0.7223133547205717,2.4686754494224217,Drug Manufacturers—General,Healthcare,MRK
2009Q3,2009,Q3,2009-10-29,2009-09-30,3424300000.0,6049700000.0,1639900000.0,1.61,4619400000.0,0.7635750533084286,48739400000.0,22907200000.0,29668800000.0,8025700000.0,23390100000.0,2096300000.0,47693100000.0,66710833000.0,53965433000.0,10.861125598596558,3.6967242732721135,0.18612252099943782,0.39601086121394147,0.034902156895421935,10.861125598596558,0.14948575120486135,11.027130766814883,4.870399278684694,2.9122211793671857,0.23476330928948982,0.6822973811000334,0.012050516593009715,0.12412339913909486,3.2470937114519605,0.07025732774716144,-108.40239356516086,0.7635750533084286,1.1756756756756759,1.7171997864986415,0.14904042155566344,0.39187286719732345,0.0161460624725033,1.200282721840262,0.1538840416549395,2.754644769942926,0.15320492198620836,0.22503255858437424,Drug Manufacturers—General,Healthcare,MRK
2009Q2,2009,Q2,2009-07-24,2009-06-30,1556300000.0,5899900000.0,1421200000.0,0.74,4546000000.0,0.7705215342632926,49407100000.0,20324400000.0,29233900000.0,11507100000.0,26670300000.0,2155300000.0,45072800000.0,58995600000.0,57220900000.0,9.632417061611374,2.540509772227581,0.21622196000170016,0.525619452480762,0.037004385071642554,9.632417061611374,0.07657298616441321,9.999423719046085,9.476900340551309,2.902698234634233,0.5162243783332262,0.6281724121931982,0.013617964729573053,0.11941401134654736,1.7898254121368546,0.03149952132385831,153.71443460135487,0.7705215342632926,0.10447761194029843,-0.07331783307703589,0.03150146149939401,0.2610919328042898,0.1220812558621711,0.09214035087719298,0.18998576572050574,0.07309388615160993,0.056753866122550754,0.088730456634241,Drug Manufacturers—General,Healthcare,MRK
2009Q1,2009,Q1,2009-05-01,2009-03-31,1425000000.0,5385200000.0,1194300000.0,0.67,4051400000.0,0.7523211765579737,46543100000.0,19563000000.0,26184600000.0,13415900000.0,24541600000.0,2127800000.0,44320400000.0,56406905299.75,57127805299.75,9.27741465728522,1.9517587340394607,0.14476904202771196,0.34442570157951236,0.037075886406994156,9.27741465728522,0.07284158871338751,10.474430903169798,9.895948298201754,2.883346383466237,0.5638596491228071,0.6268446282545352,0.014244709858308096,0.11570350922048596,1.2038923963356913,0.030616783153679064,118.12964460680628,0.7523211765579737,-0.13296753404669254,-0.0720423607982244,0.008055766331486327,0.26726865979658104,-0.11200245484832544,-0.13363326848249027,-0.0909575277820064,-0.02887513246108215,0.031156126372253873,0.07526487227706943,Drug Manufacturers—General,Healthcare,MRK
2008Q4,2008,Q4,2009-02-27,2008-12-31,1644800000.0,6032400000.0,1313800000.0,0.7727507634484378,4562400000.0,0.756315894171474,47195700000.0,18758300000.0,19304900000.0,14318700000.0,26028600000.0,2283300000.0,43698800000.0,64706400000.0,66578500000.0,8.812919896640826,1.348229937075293,0.13222391022910984,0.3326740696118518,0.04484903216004899,8.812919896640826,0.08768385194820426,10.726477024070022,9.83499513618677,3.449481029730839,0.49179231517509725,0.643805019051373,0.012501081809527342,0.1278167290664192,0.6470768994391949,0.03485063257881544,103.23292916400766,0.756315894171474,0.5151975753890938,0.23899330406691194,0.12667284661616074,0.26566483967961335,0.021585311240483653,0.5052621945639242,-0.16029656142144957,0.5141691301293854,0.07841518384417549,0.07919729486788644,Drug Manufacturers—General,Healthcare,MRK
2008Q3,2008,Q3,2008-11-03,2008-09-30,1092700000.0,5943900000.0,1564600000.0,0.51,4466000000.0,0.7513585356415822,48545700000.0,19571000000.0,19418500000.0,14428300000.0,26535000000.0,2228200000.0,42857300000.0,67175460000.0,68388360000.0,9.19473807845901,1.3458619518585002,0.14281388464889785,0.3542486331817485,0.045718988423472065,9.19473807845901,0.055832609473200144,11.301579770857519,15.369145236569963,3.43239793572122,0.7475976937860346,0.6632708015438471,0.012160690823702585,0.12243926856549602,0.7266205997934615,0.022508687690155873,49.022447639203094,0.7513585356415822,-0.3780487804878048,-0.3820156945018503,0.08415298501347432,0.34323986504749676,-0.04066332996799347,-0.38206186733020414,0.005656254017225864,-0.2073154427247067,0.1312009733334904,0.13470589840137845,Drug Manufacturers—General,Healthcare,MRK
2008Q2,2008,Q2,2008-07-31,2008-06-30,1768300000.0,6051800000.0,1555800000.0,0.82,4655300000.0,0.7692422089295746,47457500000.0,20256000000.0,17592900000.0,9718600000.0,24791400000.0,2190600000.0,42573200000.0,80826205000.0,78594705000.0,9.445558405222663,1.8102298684995781,0.10775325291049886,0.2524535939968404,0.05267972644387123,9.445558405222663,0.08729759083728278,13.35572970025447,11.427105836113782,3.990235238941548,0.4647966973929763,0.6374965762804711,0.010168731786924798,0.12752041300110625,1.40292840532587,0.03726070694832218,74.19332201211677,0.7692422089295746,-0.46052631578947373,-0.0100689510653865,-0.5237438824132974,0.07977042155259675,0.015554101221640488,-0.46457336643856356,-0.05783322230969539,1.5194950297564909,0.1364428278207253,0.19626752199407876,Drug Manufacturers—General,Healthcare,MRK
2008Q1,2008,Q1,2008-05-05,2008-03-31,3302600000.0,5822100000.0,1651300000.0,1.52,4584000000.0,0.7873447725047663,47041100000.0,19521500000.0,17047000000.0,9797000000.0,25082200000.0,2076500000.0,41622000000.0,81983385000.0,80080485000.0,9.036476415312688,1.7400224558538329,0.09324824462013005,0.22470097072458572,0.051713228564101626,9.036476415312688,0.16917757344466358,14.081411346421394,6.205972945558046,4.199645775170966,0.25155937746018286,0.596243679267999,0.010133760639427123,0.12376623845955984,1.319230376645912,0.07020669159522205,37.48840139009557,0.7873447725047663,3.031095888944755,1.0059732277855078,-0.54822954514063,0.07440435359455948,-0.024286413656584578,3.025016861855417,0.034130761523046095,1.462812402926126,0.10933898147406178,0.13010996339045636,Drug Manufacturers—General,Healthcare,MRK
2007Q4,2007,Q4,2008-02-29,2007-12-31,-1630900000.0,6242900000.0,1596800000.0,-0.7483644707634696,4698100000.0,0.7525508978199235,48350700000.0,18184700000.0,15045400000.0,12258200000.0,27759300000.0,1881000000.0,39140800000.0,126638292840.54,127041592840.54,8.344339561893719,1.227374329020574,0.11870355548109955,0.31561697470950856,0.03422526722471286,8.344339561893719,-0.08968528488234614,20.28517080852488,-19.412332583319028,6.964002311863269,-0.5084309277086272,0.8212652844231791,0.006547782518231744,0.12911705518224142,0.9680866685157691,-0.03373063885321205,61.382527672211715,0.7525508978199235,-2.069092101090671,-1.8909647702247487,-0.5369305730669474,0.031506254240525194,0.031099113335089107,-2.069092100950508,0.3712322885358523,-2.507807263998508,0.10566213218127742,0.07078338508700817,Drug Manufacturers—General,Healthcare,MRK
2007Q3,2007,Q3,2007-10-26,2007-09-30,1525500000.0,6074100000.0,1164500000.0,0.7,4556400000.0,0.7501358225910011,45700700000.0,20721900000.0,14163700000.0,10506000000.0,22541400000.0,1849500000.0,41601800000.0,114259949985.02,114898349985.02,9.508574239201387,1.3481534361317342,0.12793458305890282,0.2821507680280283,0.032385239372544054,9.508574239201387,0.07361776671058155,18.811009035909848,18.724999997545066,5.513970725899652,0.5416584726319239,0.8206001622060016,0.007231755309785552,0.13291043682044257,1.0368456120312202,0.03338023268790193,41.20891188553396,0.7501358225910011,-0.09090909090909098,-0.16404989373329062,-0.5136147824520767,0.22021053362493662,-0.0005922221491083767,-0.09001431639226914,-0.19406187279396497,0.17150724215721092,0.11651973879352877,0.21854096696810082,Drug Manufacturers—General,Healthcare,MRK
2007Q2,2007,Q2,2007-07-27,2007-06-30,1676400000.0,6111400000.0,1444900000.0,0.77,4559100000.0,0.7459992800340347,44182800000.0,19472300000.0,12435700000.0,10281000000.0,22302600000.0,1759500000.0,40905100000.0,108421714278.59999,111255014278.59999,8.943969816859841,1.2095807800797589,0.1426527970160334,0.3236803048432902,0.04209998882315099,8.943969816859841,0.08609152488406609,17.740896403213664,16.16883116777022,5.567997323305413,0.4922452875208781,0.8822392725206024,0.0076110215143764415,0.1383207945173235,0.8862464740783971,0.03794236671283848,40.42569510760626,0.7459992800340347,-0.012820512820512832,-0.0048100759043109365,-0.5041597236406152,0.20625856105100177,0.07434725233292487,-0.01637035733145573,0.023590252196089543,-0.03258978558212989,0.035527019430161094,0.17095928375428474,Drug Manufacturers—General,Healthcare,MRK
2007Q1,2007,Q1,2007-04-27,2007-03-31,1704300000.0,5769400000.0,1411600000.0,0.78,4243600000.0,0.7355357576177766,42992500000.0,18479300000.0,11741700000.0,7861300000.0,22078000000.0,1726800000.0,40054800000.0,95289786069.24,99663886069.24,8.56577304525488,1.4936079274420262,0.1506309239983718,0.35044617490922275,0.04276258227923024,8.56577304525488,0.09222751944067145,16.516411770589663,13.977848100281642,5.15656902962991,0.4850085078918031,0.8835997220291869,0.008674591832952288,0.13419549921497936,1.0268530650146923,0.039641797988021164,-62.29719277539226,0.7355357576177766,2.58019835408314,0.10420123084697765,-0.5008620386460167,0.1829891960165032,-0.030034285714285715,2.596328339312091,3.6100587851077726,0.08479797363377609,0.05560856562588205,0.17006042396279913,Drug Manufacturers—General,Healthcare,MRK
