Year,Date,FillingDate,NetIncome,Revenue,OperatingIncome,EPSDiluted,GrossProfit,GrossProfitRatio,TotalAssets,CommonStockEquity,CurrentAssets,CurrentLiability,TotalLiability,Inventory,RetainedEarnings,EnterpriseValue,bookValuePerShare,currentRatio,debtToAssets,debtToEquity,roic,shareholdersEquityPerShare,roe,priceToSalesRatio,peRatio,pbRatio,payoutRatio,inventoryTurnover,dividendYield,assetTurnover,quickRatio,returnOnAssets,priceToFreeCashFlowsRatio,grossProfitMargin,epsdilutedGrowth,fiveYNetIncomeGrowthPerShare,fiveYRevenueGrowthPerShare,fiveYShareholdersEquityGrowthPerShare,grossProfitGrowth,netIncomeGrowth,operatingIncomeGrowth,threeYNetIncomeGrowthPerShare,threeYRevenueGrowthPerShare,threeYShareholdersEquityGrowthPerShare,Industry,Sector,Price,MarketCap,AvgVolume,Symbol
2022,2022-12-31,2023-02-24,14519000000.0,59283000000.0,14710000000.0,5.71,41872000000.0,0.7063070357,109160000000.0,45991000000.0,35722000000.0,24239000000.0,63102000000.0,5911000000.0,61081000000.0,298922400000.0,18.16390205371248,1.473740665869054,0.28115610113594725,0.6673262159987824,0.16945633643569424,18.16390205371248,0.31569220064795284,4.73871767623096,19.34881190164612,6.1082690091539655,0.4829533714443143,2.945525291828794,0.024960363142670618,0.543083547086845,0.9341144436651677,0.13300659582264565,19.101475487862924,0.7063070357438052,0.11089494163424131,5.459029342800129,0.5736288084874309,0.42651995353611694,0.19368265009407606,0.11265231052187907,0.3817396205147473,0.4791457189684526,0.2691560583823219,0.7801535650237503,Drug Manufacturers—General,Healthcare,108.54,275413737600,7036893,MRK
2021,2021-12-31,2022-02-25,13049000000.0,48704000000.0,10646000000.0,5.14,35078000000.0,0.720228318,105694000000.0,38184000000.0,30266000000.0,23872000000.0,67437000000.0,5953000000.0,53696000000.0,218905200000.0,15.092490118577075,1.2678451742627346,0.31318712509697805,0.8669076052796983,0.1329756833157608,15.092490118577075,0.3417399958097633,3.9811760840998685,14.859314890029887,5.078022208254766,0.5065522262242318,2.2889299512850663,0.03408987762713822,0.4608019376691203,0.7257875335120644,0.12346017749351902,20.070303281233826,0.7202283180026281,0.8489208633093526,2.616620454623901,0.3292814738890641,0.03485333057045255,0.07902427020209787,0.84646950615537,0.9584253127299485,1.1497851808273067,0.18003282483066493,0.46541999492716357,Drug Manufacturers—General,Healthcare,108.54,275413737600,7036893,MRK
2020,2020-12-31,2021-02-25,7067000000.0,47994000000.0,5436000000.0,2.78,32509000000.0,0.6773555028,91588000000.0,25317000000.0,27764000000.0,27327000000.0,66184000000.0,6310000000.0,47362000000.0,230701472648.6,10.005826250701693,1.0159915102279797,0.34710879154474383,1.2557175020737055,0.07668318443218626,10.005826250701693,0.2791404984792827,4.312465571708964,29.287175979708504,8.175236902026306,0.879439649073157,2.454041204437401,0.030028147803751133,0.5240206140542429,0.5823178541369342,0.07716076341878848,37.165105521386245,0.6773555027711797,-0.2703412073490814,0.7487118039559741,0.33559119161866746,-0.3771267732252929,-0.006691517966267416,-0.2820278370415524,-0.4108594342689932,2.1460821632219154,0.2748629176270767,-0.2141825717825809,Drug Manufacturers—General,Healthcare,108.54,275413737600,7036893,MRK
2019,2019-12-31,2020-02-26,9843000000.0,46840000000.0,9227000000.0,3.81,32728000000.0,0.6987190436,84397000000.0,25907000000.0,27483000000.0,22220000000.0,58396000000.0,5978000000.0,46602000000.0,247593507564.7,10.203559069618885,1.2368586858685868,0.3121674941052407,1.016945227158683,0.1505978351022801,10.203559069618885,0.3799359246535685,4.930049264831341,23.460683487219345,8.913556473721389,0.5785837651122625,2.360655737704918,0.02466184608080396,0.5549960306645971,0.7753375337533753,0.11662736827138405,23.168807822283537,0.6987190435525192,0.642241379310345,-0.07696189043763695,0.23963042029114145,-0.4047087973000243,0.1369810665277054,0.582475884244373,0.03314298510805061,1.7183681134849256,0.27386758540539474,-0.30036812985086286,Drug Manufacturers—General,Healthcare,108.54,275413737600,7036893,MRK
2018,2018-12-31,2019-02-27,6220000000.0,42294000000.0,8931000000.0,2.32,28785000000.0,0.6805929919137467,82637000000.0,26701000000.0,25875000000.0,22206000000.0,55755000000.0,5440000000.0,42579000000.0,215246474680.63,10.299088432546755,1.16522561469873,0.3039074506576957,0.9405640238193326,0.12268077143557388,10.299088432546755,0.2329500767761507,4.683819801405164,31.848468598172023,7.419103205146998,0.8315112540192926,2.4832720588235295,0.026108359070897934,0.5118046395682322,0.7175988471584257,0.07526894732383799,23.847053651213436,0.6805929919137467,1.6666666666666663,0.5948329564711529,0.08460752407268676,-0.39413530561380467,0.05258346436537829,1.5981620718462823,0.22191818306197839,0.5021181019812367,0.14867165608887373,-0.3588708934088695,Drug Manufacturers—General,Healthcare,108.54,275413737600,7036893,MRK
2017,2017-12-31,2018-02-27,2394000000.0,40122000000.0,7309000000.0,0.87,27347000000.0,0.681596131798016,87872000000.0,34336000000.0,24766000000.0,18614000000.0,53303000000.0,5096000000.0,41350000000.0,170056335182.16,12.733016463377918,1.330503921779306,0.2777904224326293,0.7109156570363467,0.04613406861901708,12.733016463377918,0.06972273998136067,3.7819235128398385,63.38276323398496,4.419219920263281,2.158312447786132,2.506868131868132,0.034052040928201036,0.45659595775673706,0.8257762974105513,0.02724417334304443,33.283249656100026,0.681596131798016,-0.38297872340425526,-0.5643662942787969,-0.047277924851447856,-0.27313849271456475,0.055216854452847665,-0.3892857142857143,0.212106135986733,-0.7886202716007461,-0.00021882569640785604,-0.2571363940008093,Drug Manufacturers—General,Healthcare,108.54,275413737600,7036893,MRK
2016,2016-12-31,2017-02-28,3920000000.0,39807000000.0,6030000000.0,1.41,25916000000.0,0.6510412741477629,95377000000.0,40088000000.0,30614000000.0,17204000000.0,55069000000.0,4866000000.0,44133000000.0,180144812926.13998,14.584182775212687,1.7794698907230877,0.2604611174601843,0.6196866892835762,0.07855713453955912,14.584182775212687,0.09778487327878667,4.065059233957344,41.280054317892855,4.0365648804165835,1.3071428571428572,2.8547061241265927,0.03166524072562268,0.41736477347788253,1.2415136014880261,0.04110005556895268,18.468136604215932,0.6510412741477629,-0.09615384615384624,-0.30858133108034635,-0.083454019483101,-0.186526284288539,0.055039895782445857,-0.1175146330481765,-0.2010070226580098,-0.05200219411101389,-0.03716969986832268,-0.1420559695309194,Drug Manufacturers—General,Healthcare,108.54,275413737600,7036893,MRK
2015,2015-12-31,2016-02-26,4442000000.0,39498000000.0,7547000000.0,1.56,24564000000.0,0.6219049065775483,101779000000.0,44676000000.0,29764000000.0,19203000000.0,57012000000.0,4700000000.0,45348000000.0,164889184815.86002,16.063985126656913,1.5499661511222205,0.26050560528203265,0.5934730056406124,0.08752228592359804,16.063985126656913,0.09942698540603456,3.7191550158453595,33.070505361517334,3.2881006539497717,1.1519585772174696,3.177446808510638,0.03483341317662331,0.38807612572338107,1.0368692391813779,0.04364358069935841,13.189009231088168,0.6219049065775483,-0.6167076167076168,4.741363806799015,-0.04417212675829524,-0.08566216773938606,-0.03553339353724135,-0.6273489932885906,0.12928325602274426,-0.2162576885640748,-0.09059744326436754,-0.08299086271069851,Drug Manufacturers—General,Healthcare,108.54,275413737600,7036893,MRK
2014,2014-12-31,2015-02-27,11920000000.0,42237000000.0,6683000000.0,4.07,25469000000.0,0.6030021071572318,98335000000.0,48647000000.0,33173000000.0,18766000000.0,49544000000.0,5571000000.0,46021000000.0,175139981730.84,17.140449956827997,1.7677182137908984,0.21765393806884628,0.4399654654963307,0.06587645569206214,17.140449956827997,0.24503052603449338,3.8160376383464736,13.521642762654361,3.3132152389836986,0.44018456375838927,3.0098725542990485,0.03255407434473435,0.42952153353332995,1.1907172546094,0.12121828443585701,29.077752432047628,0.6030021071572318,1.7687074829931977,-0.31359167524143267,0.14402083381428887,-0.38804838067709996,-0.0594556667528343,1.706630336058129,-0.12811480756686236,1.0362436211333816,-0.05814007465235678,-0.04394330966248599,Drug Manufacturers—General,Healthcare,108.54,275413737600,7036893,MRK
2013,2013-12-31,2014-02-27,4404000000.0,44033000000.0,7665000000.0,1.47,27079000000.0,0.6149705902391388,105645000000.0,49765000000.0,35685000000.0,17868000000.0,53319000000.0,6226000000.0,39257000000.0,155961712035.69998,16.998990909976715,1.9971457353928812,0.2372095224572862,0.5035667637898121,0.0834476236556775,16.998990909976715,0.08849593087511304,3.3275659627029723,33.27037058031335,2.944292415064804,1.1982288828337875,2.7230966912945713,0.036014894392033016,0.41680155236878225,1.3806805462278935,0.04168678120119267,14.498586189956459,0.6149705902391388,-0.2686567164179104,-0.5885235607728578,0.34692726615136943,0.9354869463399278,-0.12141072645274326,-0.28599221789883267,-0.22395464209780297,4.4075923558384895,0.01228542281334508,-0.032443047182986406,Drug Manufacturers—General,Healthcare,108.54,275413737600,7036893,MRK
2012,2012-12-31,2013-02-28,6168000000.0,47267000000.0,9877000000.0,2.01,30821000000.0,0.6520616920896185,106132000000.0,53020000000.0,34857000000.0,18348000000.0,50669000000.0,6535000000.0,39985000000.0,131028449222.93999,17.51780268421577,1.8997710922171354,0.19380582670636565,0.38794794417201056,0.09674355037132652,17.51780268421577,0.11633345907204828,2.621500184546089,20.08924274042477,2.337051098131648,0.8488975356679637,2.5166029074215763,0.04225632327891392,0.44536049447857384,1.2978526269893176,0.05811630799381902,15.358260934920672,0.6520616920896185,-0.009852216748768483,0.35045375690146463,0.4008242386022364,1.0909000822719277,-0.01138696433153708,-0.016581632653061226,0.10037878787878787,-0.6669385234591803,0.20052901312303822,-0.374576061504471,Drug Manufacturers—General,Healthcare,108.54,275413737600,7036893,MRK
2011,2011-12-31,2012-02-28,6272000000.0,48047000000.0,8976000000.0,2.03,31176000000.0,0.6488646533602515,105128000000.0,54517000000.0,33181000000.0,16245000000.0,48185000000.0,6254000000.0,38990000000.0,118623616841.1,17.928277820823524,2.0425361649738383,0.16660642264667833,0.32127593227800505,0.10860585308447586,17.928277820823524,0.1150466826861346,2.385989069891981,18.278000134103955,2.1028232815653833,0.7670599489795918,2.6976335145506876,0.04196629518282885,0.457033330796743,1.4301631271160358,0.0596606042158131,10.754185444756098,0.6488646533602515,6.249999999999998,0.013012216588108942,0.5200270721997522,1.2233077890069481,0.1299336740241383,6.284552845528455,1.6754098360655738,-0.43582842191425886,0.4149452526022523,1.0412945613256468,Drug Manufacturers—General,Healthcare,108.54,275413737600,7036893,MRK
2010,2010-12-31,2011-02-28,861000000.0,45987000000.0,3355000000.0,0.28,27591000000.0,0.5999739056689934,105781000000.0,54376000000.0,29064000000.0,15641000000.0,48976000000.0,5868000000.0,37536000000.0,118525800000.0,17.568982229402263,1.8581932101528036,0.16904737145612161,0.3288583198469913,0.027583236428944023,17.568982229402263,0.015834191555097837,2.425550699110618,129.5514518002323,2.0513425040459023,5.636469221835076,3.1349693251533743,0.04350757280996344,0.4347378073567087,1.2496004091809987,0.0081394579366805,12.19857830271216,0.5999739056689934,-0.9507042253521126,-0.8680316942939394,0.4830198067118356,1.1543738185814703,0.4987452062533271,-0.9332625394340105,-0.16567193872475877,-0.8156522065945552,0.33278509633918046,1.0970088001956373,Drug Manufacturers—General,Healthcare,108.54,275413737600,7036893,MRK
2009,2009-12-31,2010-03-01,12901300000.0,27428300000.0,4021200000.0,5.68,18409400000.0,0.6711826835786395,112089700000.0,59058000000.0,28428600000.0,15750700000.0,50597100000.0,8055300000.0,41404900000.0,85187290000.0,28.009485416172634,1.8049102579567893,0.15571546716602863,0.29554167089979344,0.044762877767555394,28.009485416172634,0.21845135290731146,2.8089451406029537,5.971847023168207,1.3045580615665955,0.26967049832187456,1.1196231052847194,0.045156966894106386,0.2446995575864687,1.028995536706305,0.11509799740743351,39.89054054054054,0.6711826835786395,0.5604395604395603,1.3355381451759312,0.258391220181419,2.595113900723446,0.00775134389472186,0.6522334921366734,-0.33921616958343603,2.005120406841305,0.251421776975137,2.473490745414644,Drug Manufacturers—General,Healthcare,108.54,275413737600,7036893,MRK
2008,2008-12-31,2009-02-27,7808400000.0,23850300000.0,6085500000.0,3.64,18267800000.0,0.7659358582491624,47195700000.0,18758300000.0,19304900000.0,14318700000.0,26028600000.0,2283300000.0,43698800000.0,66800420000.0,8.782798014795393,1.348229937075293,0.13222391022910984,0.3326740696118518,0.19380692618300455,8.782798014795393,0.41626373392045124,2.7223271824673065,8.315188771067055,3.4613115260977807,0.41986834690845753,2.444926203302238,0.05049414492782194,0.5053490042525061,0.6470768994391949,0.16544727591708566,12.312420829066637,0.7659358582491624,1.4429530201342284,0.19710234286215625,0.11078684253394101,0.2611697388159559,0.011674142991637592,1.3839531049642793,0.08331108144192256,0.7343175285793538,0.11456599758902242,0.07697929509535731,Drug Manufacturers—General,Healthcare,108.54,275413737600,7036893,MRK
TTM,,,,,,,,,,,,,,,,296452737600.0,18.45311268715524,1.4440361419739742,0.28522394151916586,0.6564888756031942,0.14391956669560108,18.45311268715524,0.28871187529774106,4.759262085054174,21.1415594781274,5.8819344920357,0.5464313123561013,2.7216442094490874,0.026533996683250412,0.5368381015993172,0.8993126107820674,0.12087647036995806,24.455135641981887,0.7242565103941662,,,,,,,,,,,Drug Manufacturers—General,Healthcare,108.54,275413737600,7036893,MRK
