Year,Date,FillingDate,NetIncome,Revenue,OperatingIncome,EPSDiluted,GrossProfit,GrossProfitRatio,TotalAssets,CommonStockEquity,CurrentAssets,CurrentLiability,TotalLiability,Inventory,RetainedEarnings,EnterpriseValue,bookValuePerShare,currentRatio,debtToAssets,debtToEquity,roic,shareholdersEquityPerShare,roe,priceToSalesRatio,peRatio,pbRatio,payoutRatio,inventoryTurnover,dividendYield,assetTurnover,quickRatio,returnOnAssets,priceToFreeCashFlowsRatio,grossProfitMargin,epsdilutedGrowth,fiveYNetIncomeGrowthPerShare,fiveYRevenueGrowthPerShare,fiveYShareholdersEquityGrowthPerShare,grossProfitGrowth,netIncomeGrowth,operatingIncomeGrowth,threeYNetIncomeGrowthPerShare,threeYRevenueGrowthPerShare,threeYShareholdersEquityGrowthPerShare,Industry,Sector,Price,MarketCap,AvgVolume,Symbol
2022,2022-12-31,2023-02-23,1111952000.0,3345906000.0,1579481000.0,8.96,2121214000.0,0.6339729807,5716039000.0,3085458000.0,737203000.0,598584000.0,2630581000.0,48677000.0,1308558000.0,5388697330.0,25.21808567155152,1.2315781911978938,0.27505235706054487,0.509554821358774,0.27015814032831303,25.21808567155152,0.36038474677017157,1.273641677321479,3.832436409125574,1.3811516248155054,0.017659934961221348,25.159562010805924,0.004608017740143201,0.5853539487746672,1.1331659382810098,0.19453191274587175,5.2841082269440225,0.6339729807113529,29.89655172413794,7.2960865242924395,1.4176352275359703,0.1734700837087502,0.6092808431447077,29.69231830853736,0.3790763787873761,6.469617226657166,0.9365925279543842,0.03243013037463684,Oil & Gas E&P,Energy,33.3,3929400000,1840239,SM
2021,2021-12-31,2022-02-25,36229000.0,2597915000.0,1145318000.0,0.29,1318113000.0,0.5073734129,5233977000.0,2063131000.0,613187000.0,889327000.0,3170846000.0,24095000.0,234533000.0,5257835640.0,17.33097284174626,0.6894955398857788,0.39762574424763425,1.008740598633824,0.21687031820595476,17.33097284174626,0.017560203399590236,1.3508477529095448,96.86680946203317,1.7010008768226546,0.06605205774379641,53.11483710313343,0.0006818853445326433,0.49635583037525766,0.6520852284930065,0.006921887505428472,7.286783164801395,0.5073734129099682,1.0431547619047619,1.0307522772019535,0.41562429399016565,-0.4685914092093502,27.563076861069685,1.0473820777542655,6.240578728700331,-0.9330088212710936,0.4890622009463684,-0.3358458989572015,Oil & Gas E&P,Energy,33.3,3929400000,1840239,SM
2020,2020-12-31,2021-02-18,-764614000.0,1126582000.0,-218548000.0,-6.72,-49622000.0,-0.0440465053,4976431000.0,2016160000.0,203669000.0,583739000.0,2960271000.0,31203000.0,200697000.0,2910336600.0,17.727600457223247,0.3489042191801473,0.4449612583797505,1.0982853543369573,-0.0412877764728336,17.727600457223247,-0.37924271883183874,0.6178224044055382,-0.9102993144253179,0.34522438695341645,-0.0029766653500982194,37.695221613306416,0.0032699852706990357,0.22638352666800765,0.2783178783668729,-0.15364706151858631,2.9582193585678707,-0.04404650526992265,-3.048192771084337,-0.016966389741535005,-0.5568844256196127,-0.35188639729489996,-1.1874395624320078,-3.0888230544221686,-4.730952421598921,-3.657569854224033,-0.12426575749011418,-0.17508374491880427,Oil & Gas E&P,Energy,33.3,3929400000,1840239,SM
2019,2019-12-31,2020-02-20,-187001000.0,1589243000.0,58577000.0,-1.66,264736000.0,0.1665799377,6292232000.0,2748994000.0,252634000.0,472043000.0,3543238000.0,55184000.0,967587000.0,3997782560.0,24.42594896218368,0.5351927684554162,0.43431297510962724,0.9941083901965592,0.008648759230776858,24.42594896218368,-0.06802524850909096,0.7959730261514444,-6.764640616895097,0.4601663590389794,-0.06018149635563446,24.001649028703973,0.0088964809461315,0.2525722192061577,0.3913668881860339,-0.029719342834148517,-6.238168682779128,0.16657993774394475,-1.3705357142857142,-1.1677170476705638,-0.6235178672177781,-0.28185207268800544,-0.45692394481768295,-1.3678175162812471,-0.9299600519886122,0.8321016688829838,-0.08400122436854046,-0.25104267168129213,Oil & Gas E&P,Energy,33.3,3929400000,1840239,SM
2018,2018-12-31,2019-02-21,508407000.0,1640155000.0,836337000.0,4.48,487475000.0,0.29721276342784675,6352862000.0,2920322000.0,429263000.0,466052000.0,3432540000.0,0.0,1165842000.0,4250765760.0,26.094806633783687,0.9210624565499129,0.4086871397489824,0.8890570971283304,0.11825458170959577,26.094806633783687,0.17409278839799172,1.0562402699744842,3.407501784987225,0.59322148721956,0.02201189204711973,0.0,0.006459832873485128,0.2581757639312801,0.5064370499429248,0.0800280251640914,-2.81318346123992,0.29721276342784675,4.111111111111112,0.7704183416321558,-0.5693793618704664,0.0818289927188532,1.4939630209452477,4.160889811804058,5.963748375264854,1.687185928352347,-0.3444022100815157,-0.045984865231808496,Oil & Gas E&P,Energy,33.3,3929400000,1840239,SM
2017,2017-12-31,2018-02-21,-160843000.0,1260404000.0,-168489000.0,-1.44,195462000.0,0.15507884773453592,6176776000.0,2394608000.0,549115000.0,559212000.0,3782168000.0,0.0,665657000.0,5055157240.0,21.490182000933338,0.9819442358175433,0.47092042839176945,1.2147165632120163,-0.01486273864520723,21.490182000933338,-0.06716882262148961,1.952017162750991,-15.296470719894554,1.0274459285194069,-0.06928495489390275,0.0,0.004529473246648385,0.20405531947410752,0.847617719219187,-0.026039960005025276,-5.315506968644879,0.15507884773453592,0.8545454545454546,-0.7332073103806126,-0.5178809235852054,-0.010349152841569988,1.940019429241971,0.7877343799489009,0.8409453278769771,-1.1457013097903845,-0.6984274232314752,-0.3681666294553623,Oil & Gas E&P,Energy,33.3,3929400000,1840239,SM
2016,2016-12-31,2017-02-23,-757744000.0,1180376000.0,-1059315000.0,-9.9,-207934000.0,-0.17615912217801785,6393511000.0,2497133000.0,224642000.0,415172000.0,3896378000.0,0.0,794020000.0,5528267640.0,32.613271862919234,0.5410817685200351,0.45320560174214136,1.1603607016526554,-0.12379570261657478,32.613271862919234,-0.30344559140422234,2.2366302263007714,-3.4841115733018007,1.0572382968788607,-0.010229048332946218,0.0,0.0029359129631007824,0.1846209383232468,0.37288160087867195,-0.11851766580209215,-1.1677067287895024,-0.17615912217801785,-0.4977307110438729,-3.9289468829256715,-0.386989872983061,0.4212880552998863,-0.43769619027864204,-0.6924884411784414,-0.8302455324361635,-4.8567033839587985,-0.5470401872104722,0.3520691509187177,Oil & Gas E&P,Energy,33.3,3929400000,1840239,SM
2015,2015-12-31,2016-02-24,-447710000.0,1513934000.0,-578783000.0,-6.61,-144630000.0,-0.09553256614885457,5621643000.0,1852401000.0,518989000.0,302525000.0,3769242000.0,0.0,1559515000.0,3849386180.0,27.352612849401236,1.7155243368316668,0.44790642166355993,1.3593007129665768,-0.08202371993113193,27.352612849401236,-0.241691728734761,0.8794532522553823,-2.9738763485291817,0.7187613157194366,-0.01512586272363807,0.0,0.0050862446688878,0.2693045431735882,0.329106685397901,-0.07964041829052468,-2.544595558443544,-0.09553256614885457,-1.6751787538304392,-3.114855337386691,0.2880815286235652,0.41348373240615827,-1.1426625408984692,-1.672185763552641,-1.4964625574920185,-6.9378573386295646,-0.04718270222378532,0.259623416741228,Oil & Gas E&P,Energy,33.3,3929400000,1840239,SM
2014,2014-12-31,2015-02-25,666051000.0,2521661000.0,1165814000.0,9.79,1013791000.0,0.4020330250576902,6516700000.0,2286655000.0,745043000.0,784660000.0,4230045000.0,0.0,2013997000.0,4959613400.0,34.01242005057266,0.9495106160630081,0.36306719658722975,1.03469915662835,0.15675054324045107,34.01242005057266,0.29127743363122116,1.0285813200108975,3.894196390366503,1.1342915306419203,0.0100938216442885,0.0,0.0025920165889061694,0.3869536728712385,0.36058802538679174,0.1022067917811162,-2.440526884310523,0.4020330250576902,2.900398406374502,7.226875800811512,1.8149875410279104,1.1819835441710576,0.2839086995781478,2.8965162196156435,2.1657791476015262,1.9321127482493659,0.4914825350344418,0.4822630048561524,Oil & Gas E&P,Energy,33.3,3929400000,1840239,SM
2013,2013-12-31,2014-02-19,170935000.0,2267177000.0,368255000.0,2.51,789613000.0,0.348280262193909,4705165000.0,1606821000.0,647501000.0,639131000.0,3098344000.0,0.0,1354669000.0,6854124650.0,24.121008781805898,1.0130959067859329,0.3400518366518496,0.9957549720846317,0.0704541647377582,24.121008781805898,0.10638086009580408,2.441967543778011,32.38875976248281,3.445544120969293,0.03897972913680639,0.0,0.0012034955775601557,0.48184856429051903,0.9469873938206721,0.036329225436302445,-20.013999638499776,0.348280262193909,4.024096385542169,0.7445238088966372,0.6278940958559889,0.33160436689263684,1.1877663317835987,4.150933657763277,19.397112454413747,-0.1791212313055982,0.9610379267201123,0.24648616605762663,Oil & Gas E&P,Energy,33.3,3929400000,1840239,SM
2012,2012-12-31,2013-02-21,-54249000.0,1528254000.0,-20017000.0,-0.83,360922000.0,0.23616623938167347,4199529000.0,1414466000.0,340564000.0,541546000.0,2785063000.0,0.0,1190397000.0,4834928980.0,21.714912954036045,0.6288736321568251,0.34289559614899673,1.0180520422548156,-0.004555027109550686,21.714912954036045,-0.03835298975019548,2.2253205160922205,-62.68972663090564,2.404338442917681,-0.12002064554185331,0.0,0.0019145185661518563,0.36391080999797837,0.48766863756726114,-0.012917877219088141,-5.748260709359872,0.23616623938167347,-1.2601880877742946,-1.2715290260691574,0.46567756389333553,0.5557057677209428,-0.6980795886972038,-1.2518336613807701,-1.0520755286380286,0.47654042615303144,0.7608161299734663,0.3930670813297753,Oil & Gas E&P,Energy,33.3,3929400000,1840239,SM
2011,2011-12-31,2012-02-23,215416000.0,1603318000.0,384384000.0,3.19,1195421000.0,0.7455919536860436,3798980000.0,1462940000.0,463204000.0,505805000.0,2336040000.0,0.0,1251157000.0,5526365500.0,22.946278723237395,0.9157758424689356,0.25929828532921995,0.6733488728177506,0.09977673071372431,22.946278723237395,0.14724869099211177,2.9067786303153835,21.634839102016564,3.1857017375968932,0.029626397296393953,0.0,0.001369383759069995,0.42203907364608395,0.6625932918812586,0.056703641503772065,-5.341162967402852,0.7455919536860436,0.04934210526315787,0.0009555343191776102,0.7971444470030894,0.7375762074134369,0.558215682772986,0.09438774214197534,0.13464257566320612,1.297109215735509,0.202868553719229,0.26675319544868914,Oil & Gas E&P,Energy,33.3,3929400000,1840239,SM
2010,2010-12-31,2011-02-25,196837000.0,1092834000.0,338771000.0,3.04,767173000.0,0.7020032319638664,2744321000.0,1218526000.0,274645000.0,502053000.0,1525795000.0,0.0,1042123000.0,4029359170.0,19.35120456097445,0.5470438380011672,0.11794283540445888,0.26562666697304776,0.13731102283456337,19.35120456097445,0.16153697171828915,3.3955414729043936,18.85195959093057,3.0452884632744808,0.031990936663330576,0.0,0.0016969555079420495,0.3982165351648003,0.35205247254771904,0.07172520998819015,-21.592407378313112,0.7020032319638664,2.9119496855345908,0.17080601126601755,0.33537137553441926,0.9342707053175242,0.5174146869233097,2.9808493509107374,3.5892994993694347,0.019151822884187382,0.08418831013933394,0.3863643207586672,Oil & Gas E&P,Energy,33.3,3929400000,1840239,SM
2009,2009-12-31,2010-02-24,-99370000.0,832201000.0,-130835000.0,-1.59,505579000.0,0.6075202985817129,2360936000.0,973570000.0,209046000.0,296671000.0,1387366000.0,0.0,851583000.0,2613075680.0,15.587844436972636,0.7046391457203434,0.19267866642721362,0.4672514559815935,-0.05707485840949312,15.587844436972636,-0.10206764793491993,2.569724958273302,-21.520858206702226,2.196583378699015,-0.06286605615376874,0.0,0.002921168642530734,0.35248774214972367,0.6399445850790944,-0.04208923918310365,37.66538704052698,0.6075202985817129,-2.0965517241379312,-1.9927088905712422,0.775214345911452,0.8566219766587093,-0.4367849511956563,-2.085382237611001,-1.7642186669470388,-1.4713301784862205,-0.047807666438030076,0.18036863167346004,Oil & Gas E&P,Energy,33.3,3929400000,1840239,SM
2008,2008-12-31,2009-02-24,91553000.0,1301301000.0,171201000.0,1.45,897666000.0,0.6898219551049296,2695016000.0,1127485000.0,311794000.0,296601000.0,1567531000.0,0.0,964019000.0,1958175330.0,18.114245778641774,1.0512236978297442,0.21799499520596538,0.5210712337636421,0.060361652840514535,18.114245778641774,0.08120108028044719,0.9714549746753441,13.807907223138509,1.1212169829310368,0.06756741996439221,0.0,0.00489338600502519,0.48285464724513694,0.9765071594499007,0.033971226886964676,-8.47181210167606,0.6898219551049296,-0.5068027210884354,-0.03865017127251739,2.31518277931787,1.896495039865653,0.3383717376232826,-0.5174106013325461,-0.46401031899339723,-0.4490818686413257,0.6086512755010727,0.8106291444621081,Oil & Gas E&P,Energy,33.3,3929400000,1840239,SM
TTM,,,,,,,,,,,,,,,,5024522000.0,26.545314824403516,1.3429483650776175,0.2679639968804928,0.4870250279042478,0.2670524506522797,26.545314824403516,0.4340419932721668,1.2849730359719853,3.211156260402301,1.2544586575928192,0.030059283212072217,15.013902938491524,0.013513513513513513,0.5209336784461338,1.1820717895536859,0.21494140362150388,5.570227478598129,0.6020040137830314,,,,,,,,,,,Oil & Gas E&P,Energy,33.3,3929400000,1840239,SM
