Year,Date,FillingDate,NetIncome,Revenue,OperatingIncome,EPSDiluted,GrossProfit,GrossProfitRatio,TotalAssets,CommonStockEquity,CurrentAssets,CurrentLiability,TotalLiability,Inventory,RetainedEarnings,EnterpriseValue,bookValuePerShare,currentRatio,debtToAssets,debtToEquity,roic,shareholdersEquityPerShare,roe,priceToSalesRatio,peRatio,pbRatio,payoutRatio,inventoryTurnover,dividendYield,assetTurnover,quickRatio,returnOnAssets,priceToFreeCashFlowsRatio,grossProfitMargin,epsdilutedGrowth,fiveYNetIncomeGrowthPerShare,fiveYRevenueGrowthPerShare,fiveYShareholdersEquityGrowthPerShare,grossProfitGrowth,netIncomeGrowth,operatingIncomeGrowth,threeYNetIncomeGrowthPerShare,threeYRevenueGrowthPerShare,threeYShareholdersEquityGrowthPerShare,Industry,Sector,Price,MarketCap,AvgVolume,Symbol
2022,2022-12-31,2023-02-24,44801000.0,108940000.0,77706000.0,2.61,102504000.0,0.9409216082,3227159000.0,252825000.0,393282000.0,14481000.0,2974334000.0,0.0,46736000.0,374583401.67999995,14.760674771702147,27.158483530142945,0.05511008289334365,0.7034470483536043,0.1273430711021835,14.760674771702147,0.1772016216750717,4.282856633743345,10.414374716635788,1.845444088519727,0.3415325550768956,0.0,0.03279434093449085,0.033757245924356374,28.99696153580554,0.013882489211098678,10.255734859102297,0.9409216082247108,-0.07773851590106014,4.840724556226501,0.6937549821428943,-0.0936177617968833,0.2225270138110345,0.055606606818877975,0.5200704225352113,0.45200342243330244,0.783731138630998,1.20511590901612,Banks—Regional,Financial Services,21.63,373305681,36403,FSBC
2021,2021-12-31,2022-02-25,42441000.0,83846000.0,51120000.0,2.83,83846000.0,1.0,2556761000.0,235046000.0,610228000.0,7439000.0,2321715000.0,0.0,17168000.0,37772110.0,15.698370300435387,82.03091813415782,0.011102328297404412,0.12076784969750602,0.17468058973006093,15.698370300435387,0.18056465542915004,5.357191875581423,10.58361278009472,1.9110263948333517,1.2238637166890507,0.0,0.11563761279993631,0.032793835638137474,82.03091813415782,0.01659951790566267,16.076560844667142,1.0,0.2805429864253394,9.542614293133886,0.5429172900815779,-0.059842100090061766,0.1364326375711575,0.18127922511690048,0.10089372240766663,24.511137416875865,353.4767564992059,-0.05400294479970813,Banks—Regional,Financial Services,21.63,373305681,36403,FSBC
2020,2020-12-31,2020-12-31,35928000.0,73780000.0,46435000.0,2.21,73780000.0,1.0,1953765000.0,133775000.0,434569000.0,7669000.0,1819990000.0,0.0,22348000.0,39427460.0,8.224577601617876,56.66566697092189,0.014495090248827265,0.21169874789758925,0.27626400624367303,8.224577601617876,0.2685703606802467,4.409127947953375,9.054371520819418,2.4317358250794245,0.7339401024270764,0.0,0.0810591989448932,0.037762985824804925,56.66566697092189,0.018389110256351197,6.423629793452076,1.0,0.22777777777777772,7.215475225556991,0.24978666510171646,-0.5074392145426125,0.2721347655913237,0.22621160409556315,0.10570054290884846,3.932470624048978,0.20796489477175015,-0.4949681386435701,Banks—Regional,Financial Services,21.63,373305681,36403,FSBC
2019,2019-12-31,2020-03-30,29300000.0,57997000.0,41996000.0,1.8,57997000.0,1.0,1479859000.0,108877000.0,277987000.0,5979000.0,1370982000.0,0.0,12789000.0,181248460.0,6.693831698982243,46.493895300217424,0.03598518507506458,0.4891115662628471,0.24997472132116694,6.693831698982243,0.2691110151822699,5.609004948531821,11.10257542662116,2.987825344195744,0.8968600682593857,0.0,0.08077946186332072,0.03919089588940568,46.493895300217424,0.019799183570867223,11.455627707152164,1.0,15.200162001620017,5.699883770563902,-0.017567400163943526,-0.5991138804840666,1932.2333333333333,137.86255924170615,66.9546925566343,5.699883770563902,-0.017567400163943526,-0.5991138804840666,Banks—Regional,Financial Services,21.63,373305681,36403,FSBC
2018,2018-12-31,2019-03-27,211000.0,30000.0,618000.0,0.11111,30000.0,1.0,328269000.0,31513000.0,25498000.0,13750000.0,296756000.0,0.0,16212000.0,103515000.0,16.594523433385994,1.8544,0.2188022627783921,2.279249833402088,0.002041823512904131,16.594523433385994,0.0066956494145273375,1266.0,180.0,1.2052168946149207,0.0,0.0,0.0,9.138846494795427e-05,1.8544,0.0006427655368006117,-45.26817640047676,1.0,-0.7529298711943794,-0.5867446393762183,-0.9956473386144712,-0.006172487808767369,-0.9958106409719313,-0.752927400468384,-0.45741878841088673,-0.5867446393762183,-0.9956473386144712,-0.006172487808767369,Banks—Regional,Financial Services,21.63,373305681,36403,FSBC
2017,2017-12-31,2018-03-30,854000.0,7161000.0,1139000.0,0.44971037388099,7161000.0,1.0,314382000.0,31056000.0,29534000.0,13000000.0,283326000.0,0.0,16077000.0,92190000.0,16.285264813843735,2.2718461538461536,0.20499583309477007,2.07518675940237,0.00894212747243542,16.285264813843735,0.027498712004121587,5.326071777684681,44.66042154566745,1.2281040700669756,0.0,0.0,0.0,0.022778021642460445,2.2718461538461536,0.0027164405086805223,14.194268701153703,1.0,0.6647173489278752,0.6655902998187656,0.03462167693032892,-0.0246936418338978,0.03407942238267148,0.6647173489278753,0.7550077041602465,0.6655902998187656,0.03462167693032892,-0.0246936418338978,Banks—Regional,Financial Services,21.63,373305681,36403,FSBC
2016,2016-12-31,2017-03-16,513000.0,6925000.0,649000.0,0.27014218009478674,6925000.0,1.0,273721000.0,31859000.0,25806000.0,0.0,241862000.0,0.0,15923000.0,87566000.0,16.697589098532493,0.0,0.2075580609452691,1.7832637559245426,0.0057853662937567656,16.697589098532493,0.016102200320160708,5.5104693140794225,74.3859649122807,1.1977777080259897,0.0,0.0,0.0,0.025299483780930217,0.0,0.001874171145071076,-343.7837837837838,1.0,0.0,0.0,0.0,0.0,0.0,0.0,0.0,0.0,0.0,0.0,Banks—Regional,Financial Services,21.63,373305681,36403,FSBC
TTM,,,,,,,,,,,,,,,,214822681.0,15.198446383109582,208.39480579980201,0.05859727760921294,0.763738413848137,0.1409090375517904,15.198446383109582,0.195143918639997,3.2339037640230432,7.712230012889813,1.4231717805076423,0.2151767151767152,0.0,0.030050855293573736,0.03397837346510826,29.831130262621556,0.014158268841094184,8.745389143981633,0.9435873002122407,,,,,,,,,,,Banks—Regional,Financial Services,21.63,373305681,36403,FSBC
