Quarters,Year,Quarter,FillingDate,Date,NetIncome,Revenue,OperatingIncome,EPSDiluted,GrossProfit,GrossProfitRatio,TotalAssets,CommonStockEquity,CurrentAssets,CurrentLiability,TotalLiability,Inventory,RetainedEarnings,MarketCap,EnterpriseValue,bookValuePerShare,currentRatio,debtToAssets,debtToEquity,roic,shareholdersEquityPerShare,roe,priceToSalesRatio,peRatio,pbRatio,payoutRatio,inventoryTurnover,dividendYield,assetTurnover,quickRatio,returnOnAssets,priceToFreeCashFlowsRatio,grossProfitMargin,epsdilutedGrowth,fiveYNetIncomeGrowthPerShare,fiveYRevenueGrowthPerShare,fiveYShareholdersEquityGrowthPerShare,grossProfitGrowth,netIncomeGrowth,operatingIncomeGrowth,threeYNetIncomeGrowthPerShare,threeYRevenueGrowthPerShare,threeYShareholdersEquityGrowthPerShare,Industry,Sector,Symbol
2023Q1,2023,Q1,2023-05-05,2023-03-31,14162000.0,84628000.0,53513000.0,0.15,-10727000.0,-0.1267547384,6170249000.0,1737506000.0,430324000.0,12109000.0,4346957000.0,0.0,-1079047000.0,1558729980.0,3900357980.0,19.02781610705916,35.537534065571066,0.4164144753315466,1.4787753250924025,0.012387750353052226,19.02781610705916,0.008150763220386001,18.418608262040934,27.516063762180483,0.897107681930307,3.4000847337946616,0.0,0.03089181616946894,0.013715491870749462,41.86877529110579,0.002295207211248687,-136.68274114345843,-0.12675473838445905,2.3636363636363638,0.9864013553172963,7.628128007207263,6.605664982464985,0.8240927502008822,1.3276951199759355,3.1264006993562745,1.099991392242447,0.6692717539262738,2.6066483134283915,REIT—Mortgage,Real Estate,NYMTZ
2022Q4,2022,Q4,2023-02-24,2022-12-31,-43217000.0,25829000.0,-25166000.0,-0.11,-60981000.0,-2.3609508692,6240745000.0,1767216000.0,419054000.0,10629000.0,4376634000.0,0.0,-1052768000.0,5750439500.0,8145529500.0,4.686605954205761,39.42553391664315,0.42299565196142447,1.4937664665779395,-0.005807631792905525,4.686605954205761,-0.02445484875646214,222.6350032908746,-33.2649160052757,3.253953959221737,-1.1097253395654487,0.0,0.008340058181639855,0.004138768688674189,39.42553391664315,-0.006924974502242921,683.5995601521636,-2.3609508691780556,0.6451612903225807,-2.420072381233555,-0.3331702997502349,0.8293129419252041,-0.5453094115858294,0.6334249410487387,0.8327362635171511,-1.6639524758536166,-0.611030149399988,-0.19398892689906777,REIT—Mortgage,Real Estate,NYMTZ
2022Q3,2022,Q3,2022-11-04,2022-09-30,-117894000.0,14221000.0,-150457000.0,-0.31,-39462000.0,-2.7749103439,6769469000.0,1917506000.0,457962000.0,97210000.0,4787563000.0,0.0,-965788000.0,5742897940.0,7887396940.0,5.0851707073868,4.7110585330727295,0.3836320101325525,1.3543556056669444,-0.03317068109560007,5.0851707073868,-0.061482988840712884,403.8322157372899,-12.178096298369722,2.9949830352551703,-0.4116579300049197,0.0,0.008450785736930578,0.0021007556131802953,5.504804032506944,-0.01741554618242583,-320.6531513121161,-2.7749103438576754,-0.2916666666666667,-5.259403612428228,-0.6202645087699526,1.290876188511119,0.115796549406229,-0.29813473100046245,-4.02948353668728,-3.8662629253501537,-0.7105932226384264,0.04413034593861204,REIT—Mortgage,Real Estate,NYMTZ
2022Q2,2022,Q2,2022-08-04,2022-06-30,-90818000.0,26129000.0,-29915000.0,-0.24,-44630000.0,-1.7080638371,7299536000.0,2092991000.0,547610000.0,97039000.0,5135364000.0,0.0,-802448000.0,7185620000.000001,9988938000.0,5.490532528856243,5.643195004070528,0.45310564945497905,1.580255720163154,-0.0055356269315795644,5.490532528856243,-0.043391490933310274,275.0055493895672,-19.780274835385057,3.4331824647119844,-0.5353344050738841,0.0,0.006766013231982764,0.0035795425901043575,6.520646338070261,-0.012441612727165124,-53.816000359491326,-1.7080638371158483,-0.04347826086956513,-7.304150293276168,0.07534819237842794,1.4843258049639725,-2.4936912212590783,-0.023658968202977942,0.3388950276243094,-4.975205568700556,-0.21101106652171422,0.3630269872948243,REIT—Mortgage,Real Estate,NYMTZ
2022Q1,2022,Q1,2022-05-05,2022-03-31,-88719000.0,29879000.0,-45250000.0,-0.23,29879000.0,1.0,6541752000.0,2217618000.0,529844000.0,8125000.0,4238390000.0,0.0,-681915000.0,8496221881.000001,11315819881.0,5.823653146706233,65.21156923076923,0.4774500775938923,1.4084301263788443,-0.00845542195373496,5.823653146706233,-0.04000643934167201,284.3542916764283,-23.941382006672754,3.831237788023005,-0.5415750853819362,0.0,0.005655219540281683,0.004567430865615205,65.21156923076923,-0.013561963217193192,222.51903726887016,1.0,-3.5027203482045706,-5.607517814899564,-0.022004122944666662,1.6138042688159362,-0.48687961531856433,-3.5435493119266055,-1.768460023096257,-3.002342751883899,-0.4943033551107871,0.6018936386935169,REIT—Mortgage,Real Estate,NYMTZ
2021Q4,2021,Q4,2022-02-25,2021-12-31,34880000.0,58230000.0,58884000.0,0.0919,58230000.0,1.0,5617339000.0,2341031000.0,529233000.0,137898000.0,3276308000.0,0.0,-559338000.0,9407780800.0,11767255800.0,6.1712289044829785,3.837858417090893,0.47158930589732967,1.1315856133472817,0.011419706781524002,6.1712289044829785,0.014899418247772028,161.5624386055298,67.42962155963303,4.018648535623834,0.0,0.0,0.0,0.010366118192261495,3.556585302179872,0.006209345741818324,332.19564971751413,1.0,-0.34357142857142864,1.704504923625649,1.8667782591571487,1.7604056245025497,0.0,-0.32371645726694587,0.0,2.6329549005311947,1.276298815527149,0.9849523778838026,REIT—Mortgage,Real Estate,NYMTZ
2021Q3,2021,Q3,2021-11-04,2021-09-30,51576000.0,74011000.0,0.0,0.14,0.0,0.0,4912809000.0,2357793000.0,0.0,0.0,2550390000.0,0.0,-543756000.0,9290183540.0,10975976540.0,6.215415478217775,0.0,0.42635038325324676,0.8883638215907843,0.0,6.215415478217775,0.021874693834446027,125.52436178405912,45.03152406157903,3.9402032069821225,0.9419303552039708,0.0,0.005229283123506514,0.015064904823289487,0.0,0.010498270948453318,-1422.4748951156025,0.0,0.0,1.2166064981949458,1.3001926902038785,1.7416516471121757,0.0,-0.03125469571750564,0.0,0.5181467636063933,0.7185482747410952,1.1285617946488784,REIT—Mortgage,Real Estate,NYMTZ
2021Q2,2021,Q2,2021-08-06,2021-06-30,53240000.0,61994000.0,0.0,0.14,0.0,0.0,4780927000.0,2321161000.0,0.0,0.0,2454568000.0,0.0,-542600000.0,9290183540.0,10875036540.0,6.11884928271288,0.0,0.3994580967247565,0.8227692951932244,0.0,6.11884928271288,0.022936797576729923,149.85617221021388,43.624077479338844,4.002386538460709,0.9057663410969196,0.0,0.005190747824558049,0.012966941348403772,0.0,0.011135915691663981,198.72900530503978,0.0,0.0,2.6882577069622444,1.3224815494698983,1.6866315495846487,0.0,0.019767085504137298,0.0,0.7929548056846499,0.672349608848125,1.2846814906389676,REIT—Mortgage,Real Estate,NYMTZ
2021Q1,2021,Q1,2021-05-07,2021-03-31,52208000.0,65166000.0,0.0,0.14,0.0,0.0,4726174000.0,2308853000.0,0.0,0.0,2411823000.0,0.0,-547491000.0,9290183540.0,10706270540.0,6.086403968936011,0.0,0.36119364204534155,0.7393558619799528,0.0,6.086403968936011,0.022612093537353828,142.5618196605592,44.48639834891204,4.023722402422328,0.921410511798958,0.0,0.005178046245575037,0.01378832010840058,0.0,0.01104656747720249,382.0605173548281,0.0,-0.33333333333333326,2.0799362869447227,1.5202459682097689,1.6386650179198365,0.0,-0.35080018403611085,0.0,0.7627118644067798,0.5992833828257295,1.4328146370144335,REIT—Mortgage,Real Estate,NYMTZ
2020Q4,2020,Q4,2021-02-26,2020-12-31,80419000.0,81099000.0,0.0,0.21,0.0,0.0,4655587000.0,2301202000.0,0.0,0.0,2348014000.0,0.0,-551268000.0,9290183540.0,10800985540.0,6.066235046632889,0.0,0.3874881942921483,0.7839316148690988,0.0,6.066235046632889,0.03494651925385081,114.55361397797753,28.88056162100996,4.037100411002598,0.4803342493689302,0.0,0.0041579372284393,0.017419715279727348,0.0,0.017273654213743616,273.5866990605766,0.0,-0.2222222222222223,18.115521749465177,4.9482910371131,1.6134401482750083,0.0,-0.20879369545754173,0.0,1.6266984583224455,1.0812225729463392,1.3678206335242034,REIT—Mortgage,Real Estate,NYMTZ
2020Q3,2020,Q3,2020-11-06,2020-09-30,101641000.0,106250000.0,0.0,0.27,0.0,0.0,4621113000.0,2253383000.0,0.0,0.0,2367730000.0,0.0,-583616000.0,9290183540.0,10255672540.0,5.940178623209419,0.0,0.34955020576211837,0.7168381939510505,0.0,5.940178623209419,0.04510595846334156,87.43702155294118,22.850482433270038,4.122771646009577,0.3884259304808099,0.0,0.004249646934316649,0.022992296444601115,0.0,0.021994917674594845,243.5811101206083,0.0,-0.12903225806451607,2.96539481897628,1.6812526812526816,1.474483005508166,0.0,-0.13726838294585486,0.0,2.6502424133596696,1.8201725282017256,1.6760583953741632,REIT—Mortgage,Real Estate,NYMTZ
2020Q2,2020,Q2,2020-08-07,2020-06-30,117813000.0,130606000.0,0.0,0.31,0.0,0.0,4616730000.0,2164705000.0,0.0,0.0,2453789000.0,0.0,-646629000.0,9290183540.0,10331534540.0,5.706413142619139,0.0,0.30607118025095686,0.6527670052039424,0.0,5.706413142619139,0.054424505879554025,71.13136869669081,19.713833660122393,4.291662623775526,0.0,0.0,0.0,0.028289720213224512,0.0,0.025518711295657318,508.07675909215203,0.0,1.1998646078462978,3.7831188339896884,2.7252139189960065,1.3750149487245034,0.0,1.2002318217895487,0.0,7.2179827008928585,4.401406120760959,1.582006271611594,REIT—Mortgage,Real Estate,NYMTZ
2020Q1,2020,Q1,2020-05-26,2020-03-31,-588383000.0,210613000.0,0.0,-1.55105,0.0,0.0,4718301000.0,2001339000.0,0.0,0.0,2717850000.0,0.0,-724962000.0,9290183540.0,10370155540.0,5.27576144206081,0.0,0.26545254319298406,0.6258235111592788,0.0,5.27576144206081,-0.2939946705680547,44.11020943626462,-3.9473368282224333,4.641983961737616,-0.11633408851037505,0.0,0.007367884574646413,0.0446374659013912,0.0,-0.12470230279924914,460.6626439232409,0.0,-10.123823529411764,-25.99184470968016,5.005503279155974,1.4003806855458234,0.0,-9.985415839467334,0.0,-31.67370451464915,5.920091999342862,1.3678964785724514,REIT—Mortgage,Real Estate,NYMTZ
2019Q4,2019,Q4,2020-02-28,2019-12-31,65482000.0,66803000.0,0.0,0.17,0.0,0.0,23483369000.0,2205733000.0,0.0,0.0,21278340000.0,0.0,-148863000.0,9290183540.0,27167084540.0,5.814567703363156,0.0,0.7663152591095426,8.158586737379366,0.0,5.814567703363156,0.029687183353560926,139.06835830726166,35.4684628600226,4.211835040777827,0.9020646895330015,0.0,0.006358216685996712,0.0028446940470934984,0.0,0.0027884414710683124,1065.0216141235812,0.0,0.5454545454545455,0.5599866590432628,0.14943735159503063,1.6967357722632945,0.0,0.5824935353681819,0.0,4.07730479956579,2.2888440330838913,1.600870206054889,REIT—Mortgage,Real Estate,NYMTZ
2019Q3,2019,Q3,2019-11-07,2019-09-30,41379000.0,49434000.0,0.0,0.11,0.0,0.0,19759249000.0,1847508000.0,0.0,0.0,17912250000.0,0.0,-145896000.0,9290183540.0,24422925540.0,4.87024510605094,0.0,0.7691915821294625,8.226566813242487,0.0,4.87024510605094,0.02239719665625264,187.9310502892746,56.12861318543222,5.028494350227441,1.1699654414074772,0.0,0.005211091879030842,0.002501815731964307,0.0,0.0020941585381104313,478.55475918199147,0.0,0.8333333333333334,0.04163624921334163,-0.11593969633564023,1.6080858074161073,0.0,0.8200571805586101,0.0,0.7783651366683858,0.536362506215813,1.1482900963964695,REIT—Mortgage,Real Estate,NYMTZ
2019Q2,2019,Q2,2019-08-06,2019-06-30,22735000.0,32956000.0,0.0,0.06,0.0,0.0,18265484000.0,1528078000.0,0.0,0.0,16737802000.0,0.0,-128207000.0,9290183540.0,23154021540.0,4.0281906228087285,0.0,0.7664089820997899,9.161070966272664,0.0,4.0281906228087285,0.014878167213977297,281.8965754339119,102.1572854629426,6.079652700974688,1.9129535957774357,0.0,0.004681392979239246,0.0018042774010258913,0.0,0.0012446973756622052,-7565.296042345277,0.0,-0.5,-0.28459045281475187,-0.18741524274477894,1.2010549544255078,0.0,-0.4849226307800358,0.0,0.57499134049186,0.23463080208294307,0.768676349906883,REIT—Mortgage,Real Estate,NYMTZ
2019Q1,2019,Q1,2019-05-07,2019-03-31,44139000.0,58860000.0,0.0,0.12,0.0,0.0,17555141000.0,1379105000.0,0.0,0.0,16175689000.0,0.0,-102530000.0,9290183540.0,23001553540.0,3.6354805375567425,0.0,0.7847689175495657,9.989615729041661,0.0,3.6354805375567425,0.03200553982474141,157.83526231736323,52.61890584290536,6.736385945957704,0.8392351435238677,0.0,0.003987327036167469,0.0033528639844020622,0.0,0.0025143062080788758,1151.9136441413516,0.0,3.8,0.9435075514068073,0.7419870372014562,1.4372616384078947,0.0,3.597333611082179,0.0,1.60391717302814,1.2763661677688827,0.5761055898917498,REIT—Mortgage,Real Estate,NYMTZ
2018Q4,2018,Q4,2019-02-25,2018-12-31,9601000.0,25581000.0,0.0,0.025,0.0,0.0,14737638000.0,1179389000.0,0.0,0.0,13557345000.0,0.0,-103178000.0,9290183540.0,20511071540.0,3.1090060261608135,0.0,0.7684143144240617,9.602100748777545,0.0,3.1090060261608135,0.00814065588198635,363.16733278605216,241.9066644099573,7.877115642082468,3.5587959587542963,0.0,0.0036778605990813395,0.001735759827999575,0.0,0.0006514612450109034,1876.8047555555556,0.0,-0.7222222222222223,-0.5877098810495126,-0.15038692749676186,1.4536559690096655,0.0,-0.717393224030848,0.0,1.2821487996196812,0.8762652193046795,0.3394141683493729,REIT—Mortgage,Real Estate,NYMTZ
2018Q3,2018,Q3,2018-11-06,2018-09-30,33973000.0,43066000.0,0.0,0.09,0.0,0.0,12326911000.0,1107693000.0,0.0,0.0,11218222000.0,0.0,-75736000.0,9290183540.0,19054863540.0,2.9200070647904552,0.0,0.7968055419561316,8.867214110768959,0.0,2.9200070647904552,0.03067005027566302,215.71967538197185,68.36446251434963,8.386966009535133,0.9062490801518853,0.0,0.0033140357095679082,0.003493657088949535,0.0,0.0027560027001087297,1141.3001891891893,0.0,0.1538461538461538,0.8477646035026649,0.8006438934648994,1.3188872118120178,0.0,0.14410318582878695,0.0,0.32541354556804,0.08678426325485145,0.216378886243642,REIT—Mortgage,Real Estate,NYMTZ
2018Q2,2018,Q2,2018-08-06,2018-06-30,29694000.0,37070000.0,0.0,0.078,0.0,0.0,11640873000.0,1015967000.0,0.0,0.0,10624672000.0,0.0,-75541000.0,9290183540.0,18374789540.0,2.678206703115362,0.0,0.7876834495144823,9.025217354500688,0.0,2.678206703115362,0.029227327265550947,250.6119109792285,78.21599936014009,9.144178442803751,0.9546709773018118,0.0,0.0030513928899191588,0.0031844690685999236,0.0,0.0025508396148639367,2604.480947574993,0.0,0.0,1.495294117647059,1.1656832388853189,1.146433340093973,0.0,0.0025660071578094404,0.0,0.20555397669603362,0.05733029092983452,0.1146723513877354,REIT—Mortgage,Real Estate,NYMTZ
2018Q1,2018,Q1,2018-05-08,2018-03-31,29618000.0,40747000.0,0.0,0.078,0.0,0.0,11765879000.0,949046000.0,0.0,0.0,10815092000.0,0.0,-74447000.0,9290183540.0,18521838540.0,2.5017951948880444,0.0,0.7901789573052723,9.796311243079893,0.0,2.5017951948880444,0.031208181689823256,227.9967492085307,78.41670217435343,9.78897075589592,0.9577621716523735,0.0,0.003053438059416424,0.0034631496720304534,0.0,0.0025172789895255595,1315.33109726745,0.0,-0.03703703703703707,0.925372164077228,1.0650212852219745,1.8894863113795795,0.0,-0.03259733472694016,0.0,0.2580384827761967,0.16187624750499,0.1382737697584075,REIT—Mortgage,Real Estate,NYMTZ
2017Q4,2017,Q4,2018-02-27,2017-12-31,30616000.0,38967000.0,0.0,0.081,0.0,0.0,12056285000.0,971865000.0,0.0,0.0,11080284000.0,0.0,-75717000.0,9290183540.0,18767169540.0,2.5619487222746518,0.0,0.7939574255253588,9.849286680763274,0.0,2.5619487222746518,0.03150231770873527,238.41156722354813,75.86052668539325,9.559129652780992,0.8360334465638881,0.0,0.0027551662343153235,0.0032320901504899724,0.0,0.002539422384258501,3053.972235371466,0.0,0.10958904109589052,2.2604898828541007,2.1414866172202514,2.0181580467444706,0.0,0.0995151732806608,0.0,-0.27063083666857246,-0.3295192539316563,0.1882050598647556,REIT—Mortgage,Real Estate,NYMTZ
2017Q3,2017,Q3,2017-11-07,2017-09-30,27845000.0,37675000.0,0.0,0.073,0.0,0.0,10264922000.0,842053000.0,0.0,0.0,9418917000.0,0.0,-77966000.0,9290183540.0,17584751540.0,2.219749252661159,0.0,0.8179771848242003,9.971429351834148,0.0,2.219749252661159,0.03306798978211585,246.58748613138687,83.40980014365236,11.032777675514486,0.9194828514993715,0.0,0.0027559197178143157,0.0036702665641297617,0.0,0.0027126362967005496,607.5589261657184,0.0,0.9210526315789473,2.518892960950335,2.1229277188328908,2.792792346428603,0.0,0.9423130580357143,0.0,-0.29905601006922594,-0.3262335246883774,0.18870742556576506,REIT—Mortgage,Real Estate,NYMTZ
2017Q2,2017,Q2,2017-08-07,2017-06-30,14336000.0,24180000.0,0.0,0.038,0.0,0.0,10406574000.0,838381000.0,0.0,0.0,9563131000.0,0.0,-80217000.0,9290183540.0,17705663540.0,2.2100694352912647,0.0,0.8159141519581756,10.127699697392952,0.0,2.2100694352912647,0.01709962415655889,384.20941025641025,162.00794398716516,11.081099810229476,1.7852957589285714,0.0,0.0027549509533156113,0.002323531260143828,0.0,0.0013775907421597156,2593.574410943607,0.0,-0.2549019607843137,1.7907338913762896,2.1103678929765883,6.4198918497933475,0.0,-0.25263267646752163,0.0,-0.5488844834639227,-0.4038020563651158,0.2076102487871771,REIT—Mortgage,Real Estate,NYMTZ
2017Q1,2017,Q1,2017-05-09,2017-03-31,19182000.0,30435000.0,0.0,0.051,0.0,0.0,10449586000.0,845197000.0,0.0,0.0,9596840000.0,0.0,-68949000.0,9290183540.0,17732344540.0,2.228037200866755,0.0,0.81488338389674,10.074803862294825,0.0,2.228037200866755,0.0226953006222218,305.2467074092328,121.0794434886873,10.991737476588298,1.5628714419768532,0.0,0.0032269545451843683,0.0029125555787569,0.0,0.0018356708103077002,1304.617826148013,0.0,0.4999999999999998,2.285151567049152,2.611605553577786,8.191319761625126,0.0,0.4873226331705048,0.0,-0.1553872572762098,-0.09926307378140803,0.4936978873961282,REIT—Mortgage,Real Estate,NYMTZ
2016Q4,2016,Q4,2017-02-28,2016-12-31,12897000.0,20312000.0,0.0,0.034,0.0,0.0,8951631000.0,848075000.0,0.0,0.0,8100469000.0,0.0,-62537000.0,9290183540.0,16127055540.0,2.2356239422585187,0.0,0.7730910713366089,8.160158004893436,0.0,2.2356239422585187,0.015207381422633611,457.3741404096101,180.08419671241373,10.954436270377029,2.2890594711948515,0.0,0.0031777628367501555,0.002269083701059617,0.0,0.0014407430333086787,1005.4311190476191,0.0,-0.44262295081967207,7.816596194503172,7.987610619469026,8.94482750533549,0.0,-0.4457194430118618,0.0,-0.4461716837720616,-0.3253844365472119,0.7643748465670548,REIT—Mortgage,Real Estate,NYMTZ
2016Q3,2016,Q3,2016-11-03,2016-09-30,23268000.0,32176000.0,0.0,0.061,0.0,0.0,9361326000.0,859990000.0,0.0,0.0,8498246000.0,0.0,-45456000.0,9290183540.0,16512183540.0,2.267033262509688,0.0,0.7784454894530967,8.473682252119211,0.0,2.267033262509688,0.027056128559634414,288.7302194181999,99.81716885851813,10.802664612379212,1.268738181193055,0.0,0.0031776551962502996,0.0034371199122859306,0.0,0.0024855453169775306,451.2426432873519,0.0,0.6052631578947368,1552.1999999999998,43.2585969738652,10.400108699974815,0.0,0.6119154832005542,0.0,0.26552811922114644,0.3453192290002928,0.8003362062288172,REIT—Mortgage,Real Estate,NYMTZ
2016Q2,2016,Q2,2016-08-05,2016-06-30,14435000.0,26693000.0,0.0,0.038,0.0,0.0,9388142000.0,863967000.0,0.0,0.0,8521099000.0,0.0,-39202000.0,9290183540.0,16613668540.0,2.277517095211232,0.0,0.7853977922362061,8.534383836419678,0.0,2.277517095211232,0.01670781407160227,348.0381950324055,160.89683997228957,10.752937947861435,2.0425355039833737,0.0,0.003173672497755626,0.002843267602897357,0.0,0.0015375779360814951,1690.6612447679709,0.0,-0.15555555555555556,2.4624610218277767,2.383572062365319,9.606418110168555,0.0,-0.14842782136747096,0.0,0.21302521008403366,0.5594438277735586,0.8253029611601257,REIT—Mortgage,Real Estate,NYMTZ
2016Q1,2016,Q1,2016-03-31,2016-03-31,16951000.0,25857000.0,0.0,0.045,0.0,0.0,9252944000.0,875008000.0,0.0,0.0,8377936000.0,0.0,-24115000.0,9290183540.0,16446039540.0,2.306622450216952,0.0,0.777675407956646,8.223681383484493,0.0,2.306622450216952,0.01937239430953774,359.2908512201725,137.015272550292,10.61725554509216,1.7391894283523095,0.0,0.003173349576256058,0.0027944619571889768,0.0,0.0018319574829373225,501.60269639868255,0.0,3.0909090909090913,5.742641209228322,4.5475219909890585,11.287539846372049,0.0,3.029236985975755,0.0,0.10193070272378606,0.3104094871275086,1.6640685892439593,REIT—Mortgage,Real Estate,NYMTZ
2015Q4,2015,Q4,2016-02-25,2015-12-31,4207000.0,13634000.0,0.0,0.011,0.0,0.0,9059564000.0,880526000.0,0.0,0.0,8179038000.0,0.0,-11583000.0,9290183540.0,16326363540.0,2.321168537430209,0.0,0.7834967554730007,8.061248617303749,0.0,2.321168537430209,0.004777825981288457,681.3982352941176,552.0670038031851,10.550720296731726,7.007844069408129,0.0,0.0031734572167559138,0.0015049289347699294,0.0,0.0004643711330920561,1208.0862860858258,0.0,-0.8382352941176471,3.132612966601179,3.046898189373701,11.856834143706106,0.0,-0.8358692259675405,0.0,-0.5519701810436635,0.09916156078684281,1.7345018415805915,REIT—Mortgage,Real Estate,NYMTZ
2015Q3,2015,Q3,2015-11-05,2015-09-30,25632000.0,39627000.0,0.0,0.068,0.0,0.0,9361810000.0,910648000.0,0.0,0.0,8451162000.0,0.0,13692000.0,9290183540.0,16492769540.0,2.4005736188071047,0.0,0.7825823211537085,8.04524580298864,0.0,2.4005736188071047,0.028146989835809225,234.44074847957202,90.6111846519975,10.201728373641627,1.2728230337078652,0.0,0.0035117713078034627,0.004232835317102141,0.0,0.002737932087918896,686.7881673689658,0.0,0.04615384615384619,15.253646163601774,8.700611995104039,12.497680347429114,0.0,0.04063984409889976,0.0,2.239226589157083,2.2847314323607426,3.1017593485095527,REIT—Mortgage,Real Estate,NYMTZ
2015Q2,2015,Q2,2015-08-06,2015-06-30,24631000.0,35060000.0,0.0,0.065,0.0,0.0,9405444000.0,911449000.0,0.0,0.0,8493995000.0,0.0,17541000.0,9290183540.0,16485761540.0,2.402685147596126,0.0,0.7763630297517055,8.011461968799132,0.0,2.402685147596126,0.0270240024400707,264.97956474614944,94.2936090698713,10.192762886349099,1.242336892533799,0.0,0.0032937992955949717,0.003727628382030662,0.0,0.002618802472270315,1017.8792089405061,0.0,0.04838709677419359,14.973411154345005,7.806832454157247,13.032438840392285,0.0,0.046213311812428326,0.0,3.794821880474985,3.5099048109081554,7.066562823587721,REIT—Mortgage,Real Estate,NYMTZ
2015Q1,2015,Q1,2015-05-07,2015-03-31,23543000.0,35070000.0,0.0,0.062,0.0,0.0,9584793000.0,833759000.0,0.0,0.0,8751034000.0,0.0,25536000.0,9290183540.0,16691553540.0,2.197885307871969,0.0,0.7814837524399327,8.983843052968544,0.0,2.197885307871969,0.028237176450269203,264.90400741374395,98.65122902773648,11.142528644368456,1.2670008070339378,0.0,0.0032108084702059613,0.0036589209594823802,0.0,0.0024562867450554225,1550.4311648865153,0.0,-0.4363636363636364,7.824212893553224,7.320284697508896,11.853559646039528,0.0,-0.4391318848866019,0.0,3.0320260318547696,3.1616233535065863,8.066934185915004,REIT—Mortgage,Real Estate,NYMTZ
2014Q4,2014,Q4,2015-02-27,2014-12-31,41976000.0,58118000.0,0.0,0.11,0.0,0.0,10540005000.0,817927000.0,0.0,0.0,9722078000.0,0.0,32593000.0,9290183540.0,17686057540.0,2.1561503218697444,0.0,0.8037445902539895,10.3572470403838,0.0,2.1561503218697444,0.05131998332369515,159.85036546336764,55.33032887840671,11.3582062213376,0.6179245283018868,0.0,0.002791979285266091,0.005514039129962462,0.0,0.003982540805246297,1043.9581458590853,0.0,0.09999999999999995,9.013358778625953,7.8271567436208995,11.985647832092338,0.0,0.056664568911264944,0.0,23.186046511627904,24.715929203539826,8.591301390745564,REIT—Mortgage,Real Estate,NYMTZ
2014Q3,2014,Q3,2014-11-06,2014-09-30,39725000.0,55917000.0,0.0,0.1,0.0,0.0,10052252000.0,708377000.0,0.0,0.0,9343875000.0,0.0,20445000.0,9290183540.0,17697394540.0,1.8673638314362087,0.0,0.8391874775920858,11.908523286329173,0.0,1.8673638314362087,0.05607889584218573,166.14238138669813,58.46559811202013,13.114744747500271,0.6529137822529893,0.0,0.002791871644766235,0.005562634124174364,0.0,0.00395185078925598,764.309628959276,0.0,0.19047619047619047,12.80778588807786,10.090241967473224,11.182101153932141,0.0,0.25003933415148366,0.0,2649.3333333333335,75.91471801925722,8.390312446147115,REIT—Mortgage,Real Estate,NYMTZ
2014Q2,2014,Q2,2014-08-07,2014-06-30,31779000.0,40557000.0,0.0,0.084,0.0,0.0,10238064000.0,694248000.0,0.0,0.0,9543816000.0,0.0,6658000.0,9290183540.0,17823729540.0,1.8301181507120148,0.0,0.8404595829836579,12.394243843698506,0.0,1.8301181507120148,0.04577470874961109,229.0648603200434,73.08429733471789,13.38164969866676,0.6889455300670254,0.0,0.0023566811038482458,0.003961393482205229,0.0,0.003104004819661217,1570.614292476754,0.0,0.40000000000000013,11.477031802120141,8.434054431263085,14.23509403322434,0.0,0.39927788296420236,0.0,6.62269129287599,4.140955761186462,7.52287710080165,REIT—Mortgage,Real Estate,NYMTZ
2014Q1,2014,Q1,2014-05-08,2014-03-31,22711000.0,33789000.0,0.0,0.06,0.0,0.0,10071964000.0,565842000.0,0.0,0.0,9506122000.0,0.0,817000.0,9290183540.0,17686752540.0,1.4916250599716354,0.0,0.8412537018599352,14.97428080630282,0.0,1.4916250599716354,0.040136645918825396,274.9469809701382,102.26524085245035,16.41833504759279,0.8255030601910969,0.0,0.0020180440913011286,0.0033547578208182635,0.0,0.0022548730317145695,877.9232224532225,0.0,-0.016393442622950834,10.056962025316455,7.01256817642874,12.629163956933304,0.0,-0.02473483059217589,0.0,8.033810660302308,6.249302724737181,6.94599149007878,REIT—Mortgage,Real Estate,NYMTZ
2013Q4,2013,Q4,2014-03-10,2013-12-31,23287000.0,30109000.0,0.0,0.061,0.0,0.0,9898675000.0,480666000.0,0.0,0.0,9418009000.0,0.0,0.0,9290183540.0,17637779540.0,1.2670912570582002,0.0,0.8465167307745733,17.432882708575185,0.0,1.2670912570582002,0.04844736261770127,308.55171344116377,99.73572744449693,19.327731813775053,0.8016060462919226,0.0,0.002009325210812789,0.003041720230232834,0.0,0.0023525370819831946,1131.4314383144563,0.0,0.27083333333333326,5.529663489593464,2.6663346062316675,11.246891561353447,0.0,0.2665615141955836,0.0,21.87524557956778,7.937073315523894,6.018353848175567,REIT—Mortgage,Real Estate,NYMTZ
2013Q3,2013,Q3,2013-11-08,2013-09-30,18386000.0,23917000.0,0.0,0.048,0.0,0.0,8450046000.0,477683000.0,0.0,0.0,7972363000.0,0.0,-5916000.0,9290183540.0,16205769540.0,1.2592277235030815,0.0,0.8208351765185657,14.520288559567748,0.0,1.2592277235030815,0.03848996091550254,388.434316176778,126.32143397150004,19.44842822541309,0.9722071141085609,0.0,0.0019240739349268014,0.0028303987930953277,0.0,0.0021758461433227703,548.7084956588507,0.0,0.5483870967741936,16.867832847424683,9.961044912923922,11.527747180697615,0.0,0.5450420168067227,0.0,10.658845909955613,4.854834761321909,6.0802466390976315,REIT—Mortgage,Real Estate,NYMTZ
2013Q2,2013,Q2,2013-08-08,2013-06-30,11900000.0,17117000.0,0.0,0.031,0.0,0.0,8562526000.0,473328000.0,0.0,0.0,8089198000.0,0.0,-24301000.0,9290183540.0,16144722540.0,1.24774743901346,0.0,0.8067486160042024,14.594120778825676,0.0,1.24774743901346,0.02514112835074198,542.7460150727347,195.1719231092437,19.62736947740256,1.1336974789915966,0.0,0.0014521779835579007,0.0019990596232934065,0.0,0.0013897768018456237,570.8254095238095,0.0,-0.2439024390243903,8.422011084718923,5.84953981592637,10.290952028816106,0.0,-0.22641877397126697,0.0,6.717250324254215,3.2996734488821904,6.28723846473604,REIT—Mortgage,Real Estate,NYMTZ
2013Q1,2013,Q1,2013-05-10,2013-03-31,15383000.0,19732000.0,0.0,0.041,0.0,0.0,7069690000.0,328448000.0,0.0,0.0,6741242000.0,0.0,-36201000.0,9290183540.0,14854656540.0,0.865826975900629,0.0,0.7893360246347435,16.990089755455962,0.0,0.865826975900629,0.046835419914263446,470.81814007703224,150.98133556523433,28.285097001656272,0.8700513553923162,0.0,0.001440660450073304,0.0027910700469186062,0.0,0.0021759087032104663,781.6072303550395,0.0,0.64,1.7236334556402295,14.488226059654632,6.989297268370995,0.0,0.6382321618743344,0.0,4.765742128935532,3.681376037959668,4.063484722350692,REIT—Mortgage,Real Estate,NYMTZ
2012Q4,2012,Q4,2013-03-18,2012-12-31,9390000.0,12404000.0,0.0,0.025,0.0,0.0,7160401000.0,322006000.0,0.0,0.0,6838395000.0,0.0,-51584000.0,9290183540.0,14921549540.0,0.84884511764985,0.0,0.7908974651000691,17.587072911684874,0.0,0.84884511764985,0.02916094731154078,748.9667478232828,247.3424797657082,28.850964081414627,0.9789137380191694,0.0,0.000989431474676764,0.0017323052158671002,0.0,0.0013113790694124533,699.7200828500414,0.0,0.19047619047619047,1.601344860710855,2.280875671210244,16.48322293408622,0.0,0.18665487173006445,0.0,1.2399809160305342,0.8839611178614826,4.112261260260055,REIT—Mortgage,Real Estate,NYMTZ
2012Q3,2012,Q3,2012-11-09,2012-09-30,7913000.0,12064000.0,0.0,0.021,0.0,0.0,5159548000.0,222014000.0,0.0,580176000.0,4937534000.0,0.0,-60974000.0,9290183540.0,13950454540.0,0.5852546224291281,0.0,0.9111864062510903,21.175736665255343,0.0,0.5852546224291281,0.03564189645698019,770.0748955570292,293.5101585997725,41.8450347275397,0.5926955642613421,0.0,0.0005048339443248502,0.0023381893142577605,0.19262603072171203,0.001533661475772684,3430.643847858198,0.0,0.5000000000000001,1.381975284804016,43.847583643122675,7.883758152935056,0.0,0.540393225618065,0.0,1.750434480361488,1.3927013090043632,2.8180192264699313,REIT—Mortgage,Real Estate,NYMTZ
2012Q2,2012,Q2,2012-08-09,2012-06-30,5137000.0,7774000.0,0.0,0.014,0.0,0.0,4577906000.0,112991000.0,0.0,412852000.0,4464915000.0,0.0,-68887000.0,9290183540.0,13450230540.0,0.29785736504404947,0.0,0.9106058534185717,36.89380570133905,0.0,0.29785736504404947,0.045463798001610746,1195.0326138410085,452.12105995717343,82.22056216866831,0.6898968269417948,0.0,0.0003814779314898229,0.0016981563186312693,0.1720858806545687,0.0011221287636749204,1351.1028999418265,0.0,-0.06666666666666661,1.361862496477881,68.41071428571429,1.0276172702149802,0.0,-0.12022606610721014,0.0,1.0168826069886139,0.8083275180274483,1.4795584717680876,REIT—Mortgage,Real Estate,NYMTZ
2012Q1,2012,Q1,2012-05-04,2012-03-31,5839000.0,8427000.0,0.0,0.015,0.0,0.0,1841449000.0,91956000.0,0.0,118385000.0,1748413000.0,0.0,-74024000.0,9290183540.0,9444693540.0,0.24240666831863258,0.0,0.08872632367228199,1.7767736743660012,,0.24240666831863258,0.06349775979816434,1102.4307036905186,397.7643235143004,101.02857388316151,0.8354170234629217,0.0,0.0005250703582977867,0.004576287477958934,0.4145288676774929,0.0031708725031211835,1491.6800802825946,0.0,4.006012024048097,2.231596709554946,34.308300395256914,0.4121007371007371,0.0,4.08615221987315,0.0,1.8427458617332035,0.9983400521697889,1.214899920514488,REIT—Mortgage,Real Estate,NYMTZ
2011Q4,2011,Q4,2012-03-12,2011-12-31,-1892000.0,2260000.0,0.0,-0.00499,0.0,0.0,682705000.0,85278000.0,0.0,112674000.0,596398000.0,0.0,-79863000.0,9290183540.0,9631033540.0,0.22480268672926562,0.0,0.5235584915886071,4.191420999554398,0.0,0.22480268672926562,-0.02218626140387908,4110.7006814159295,-1227.56125,108.93997912709023,-1.4772727272727273,0.0,0.0003008551970976453,0.0033103609904717264,0.47396914993698636,-0.0027713287583949146,1563.7407069516917,0.0,-123.74999999999997,0.8017810371922472,1.1039654062011224,0.19149946906611515,0.0,-125.13333333333334,0.0,0.6319782143551839,1.1250760971830207,1.1727986139421116,REIT—Mortgage,Real Estate,NYMTZ
2011Q3,2011,Q3,2011-11-04,2011-09-30,-15000.0,727000.0,0.0,-4e-05,0.0,0.0,524539000.0,75437000.0,0.0,111500000.0,448118000.0,0.0,-77971000.0,9290183540.0,9638058540.0,0.1988606707333147,0.0,0.6854666669208581,4.7662817980566565,0.0,0.1988606707333147,-0.00019884141734162282,12778.794415405777,-154836.39233333332,123.15155083049432,0.0,0.0,0.0,0.0013859789262571514,0.41852914798206275,-2.8596539056199826e-05,2276.4478167115903,0.0,-1.0036363636363637,0.9961220268872802,-0.8136375288387594,-0.06571467495634299,0.0,-1.003597985128328,0.0,-1.0145772594752187,-0.6668194317140238,0.9784159454497772,REIT—Mortgage,Real Estate,NYMTZ
2011Q2,2011,Q2,2011-08-04,2011-06-30,4169000.0,7889000.0,0.0,0.011,0.0,0.0,455578000.0,81457000.0,0.0,0.0,373189000.0,0.0,-77936000.0,9290183540.0,9537972540.0,0.2147300880989914,0.0,0.5590129461914315,3.1264839117571235,0.0,0.2147300880989914,0.051180377377021004,1177.6123133476992,557.0990369393139,114.05015578771622,0.9062125209882466,0.0,0.0004066658084561374,0.01731646392055806,0.0,0.009151012559869002,1977.0554458395404,0.0,0.6666666666666666,3.57663782447466,-0.6419786702972543,-0.09294686205514234,0.0,0.658313444709626,0.0,2.300870942201109,2.1568627450980387,0.9431072732043604,REIT—Mortgage,Real Estate,NYMTZ
2011Q1,2011,Q1,2011-05-05,2011-03-31,2514000.0,4661000.0,0.0,0.0066,0.0,0.0,482217000.0,71211000.0,0.0,46563000.0,411006000.0,0.0,-82125000.0,9290183540.0,9588570540.0,0.18772044518724332,0.0,0.6362757845534271,4.308646136130654,,0.18772044518724332,0.035303534566288916,1993.1738983050848,923.844822991249,130.45995056943448,0.6750198886237072,0.0,0.00018266592825570807,0.009665772878185546,2.2382363679316195,0.005213420514000958,-7108.021071155317,0.0,1.4444444444444442,2.3997772828507795,-0.5130080451363495,-0.24003500421544663,0.0,1.469548133595285,0.0,1.1182613604290148,2.6585557299843012,0.7321641409841649,REIT—Mortgage,Real Estate,NYMTZ
2010Q4,2010,Q4,2011-03-04,2010-12-31,1018000.0,3369000.0,0.0,0.0027,0.0,0.0,374294000.0,68487000.0,0.0,35632000.0,305807000.0,0.0,-84639000.0,9290183540.0,9571433540.0,0.18053966563506665,0.0,0.8031787845917915,4.389519178822258,,0.18053966563506665,0.014864134799304977,2757.5492846542,2281.479258349705,135.64886095171346,1.6669941060903732,0.0,0.00018266592825570807,0.00900094578058959,0.9526268522676246,0.002719787119216445,-6464.985066109952,0.0,-0.3571428571428571,1.1169029894666733,-0.1190139231886831,-0.3216287961330454,0.0,-0.3544705136334813,0.0,1.0651937239833493,1.347893432465923,2.7184819198610053,REIT—Mortgage,Real Estate,NYMTZ
2010Q3,2010,Q3,2010-11-05,2010-09-30,1577000.0,4085000.0,0.0,0.0042,0.0,0.0,404042000.0,67467000.0,0.0,38465000.0,336575000.0,0.0,-85657000.0,9290183540.0,9580762540.0,0.17785082747676265,0.0,0.8194519381648443,4.907480694265344,,0.17785082747676265,0.023374390442734965,2274.218736842105,1472.7621337983512,137.69966857871253,1.0748256182625238,0.0,0.000182450647255996,0.010110335064176497,1.524788769010789,0.0039030595829146475,-49415.86989361702,0.0,0.024390243902438876,-0.44851481928456605,-0.7531496980600829,-0.36978325212560487,0.0,0.022697795071335927,0.0,1.0761247345047307,14.185873605947958,1.6996518746748828,REIT—Mortgage,Real Estate,NYMTZ
2010Q2,2010,Q2,2010-08-04,2010-06-30,1542000.0,3981000.0,0.0,0.0041,0.0,0.0,438909000.0,64953000.0,0.0,60315000.0,373956000.0,0.0,-87234000.0,9290183540.0,9622449540.0,0.17122363225129564,0.0,0.834580744527909,5.639539359228981,,0.17122363225129564,0.02374024294489862,2333.6306304948507,1506.1905869001296,143.02932181731407,1.527237354085603,0.0,0.0002534933771609856,0.0090702172887774,1.1685484539500954,0.003513256734311668,17300.155567970203,0.0,-0.41428571428571426,1.8237414024216052,-0.7592192243338943,-0.4174450598483651,0.0,-0.42203898050974514,0.0,1.1086221470836857,34.54464285714286,0.1655780066755193,REIT—Mortgage,Real Estate,NYMTZ
2010Q1,2010,Q1,2010-05-06,2010-03-31,2668000.0,4215000.0,0.0,0.007,0.0,0.0,463868000.0,64866000.0,0.0,75799000.0,399002000.0,0.0,-88776000.0,9290183540.0,9657886540.0,0.17099429017308737,0.0,0.8417394603637242,6.019424660068449,,0.17099429017308737,0.04113094687509635,2204.0767591933572,870.5194471514242,143.2211565380939,0.8826836581709145,0.0,0.0002534933771609856,0.009086636715617375,0.3612052929458172,0.005751636241344521,11864.857650063857,0.0,-0.3636363636363636,72.03301384451545,-0.655599916755681,-0.4342662637263758,0.0,-0.36354961832061067,0.0,1.562750474583421,17.6600790513834,-0.003900491400491364,REIT—Mortgage,Real Estate,NYMTZ
2009Q4,2009,Q4,2010-03-08,2009-12-31,4192000.0,6584000.0,0.0,0.011,0.0,0.0,488814000.0,62987000.0,0.0,85106000.0,425827000.0,0.0,-91444000.0,9290183540.0,9682264540.0,0.1660410285069567,0.0,0.8522730527358054,6.614110848270278,,0.1660410285069567,0.06655341578420944,1411.024231470231,554.0424343988549,147.4936659945703,0.5617843511450382,0.0,0.0002534933771609856,0.013469335984648558,0.312198904895072,0.008575859120237964,3946.5520560747664,0.0,0.44736842105263147,0.46479188214575246,-0.5453898916917655,-0.4728336941917693,0.0,0.4570733402850191,0.0,1.4391828182294395,1.3028797497469868,-0.11994914212261783,REIT—Mortgage,Real Estate,NYMTZ
2009Q3,2009,Q3,2009-11-06,2009-09-30,2877000.0,5042000.0,0.0,0.0076,0.0,0.0,608114000.0,58149000.0,0.0,194745000.0,549965000.0,0.0,-95636000.0,9290183540.0,9807385540.0,0.1532875000659029,0.0,0.8873418470878816,9.279695265610759,,0.1532875000659029,0.04947634525099314,1842.5592106307022,807.2804605491831,159.76514712204852,0.7448731317344456,0.0,0.00023067359119150407,0.008291208556290432,0.12850650851112994,0.00473102082833153,2339.5073130193905,0.0,0.1343283582089552,0.17339058489666453,-0.538292425541641,-0.5187176132353194,0.0,0.12956419316843346,0.0,1.7437952430196484,0.2924891053576007,-0.27982611495733384,REIT—Mortgage,Real Estate,NYMTZ
2009Q2,2009,Q2,2009-08-07,2009-06-30,2547000.0,4299000.0,0.0,0.0067,0.0,0.0,611495000.0,45569000.0,0.0,188151000.0,565926000.0,0.0,-98513000.0,9290183540.0,9829393540.0,0.12012516278015321,0.0,0.9076231203852853,12.179486054115737,,0.12012516278015321,0.0558932607693827,2161.010360548965,911.8751020808794,203.87069147885623,0.0,0.0,0.0,0.007030310959206535,0.09865480385435102,0.004165201677855093,2964.3214869176772,0.0,0.24074074074074073,6.261222702372199,-0.47935406963091304,-0.6264257882929061,0.0,0.2400194741966894,0.0,2.5741656365883805,-0.8049012933968687,-0.4925727139102935,REIT—Mortgage,Real Estate,NYMTZ
2009Q1,2009,Q1,2009-05-11,2009-03-31,2054000.0,4217000.0,0.0,0.0054,0.0,0.0,726147000.0,41517000.0,0.0,276182000.0,684630000.0,0.0,-101060000.0,9290183540.0,9909446540.0,0.10944362139049839,0.0,0.9147638150402053,15.999542356143266,,0.10944362139049839,0.04947370956475661,2203.031429926488,1130.7428846153846,223.76818026350648,0.0,0.0,0.0,0.005807364073665525,0.2389475056303452,0.002828628363127576,4014.772489196197,0.0,1.3985239852398526,3.1131708983239696,-0.34752582007587385,-0.6612240178519773,0.0,1.3995331647539389,0.0,2.143652561247216,-0.5593981820081496,-0.5569298741769207,REIT—Mortgage,Real Estate,NYMTZ
2008Q4,2008,Q4,2009-03-31,2008-12-31,-5141000.0,-18069000.0,0.0,-0.01355,0.0,0.0,853300000.0,39248000.0,0.0,402329000.0,814052000.0,0.0,-103114000.0,9290183540.0,10083091540.0,0.10346227454619265,0.0,0.940226180710184,20.44167855686914,,0.10346227454619265,-0.13098756624541377,-514.1503979190879,-451.76928321338255,236.70463565022422,-17.156195292744602,0.0,0.009493892087303155,-0.021175436540489864,0.03102436066005682,-0.0060248447204968945,10.917361717129578,0.0,-6.018518518518518,-3.0038127399771364,-11.91835254876369,83.86724729480073,0.0,-5.996112730806608,0.0,0.4096284195990503,-5.725003687118933,-0.6112442797995206,REIT—Mortgage,Real Estate,NYMTZ
2008Q3,2008,Q3,2008-11-13,2008-09-30,1029000.0,2182000.0,0.0,0.0027,0.0,0.0,864471000.0,38130000.0,0.0,0.0,826341000.0,0.0,-97973000.0,9290183540.0,10093570540.0,0.10051509703542412,0.0,0.9447326746646215,21.418672960923157,,0.10051509703542412,0.026986624704956726,4257.645985334555,2257.090267249757,243.6449918699187,82.81632653061224,0.0,0.00917290811673243,0.0025240869849885075,0.0,0.0011903233306843144,-10.986187170657407,0.0,-0.18181818181818177,-0.7033460489960469,2.4899268746761183,0.0,0.0,-0.18527315914489312,0.0,-0.6401532967937974,-0.8681450773970871,-0.6438234307668833,REIT—Mortgage,Real Estate,NYMTZ
2008Q2,2008,Q2,2008-08-11,2008-06-30,1263000.0,2499000.0,0.0,0.0033,0.0,0.0,897311000.0,41921000.0,0.0,0.0,855390000.0,0.0,-99002000.0,9290183540.0,10133021540.0,0.1105086121904541,0.0,0.9447961743475785,20.223181698909855,,0.1105086121904541,0.030128098089263138,3717.5604401760706,1838.9120229612035,221.61168722120175,0.0,0.0,0.0,0.0027849875907015515,0.0,0.0014075387463209524,111929.9221686747,0.0,1.0588865096359743,-0.7348498605704948,0.9469425055958041,0.0,0.0,1.059412926898109,0.0,1.3128309930340385,-0.8488542681764386,-0.6240160478177037,REIT—Mortgage,Real Estate,NYMTZ
2008Q1,2008,Q1,2008-05-15,2008-03-31,-21258000.0,1274000.0,0.0,-0.05604,0.0,0.0,931774000.0,41111000.0,0.0,0.0,890663000.0,0.0,-100265000.0,9290183540.0,10164944540.0,0.10837335835885972,0.0,0.9474110674906147,21.472914791661598,,0.10837335835885972,-0.5170878840213081,7292.1377864992155,-109.25514559224762,225.9780482109411,0.0,0.0,0.0,0.0013672843414819474,0.0,-0.022814545157946026,10955.405117924529,0.0,-0.3615160349854227,-20.87039287077456,-0.8028806959394506,-0.6645369510781761,0.0,-0.36138328530259367,0.0,-564.9744408945687,-0.8959037470810765,-0.6414472970131507,REIT—Mortgage,Real Estate,NYMTZ
2007Q4,2007,Q4,2008-03-31,2007-12-31,-15615000.0,-9684000.0,0.0,-0.04116,0.0,0.0,809261000.0,18418000.0,0.0,0.0,790843000.0,0.0,-79007000.0,9290183540.0,10062416540.0,0.04855198156827804,0.0,0.9610508846960375,42.227223368443916,,0.04855198156827804,-0.8478119231186882,-959.3332858323007,-148.73812904258725,504.407836898686,-26.373615113672752,0.0,0.04432894121271581,-0.011966473115595587,0.0,-0.019295381836020763,-7438.097309847878,0.0,0.24629188793261303,-7.086274253013611,-6.851642375462259,39.887305357614146,0.0,0.24623479436184592,0.0,-6.4562798758840465,-1.6686580025602888,-0.8458515404706368,REIT—Mortgage,Real Estate,NYMTZ
2007Q3,2007,Q3,2007-11-14,2007-09-30,-20716000.0,269000.0,0.0,-0.05461,0.0,0.0,854276000.0,24991000.0,0.0,327877000.0,829285000.0,0.0,-10930000.0,9290183540.0,10097721540.0,0.06587917099429018,0.0,0.9583343088182273,32.75907326637589,,0.06587917099429018,-0.828938417830419,34535.99828996282,-112.11362642402008,371.74116842063137,-19.87951341957907,0.0,0.04432894121271581,0.00031488652379324717,0.04897873287848797,-0.024249774077698544,-2444.7851421052633,0.0,-0.45938001068947076,-6.972286928083471,-0.5697569526636683,0.0,0.0,-0.4592843054381516,0.0,-9.449064774667814,-0.9753670492801867,-0.793156750285712,REIT—Mortgage,Real Estate,NYMTZ
2007Q2,2007,Q2,2007-08-10,2007-06-30,-14196000.0,112000.0,0.0,-0.03742,0.0,0.0,1004684000.0,55726000.0,0.0,423741000.0,948958000.0,0.0,-42676000.0,9290183540.0,10222802540.0,0.1469001913820101,0.0,0.9301451998837446,16.769586907368193,,0.1469001913820101,-0.25474643792843554,82948.06732142858,-163.60565546632853,166.71183181997628,-0.06403212172442942,0.0,9.784521436914475e-05,0.0001114778378077087,0.0151295248748646,-0.014129815942127076,87.80725827489083,0.0,-1.9936,-3.9802623747753416,-0.9127420725783393,0.0,0.0,-1.9943049989453703,0.0,-28.324035132656352,-0.9864358352637036,-0.543158802659933,REIT—Mortgage,Real Estate,NYMTZ
2007Q1,2007,Q1,2007-05-15,2007-03-31,-4741000.0,-253000.0,0.0,-0.0125,0.0,0.0,1162579000.0,65120000.0,0.0,0.0,1097459000.0,0.0,-28480000.0,9290183540.0,10270196540.0,0.1716638635968219,0.0,0.8444561616887971,15.075967444717445,,0.1716638635968219,-0.07280405405405406,-36720.093043478264,-489.88523201856145,142.66252364864863,-0.19341910989242775,0.0,9.870633836799312e-05,-0.00021761961982798587,0.0,-0.004078002441124431,140.7838206367728,0.0,0.5031796502384737,-3.8775770345442737,-1.0391453563008783,-0.46862509435943744,0.0,0.5033001571503405,0.0,-3.8775770345442737,-1.0391453563008783,-0.46862509435943744,REIT—Mortgage,Real Estate,NYMTZ
