Quarters,Year,Quarter,FillingDate,Date,NetIncome,Revenue,OperatingIncome,EPSDiluted,GrossProfit,GrossProfitRatio,TotalAssets,CommonStockEquity,CurrentAssets,CurrentLiability,TotalLiability,Inventory,RetainedEarnings,MarketCap,EnterpriseValue,bookValuePerShare,currentRatio,debtToAssets,debtToEquity,roic,shareholdersEquityPerShare,roe,priceToSalesRatio,peRatio,pbRatio,payoutRatio,inventoryTurnover,dividendYield,assetTurnover,quickRatio,returnOnAssets,priceToFreeCashFlowsRatio,grossProfitMargin,epsdilutedGrowth,fiveYNetIncomeGrowthPerShare,fiveYRevenueGrowthPerShare,fiveYShareholdersEquityGrowthPerShare,grossProfitGrowth,netIncomeGrowth,operatingIncomeGrowth,threeYNetIncomeGrowthPerShare,threeYRevenueGrowthPerShare,threeYShareholdersEquityGrowthPerShare,Industry,Sector,Symbol
2023Q1,2023,Q1,2023-03-31,2023-03-31,112124000.0,709961000.0,229539000.0,1.24,462354000.0,0.6512385892,7798797000.0,3317457000.0,1295309000.0,1194396000.0,4430502000.0,9925000.0,1117010000.0,5111501501.606472,7236232501.606472,36.886640053977615,1.0844887290312426,0.3651104138240808,0.8583146669271071,0.028103736252706825,36.886640053977615,0.03379817733884719,7.199693365701035,11.396983477236077,1.540789074766145,0.0,24.94780856423174,0.0,0.0910346813745761,1.0342139457935224,0.014377089184396003,17.92723016784383,0.6512385891619399,0.6756756756756757,5.242237189781757,10.287812293685494,0.0,0.33199851345239156,0.6811707200047981,0.5607678080887752,0.1437625715392283,1.6547151694813793,0.32839681869810594,Education & Training Services,Consumer Defensive,AFYA
2022Q4,2022,Q4,2022-12-31,2022-12-31,66694000.0,584002000.0,147068000.0,0.74,347113000.0,0.5943695398,7199539000.0,3198838000.0,1637657000.0,905689000.0,3949381000.0,12190000.0,1004886000.0,7532866007.533943,9154386007.533943,35.56772126872651,1.8081891245228772,0.3770521973698594,0.8486212806025187,0.01928520453072153,35.56772126872651,0.020849445955062433,12.898698989958842,28.23667049335001,2.3548757416080286,0.0,19.433059885151764,0.0,0.08111658260341391,1.7375964597118878,0.00926364868639506,417.1484110939164,0.594369539830343,-0.11904761904761903,1.7055540306747383,4.359246154536401,5.212716475684337,-0.046088863483967416,-0.11966737064413939,0.007183996603181778,0.3637069237448842,1.6925405758435628,0.5772113059218597,Education & Training Services,Consumer Defensive,AFYA
2022Q3,2022,Q3,2022-09-30,2022-09-30,75760000.0,580575000.0,146019000.0,0.84,363884000.0,0.6267648452,6761023000.0,3123121000.0,1213966000.0,976804000.0,3587209000.0,12488000.0,938192000.0,6580879393.961713,8112931393.961713,34.72582769634048,1.2427938460530465,0.33244909830953095,0.719695458485278,0.021906680097895904,34.72582769634048,0.024257785721398563,11.335106392734295,21.716207081447045,2.1071483922530425,0.0,17.35193786034593,0.0,0.08587088078239048,1.1912359081248645,0.011205404862548167,30.83332268505352,0.6267648451965724,-0.2500000000000001,2.0341936807028818,5.12409057613189,0.0,-0.03966599281103364,-0.2536328259691641,-0.14228568743318334,0.5599475757358978,1.6756661154708368,0.4824247107647229,Education & Training Services,Consumer Defensive,AFYA
2022Q2,2022,Q2,2022-06-30,2022-06-30,101505000.0,598156000.0,170242000.0,1.12,378914000.0,0.6334701984,6630240000.0,3038528000.0,1150082000.0,865898000.0,3541155000.0,15141000.0,862432000.0,4799405675.11215,6374976675.11215,33.58207639695591,1.328195699724448,0.3305794360385144,0.7213430318891253,0.02708416146706888,33.58207639695591,0.03340597815784485,8.023668867506387,11.820613947865006,1.5795166854187785,0.0,14.48002113466746,0.0,0.09021634209319723,1.2594936124116236,0.015309400564685442,53.915002304164894,0.6334701984097794,-0.24324324324324317,3.8072564954052335,6.704642248459478,0.0,-0.001791387640479038,-0.24778793852173525,-0.15205881327482554,5.028441650363541,2.247515362299075,1.8809284215905737,Education & Training Services,Consumer Defensive,AFYA
2022Q1,2022,Q1,2022-03-31,2022-03-31,134942000.0,566324000.0,200771000.0,1.48,379594000.0,0.6702770852,6561769000.0,2991925000.0,1230222000.0,826147000.0,3517312000.0,13864000.0,760927000.0,6127314157.627047,7531020157.627047,32.75522201612482,1.4891078706331924,0.3342301443406496,0.7330200456228013,0.03086942667806543,32.75522201612482,0.0451020663953809,10.819449922000562,11.351755120027578,2.047950452510356,0.0,13.468695903058281,0.0,0.0863066042099318,1.435192526269538,0.020564881208101047,27.068293056024768,0.6702770852021105,1.846153846153846,6.396987349875088,7.865562637023272,0.0,0.27830087017430427,1.7538621660782434,0.5144184713327752,2.118720175057483,2.7601592282523413,1.9986745061808002,Education & Training Services,Consumer Defensive,AFYA
2021Q4,2021,Q4,2021-12-31,2021-12-31,49001000.0,498259000.0,132573000.0,0.52,296952000.0,0.5959791996,6447406000.0,2948149000.0,1206852000.0,766506000.0,3447388000.0,11827000.0,631317000.0,8198208668.540113,9611333668.540113,31.46860092430394,1.5744847398454807,0.3352801111020463,0.7332353283365257,0.018097733883165032,31.46860092430394,0.01662093740852311,16.453709152348704,41.826741640681384,2.7807986192489302,0.0,17.020968969307518,0.0,0.07728053731997023,1.5035655298197275,0.007600110804252129,-241.79226887689828,0.5959791995729129,-0.07142857142857148,0.908264625258059,3.3894361190471476,4.496711300452632,0.08240354298419873,-0.07597586271921554,0.3896686548077024,0.908264625258059,3.3894361190471476,4.496711300452632,Education & Training Services,Consumer Defensive,AFYA
2021Q3,2021,Q3,2021-09-30,2021-09-30,53030000.0,454387000.0,95399000.0,0.56,274345000.0,0.6037694740386499,6486820000.0,3003206000.0,1433609000.0,659487000.0,3432792000.0,9093000.0,586348000.0,9911251310.09454,10999234310.09454,32.08788764261396,2.1738245029848957,0.3278828455236927,0.7082154870495064,0.015122693672324074,32.08788764261396,0.017657796368281096,21.81235666974306,46.72473746037404,3.300223597746722,0.0,19.80006598482349,0.0,0.07004772754600867,2.122302638262771,0.008175038000129493,66.78065768348577,0.6037694740386499,2.1111111111111116,1.0408785937706733,3.605760831251661,0.0,0.20371629774257946,2.076521436444857,0.02751927965188919,1.0408785937706733,3.605760831251661,0.0,Education & Training Services,Consumer Defensive,AFYA
2021Q2,2021,Q2,2021-08-26,2021-06-30,17237000.0,372374000.0,92844000.0,0.18,227915000.0,0.6120593811598017,5981934000.0,2965902000.0,1817822000.0,702728000.0,2965123000.0,8535000.0,533318000.0,12130963532.208698,12830549532.208698,31.799065977179524,2.586807413394656,0.3551199327842801,0.716242141513779,0.013399369450808737,31.799065977179524,0.005811722706953904,32.57736451043493,175.94366090689647,4.090143076948833,0.0,16.925483304042178,0.0,0.062249767382923316,2.5425626985120844,0.002881509558614321,130.15915636322248,0.6120593811598017,-0.8434782608695652,-0.2080736285903835,3.652974031190441,0.0,-0.1491232327455863,-0.8405310389490239,-0.33032313906520483,-0.2080736285903835,3.652974031190441,0.0,Education & Training Services,Consumer Defensive,AFYA
2021Q1,2021,Q1,2021-03-31,2021-03-31,108090000.0,394351000.0,138640000.0,1.15,267859000.0,0.6792400678583292,4957305000.0,2911067000.0,1342060000.0,633587000.0,1993695000.0,9586000.0,516082000.0,9903899508.46153,10106864508.46153,31.186287391147122,2.118193712939186,0.23449454895351407,0.3993247149584671,0.028368348718349624,31.186287391147122,0.03713071530129674,25.114427270278334,22.906604469565938,3.4021544363154574,0.0,13.19549342791571,0.0,0.07954947294951592,2.065590045250297,0.021804185943773886,67.66946239989566,0.6792400678583292,0.9166666666666666,4.7979555436939245,5.040959345639657,0.0,0.2240058856322942,0.9047367308098964,0.44617021498534426,4.7979555436939245,5.040959345639657,0.0,Education & Training Services,Consumer Defensive,AFYA
2020Q4,2020,Q4,2021-04-30,2020-12-31,56748000.0,345266000.0,95867000.0,0.6,218838000.0,0.6338243557141451,4793093000.0,2782220000.0,1405501000.0,589379000.0,1959313000.0,7509000.0,407991000.0,12261267420.63685,12357594420.63685,29.80594830191038,2.3847150984341146,0.23812786440822242,0.41023678932650903,0.018841471769607303,29.80594830191038,0.020396661658675447,35.51252489569448,54.01629758157491,4.407008583302849,0.0,16.836862431748568,0.0,0.07203407069297424,2.321728463348711,0.011839536599853163,-8976.037643218779,0.6338243557141451,-0.2405063291139241,1.218031381281506,2.052747358530443,4.206290970669889,0.110187806288619,-0.24166132135984605,0.015572528787991143,1.218031381281506,2.052747358530443,4.206290970669889,Education & Training Services,Consumer Defensive,AFYA
2020Q3,2020,Q3,2020-09-30,2020-09-30,74832000.0,309410000.0,94397000.0,0.79,197118000.0,0.6370770175495297,4047821000.0,2712067000.0,1369771000.0,572451000.0,1283940000.0,5835000.0,351243000.0,14311052464.387066,13895388464.387066,29.12572354612775,2.3928179005714028,0.16047349919870468,0.23951030708312146,0.02361831421647418,29.12572354612775,0.027592238687318565,46.25271472928175,47.81060396751078,5.27680638582567,0.0,19.244558697514996,0.0,0.07643865674890268,2.30740797028916,0.01848698349062372,156.88503030461595,0.6370770175495297,0.2153846153846154,1.8946975882857315,2.1523188104782323,0.0,0.17662719067857313,0.23324379109741425,0.22912760416666667,1.8946975882857315,2.1523188104782323,0.0,Education & Training Services,Consumer Defensive,AFYA
2020Q2,2020,Q2,2020-07-02,2020-06-30,60679000.0,274211000.0,76800000.0,0.65,167528000.0,0.6109455856986044,3850190000.0,2609652000.0,1338215000.0,462526000.0,1190615000.0,5375000.0,276411000.0,11590028240.63094,11082645240.63094,28.059339546671566,2.8932751888542483,0.13871497250785025,0.20465525671622117,0.019747336741993273,28.059339546671566,0.023251759238396535,42.266824600876475,47.75139768548814,4.441216009119583,0.0,19.848,0.0,0.07122012160438836,2.8087285903927564,0.015760001454473677,182.46266121900095,0.6109455856986044,-0.4036697247706422,1.7957531229751804,2.436160422578678,0.0,-0.08481150267955183,-0.39209144826480724,-0.20225197619220742,1.7957531229751804,2.436160422578678,0.0,Education & Training Services,Consumer Defensive,AFYA
2020Q1,2020,Q1,2020-04-20,2020-03-31,99816000.0,272304000.0,96271000.0,1.09,183053000.0,0.6722376461601739,3602134000.0,2542816000.0,1499459000.0,400071000.0,1008432000.0,5580000.0,215732000.0,9160590880.061249,8316862880.061249,27.767787106060922,3.7479822331536155,0.12197797194662942,0.17279307665202673,0.027307984606338254,27.767787106060922,0.03925411826887985,33.64104412737694,22.94369359637044,3.6025378478274668,0.0,15.994802867383513,0.0,0.07559518885194165,3.6256564459808382,0.02771024065179141,113.72834682501426,0.6722376461601739,1.0185185185185186,4.457633730207846,3.251986210592477,0.0,0.34607691742039853,1.0044580998855352,0.5872683505902526,4.457633730207846,3.251986210592477,0.0,Education & Training Services,Consumer Defensive,AFYA
2019Q4,2019,Q4,2020-01-13,2019-12-31,49797000.0,220846000.0,60652000.0,0.54,135990000.0,0.615768454035844,2912453000.0,2065094000.0,1111765000.0,333229000.0,798727000.0,3932000.0,0.0,9978659446.952507,9380322446.952507,22.551018455918076,3.3363392741928224,0.11841289799354703,0.16700063047977476,0.020757100627904132,22.551018455918076,0.024113672307410704,45.1837907272602,50.09668979533158,4.8320606456425255,0.0,21.58087487283825,0.0,0.075828176454693,3.22640886597505,0.01709795831898403,207.0776842150018,0.615768454035844,0.018867924528301903,0.9839702971111999,0.9904049738813572,2.939051446282326,0.13929777234151286,0.07629628028616509,0.24739320897517636,0.9839702971111999,0.9904049738813572,2.939051446282326,Education & Training Services,Consumer Defensive,AFYA
2019Q3,2019,Q3,2019-11-04,2019-09-30,46267000.0,206713000.0,48623000.0,0.53,119363000.0,0.5774334463725068,2956568000.0,2007047000.0,1144907000.0,391717000.0,901551000.0,2919000.0,66119000.0,9124295917.204882,8495392917.204882,23.425019459117646,2.922791198748076,0.12331290875095718,0.18165145111200684,0.016396468695209714,23.425019459117646,0.023052275307952428,44.139923068238964,49.30239650941751,4.546129670707702,0.0,29.924631723192874,0.0,0.06991653836475265,2.857014119887572,0.015648887493878036,217.7584286104122,0.5774334463725068,1.848053650882359,0.9450613135326135,1.2888097063838004,0.0,0.24065066001455152,1.8355089783661211,0.30699962367614647,0.9450613135326135,1.2888097063838004,0.0,Education & Training Services,Consumer Defensive,AFYA
2019Q2,2019,Q2,2019-08-16,2019-06-30,16317000.0,178493000.0,37202000.0,0.186092,96210000.0,0.5390127343929454,1932418000.0,1022089000.0,238944000.0,388869000.0,862733000.0,2812000.0,23959000.0,8110185069.104118,8412279069.104118,11.656685443928904,0.6144588537528062,0.19176234127398936,0.362556489699038,0.02065613905226157,11.656685443928904,0.015964363181679875,45.43699231400738,124.25974549709073,7.934910823914667,0.0,29.261379800853486,0.0,0.09236769684405755,0.5113470088898833,0.008443825300737211,206.19289322208115,0.5390127343929454,-0.6074008438818564,-0.20257061870784865,1.3724729181896722,0.0,0.0664641851597313,-0.6071505958829903,-0.36703304182121343,-0.20257061870784865,1.3724729181896722,0.0,Education & Training Services,Consumer Defensive,AFYA
2019Q1,2019,Q1,2019-03-31,2019-03-31,41535000.0,144578000.0,58774000.0,0.474,90214000.0,0.6239815186266237,1612778000.0,957778000.0,376249000.0,223681000.0,558687000.0,3788000.0,45642000.0,8129512384.383852,8182171384.383852,10.923233564900256,1.6820784957148798,0.184763805061825,0.3111190693459236,0.03819060976941145,10.923233564900256,0.0433659992190257,56.22924915536148,48.93169847347931,8.48788799114602,0.0,14.351636747624076,0.0,0.08964532006264966,1.5695611160536658,0.025753699517230517,169.06545459881153,0.6239815186266237,0.7555555555555553,1.371802192782092,1.3577625570776257,0.0,0.6941596244131455,0.7282486580951192,0.989371784457081,1.371802192782092,1.3577625570776257,0.0,Education & Training Services,Consumer Defensive,AFYA
2018Q4,2018,Q4,2018-12-31,2018-12-31,24033000.0,106240000.0,29544000.0,0.27,53250000.0,0.5012236445783133,918418000.0,501982000.0,133500000.0,182332000.0,328064000.0,1115000.0,0.0,8195626588.5648,8211195588.5648,5.724987033922015,0.7321808568984051,0.08474245931591062,0.15504340793096166,0.04936150315196832,5.724987033922015,0.04787621866919531,77.14256954597892,85.25388620401948,16.32653479320932,0.0,47.52466367713004,0.0,0.11567717531668587,0.6744290634666432,0.026167823365831244,1110.2176359475482,0.5012236445783133,-0.02746860884787436,0.0,0.0,0.0,0.20368905264585546,-0.012734667050075997,0.13195402298850575,0.0,0.0,0.0,Education & Training Services,Consumer Defensive,AFYA
2018Q3,2018,Q3,2018-09-30,2018-09-30,24343000.0,92426000.0,26100000.0,0.277626,44239000.0,0.47864237335814597,,,,,,,,8481628609.206983,,,0.0,0.0,0.0,0.0,,0.0,91.76669561819166,87.10541643600811,0.0,0.0,0.0,0.0,0.0,0.0,0.0,346.3444244030782,0.47864237335814597,0.18966935774155397,0.0,0.0,0.0,0.21020380248939954,0.18966865409050923,0.16134199519444692,0.0,0.0,0.0,Education & Training Services,Consumer Defensive,AFYA
2018Q2,2018,Q2,2018-06-30,2018-06-30,20462000.0,75235000.0,22474000.0,0.233364,36555000.0,0.48587758357147603,,,,,,,,8152324953.238621,,,0.0,0.0,0.0,0.0,,0.0,108.3581438590898,99.60322736338848,0.0,0.0,0.0,0.0,0.0,0.0,0.0,635.5597531175349,0.48587758357147603,0.1684558381734427,0.0,0.0,0.0,0.10354716981132076,0.16845591594335313,0.14581421433669828,0.0,0.0,0.0,Education & Training Services,Consumer Defensive,AFYA
2018Q1,2018,Q1,2018-03-31,2018-03-31,17512000.0,61320000.0,19614000.0,0.19972,33125000.0,0.5401989562948467,,,,,,,,6977900112.19686,,,0.0,0.0,0.0,0.0,,0.0,113.79484853550001,99.61597921706344,0.0,0.0,0.0,0.0,0.0,0.0,0.0,500.8182094449767,0.5401989562948467,0.0,0.0,0.0,0.0,0.0,0.0,0.0,0.0,0.0,0.0,Education & Training Services,Consumer Defensive,AFYA
