Quarters,Year,Quarter,FillingDate,Date,NetIncome,Revenue,OperatingIncome,EPSDiluted,GrossProfit,GrossProfitRatio,TotalAssets,CommonStockEquity,CurrentAssets,CurrentLiability,TotalLiability,Inventory,RetainedEarnings,MarketCap,EnterpriseValue,bookValuePerShare,currentRatio,debtToAssets,debtToEquity,roic,shareholdersEquityPerShare,roe,priceToSalesRatio,peRatio,pbRatio,payoutRatio,inventoryTurnover,dividendYield,assetTurnover,quickRatio,returnOnAssets,priceToFreeCashFlowsRatio,grossProfitMargin,epsdilutedGrowth,fiveYNetIncomeGrowthPerShare,fiveYRevenueGrowthPerShare,fiveYShareholdersEquityGrowthPerShare,grossProfitGrowth,netIncomeGrowth,operatingIncomeGrowth,threeYNetIncomeGrowthPerShare,threeYRevenueGrowthPerShare,threeYShareholdersEquityGrowthPerShare,Industry,Sector,Symbol
2023Q1,2023,Q1,2023-05-09,2023-03-31,-3160000.0,52607000.0,8528000.0,-0.0535,27534000.0,0.5233904233,1370341000.0,589202000.0,230631000.0,18761000.0,778947000.0,88342000.0,-25364000.0,873867150.0,1592473150.0,9.972107980028772,12.293108043281276,0.548377374682652,1.2753928194405315,0.013391615965890323,9.972107980028772,-0.005363186139897692,16.61123329594921,-69.13505933544303,1.4831367680354106,-4.875632911392405,0.28381743677978766,0.017630826379044,0.038389714676857804,7.584297212302116,-0.0023059953690358825,-63.20005424170102,0.523390423327694,0.226878612716763,0.9255338613356041,0.0729736720485337,-0.19814012362822941,0.0651038644539863,0.1955193482688391,0.15979872161022712,0.9437871606361067,-0.02433003461591242,-0.2669246022240986,REIT—Residential,Real Estate,UMH
2022Q4,2022,Q4,2023-02-28,2022-12-31,-3928000.0,48748000.0,7353000.0,-0.0692,25851000.0,0.5302986789,1344596000.0,548964000.0,227702000.0,23239000.0,793400000.0,88468000.0,-25364000.0,904562400.0000001,1636453400.0,9.770824434002563,9.798270149317958,0.5664720109237272,1.3874789603689859,-0.006022685945344561,9.770824434002563,-0.0071552961578537026,18.555887421022405,-57.571435845213855,1.6477626948215185,-3.5519348268839104,0.2588167472984582,0.015424032659327869,0.036254756075430834,5.991393777701278,-0.0029213235797220876,-22.334322609318292,0.5302986789201608,0.2630457933972311,-2.0696434825948877,0.06040985819143964,-0.18644535421817957,-0.021758873836373267,0.2383168508822959,-0.15278257863809194,-1.9053162326295772,-0.05915088252436964,-0.26801844045676604,REIT—Residential,Real Estate,UMH
2022Q3,2022,Q3,2022-11-08,2022-09-30,-5157000.0,51937000.0,8679000.0,-0.0939,26426000.0,0.5088087491,1266900000.0,509363000.0,244666000.0,20913000.0,755348000.0,57206000.0,-25364000.0,886489649.9999999,1550038650.0,9.279535807327248,11.699230143929613,0.5731004814902518,1.425429408889142,0.006942992739347866,9.279535807327248,-0.01012441029285598,17.068557098022602,-42.975065445026175,1.7403887797111295,-3.1621097537327905,0.4459497255532636,0.018395025818970363,0.04099534296313837,7.977430306507914,-0.00407056594837793,-34.95208177266096,0.5088087490613628,0.60875,-2.680270116380415,0.12487589110272684,-0.2424632796554033,0.03781958135333621,0.6063959700809036,-0.04552952820851204,-1.4735849845230353,0.026896451886134553,-0.29944247177104355,REIT—Residential,Real Estate,UMH
2022Q2,2022,Q2,2022-08-03,2022-06-30,-13102000.0,49223000.0,9093000.0,-0.24,25463000.0,0.5172988237,1423265000.0,521895000.0,447436000.0,20120000.0,901370000.0,45992000.0,-25364000.0,957436900.0,1307626900.0,9.626394909157982,22.238369781312127,0.43983165468131374,1.1994692418973165,0.015518419674194714,9.626394909157982,-0.025104666647505724,19.451006643235885,-18.2689074187147,1.8345393230439073,-1.365058769653488,0.5166115846234127,0.018680082206984083,0.034584564364331306,19.005914512922466,-0.00920559417958005,-57.68039640942226,0.5172988237206184,-4.673758865248227,-4.3281439576157865,0.0009088718463738667,-0.14333089525272186,0.026154590150721368,-4.9231464737793855,0.004418424831547554,-1.7393096425388854,-0.033079297125549786,-0.27983242588792223,REIT—Residential,Real Estate,UMH
2022Q1,2022,Q1,2022-05-04,2022-03-31,-2212000.0,45868000.0,9053000.0,-0.0423,24814000.0,0.5409871806,1413826000.0,769614000.0,459710000.0,21042000.0,644212000.0,34288000.0,-25364000.0,1286081590.0,1608777590.0,14.71509148964647,21.847257865221938,0.4351037539272867,0.7993110832183407,-0.004415573560948598,14.71509148964647,-0.002874168089457832,28.03875446934682,-145.3528017631103,1.6710735381632869,-7.728300180831827,0.614034064395707,0.0132923137481503,0.03244246463143272,19.359994297120046,-0.0015645489614705063,-193.92062575392038,0.540987180605215,-1.17625,-15.634867525089422,-0.006737606135774794,0.3565691096143481,-0.014143822010329758,-1.1784590560709964,-0.581364161849711,-1.2557434854575593,-0.011553867234735534,0.3081783350958912,REIT—Residential,Real Estate,UMH
2021Q4,2021,Q4,2022-02-24,2021-12-31,12395000.0,45978000.0,21625000.0,0.24,25170000.0,0.5474357301,1270820000.0,742140000.0,326076000.0,21436000.0,528680000.0,23659000.0,-25364000.0,1358656290.0,1741805290.0,14.928489529901636,15.211606643030416,0.3929148109094915,0.6728164497264667,0.01269299775494433,14.928489529901636,0.016701700487778585,29.550138979511942,27.40331363453005,1.8307277467863203,1.2962484872932634,0.8794961748171943,0.011825654595836009,0.03617978942729891,13.308546370591529,0.009753544955225759,71.83716438428594,0.5474357301318021,20.834710743801654,3.155913511138566,0.060455903352495996,0.35754569625985916,-0.007922431122147333,22.51909722222222,1.410813823857302,1.295090859673879,0.02199004347009533,0.3301486160478346,REIT—Residential,Real Estate,UMH
2021Q3,2021,Q3,2021-11-03,2021-09-30,-576000.0,48030000.0,8970000.0,-0.0121,25371000.0,0.5282323548,1205734000.0,669635000.0,279748000.0,20888000.0,536099000.0,20331000.0,-25364000.0,1094116200.0,1519017200.0,14.015551090460045,13.392761394101877,0.4207694234383371,0.7576306495329546,-0.0010459482438701531,14.015551090460045,-0.0008601700926624205,22.779850093691444,-474.87682291666664,1.63389936308586,-27.352430555555557,1.114504943190202,0.014399750227626646,0.039834656731915996,11.449779777862888,-0.0004777173074658258,83.85959990802483,0.5282323547782636,-1.0504166666666668,-1.1669872825411145,0.10583410290140187,0.24530004357585658,0.0190384383660682,-1.052216480826761,-0.5723480333730632,0.9577351797055634,0.11661003974001674,0.14915515425615564,REIT—Residential,Real Estate,UMH
2021Q2,2021,Q2,2021-08-04,2021-06-30,11031000.0,48959000.0,20975000.0,0.24,24897000.0,0.5085275435,1211863000.0,652461000.0,298685000.0,21831000.0,559402000.0,23453000.0,-25364000.0,992286320.0,1431914320.0,14.347370041340488,13.681691173102468,0.4371154165116024,0.8118860744167085,0.012230099893315813,14.347370041340488,0.016906757645284546,20.26769991217141,22.48858489710815,1.5208362185632551,1.3928021031638111,1.0259668272715643,0.015483434257160778,0.04039978116338233,11.76908982639366,0.009102514063058283,49.64410246147688,0.5085275434547274,0.14285714285714285,3.36943002800248,0.16642360726591635,0.275210921850867,0.10535428875865743,0.21486784140969162,0.1230991647033626,-0.5576856394120692,0.22759067753227594,0.13533765825378713,REIT—Residential,Real Estate,UMH
2021Q1,2021,Q1,2021-05-06,2021-03-31,9080000.0,43132000.0,18676000.0,0.21,22524000.0,0.5222108875,1120024000.0,545248000.0,228781000.0,22507000.0,574776000.0,27548000.0,-25364000.0,812367090.0000001,1332206090.0,12.86660216626944,10.164882036699693,0.4862601158546603,0.9988537326134163,0.011211603588007596,12.86660216626944,0.01665297259228828,18.834440554576652,22.36693529735683,1.4899038419214743,1.5602422907488986,0.7480760853782489,0.01743916041699818,0.038509889073805564,7.972453014617675,0.008106969136375649,61.47310556186153,0.5222108875081146,-0.5116279069767442,19.307623101693785,0.17429328622129373,0.3981636295706,-0.02666263342120047,-0.4983979670754613,-0.3421163872058616,1.2983352921255003,0.22656948933856247,0.034606929952216633,REIT—Residential,Real Estate,UMH
2020Q4,2020,Q4,2021-03-10,2020-12-31,18102000.0,42829000.0,28388000.0,0.43,23141000.0,0.5403114712,1087214000.0,501808000.0,208157000.0,21685000.0,585406000.0,25450000.0,-25364000.0,618376740.0,1159328740.0,12.018201848924654,9.599123818307586,0.5116637570892207,1.108567420208526,0.020893285269229026,12.018201848924654,0.03607355801422058,14.438271731770529,8.540171528007956,1.232297492267959,0.7928405701027511,0.7735952848722987,0.023209152401172137,0.039393348503606464,7.605349319806318,0.016649895972642,33.07534980744544,0.5403114711994209,3.8666666666666667,4.924058367282836,0.26220852437633824,0.3167325049214577,0.04318622368480368,3.877443967572723,9.296699310845122,5.6329801756585285,0.25363023223378517,0.0006795244534993442,REIT—Residential,Real Estate,UMH
2020Q3,2020,Q3,2020-11-04,2020-09-30,-6291000.0,43123000.0,2757000.0,-0.15,22183000.0,0.5144122626,1094744000.0,464943000.0,230848000.0,20428000.0,629801000.0,27063000.0,-25364000.0,560840340.0,1013133340.0,11.224813500398348,11.300567848051694,0.46308452021659857,1.0903680666232205,0.010099443082111666,11.224813500398348,-0.013530690858879476,13.00559654940519,-22.287408202193607,1.206256121718146,-2.3698934986488633,0.7737501385655692,0.026583323161097863,0.039390944366902214,9.028294497748188,-0.005746548964872152,28.985494857615382,0.5144122625976857,-1.441176470588235,-2.2185024322477913,0.26632424366533375,0.44762643208899844,0.054876598982357694,-1.4452229299363057,-0.8775754884547069,-3.71632806351096,0.2377053789150482,-0.08366015476148411,REIT—Residential,Real Estate,UMH
2020Q2,2020,Q2,2020-08-05,2020-06-30,14130000.0,40084000.0,22520000.0,0.34,21029000.0,0.5246232911,1023237000.0,564730000.0,184241000.0,15683000.0,458507000.0,27758000.0,-25364000.0,532845300.0,957640300.0,13.703712691094395,11.747816106612255,0.42586908018376973,0.771634232287996,0.017356079954610734,13.703712691094395,0.02502080640305987,13.293216744835846,9.427553078556262,0.9435399217325092,1.0428874734607219,0.686468765761222,0.02765530633375203,0.03917372026226573,9.135879614869603,0.013809117535820148,38.90233627801708,0.5246232910887138,1.3578947368421053,4.877383355183051,0.27574673233517727,0.709817495470089,0.06941619202603742,1.3607076302555332,1.7426705800877222,3.721973197132411,0.07229519681394465,0.21951648499537862,REIT—Residential,Real Estate,UMH
2020Q1,2020,Q1,2020-05-07,2020-03-31,-39173000.0,37573000.0,-30323000.0,-0.95,19664000.0,0.5233545365,999175000.0,560081000.0,173877000.0,16272000.0,439094000.0,31057000.0,-25364000.0,447138780.0,848530780.0,13.6031136910111,10.685656342182892,0.4163634998874071,0.7427854185376758,-0.0350214745657605,13.6031136910111,-0.06994166915142631,11.90053442631677,-2.853615883389069,0.7983466320050135,-0.3727822735047099,0.5766493866117139,0.032658764243173,0.03760402331923837,8.029191248770895,-0.03920534440913754,25.853644405897658,0.5233545365022756,-38.915966386554615,-21.651565590733394,0.2335723834243938,0.591766620345501,0.029460398678223945,-38.77317724462134,-4.76818884612125,-330.2213457939802,0.033540601203698374,0.2540570230760436,REIT—Residential,Real Estate,UMH
2019Q4,2019,Q4,2020-03-05,2019-12-31,-984910.0,37744641.0,8047102.0,-0.0238,19101269.0,0.506065722,1025453000.0,546339000.0,209812000.0,15147000.0,479114000.0,31967000.0,-25364000.0,643813170.0,1088255170.0,13.348457084219014,13.851719812504125,0.44599216151300936,0.8371066315968657,-0.0022362994653386003,13.348457084219014,-0.0018027451820206868,17.057074936810235,-163.41928957975855,1.1784133477566126,-12.449054228305124,0.5832068070197391,0.019044652348444505,0.03680777275994122,11.03076516802007,-0.0009604633269394111,50.87786787687871,0.5060657220186568,-1.119,-4.953628230508492,0.2112591181430015,0.5850448569631624,0.0445827273150845,-1.1225469397668435,-0.5218202758706094,-1.4011024870930306,0.057393594866606244,0.21386295847911885,REIT—Residential,Real Estate,UMH
2019Q3,2019,Q3,2019-11-07,2019-09-30,8037002.0,37328890.0,16828614.0,0.2,18286028.0,0.4898626238,1010152228.0,536634339.0,207056337.0,14954773.0,473517889.0,30515698.0,-25363782.0,570425152.0,1087761275.0,13.245929753672574,13.845501834096712,0.5231361802233238,0.9847435014776421,0.010213870575446525,13.245929753672574,0.014976682287936851,15.281063862332902,17.7437168735307,1.062968040887894,1.516038318766127,0.6240349475211087,0.021360213443042567,0.036953727334648814,11.021133921591455,0.0079562285537027,40.132032504950146,0.4898626238283539,3.2675736961451247,3.1228860511940573,0.13413585897916167,0.5050556787440328,0.01568200392652752,3.297636639590754,2.368856510325905,1.7478115481436765,0.013571575194323105,0.17691818131068263,REIT—Residential,Real Estate,UMH
2019Q2,2019,Q2,2019-08-08,2019-06-30,-3497943.0,37230038.0,4995349.0,-0.0882,18003694.0,0.4835797911,915286843.0,529987751.0,186905162.0,12852058.0,385299092.0,28289808.0,-25363782.0,489669077.3,890999167.3,13.36688189693452,14.542819679151775,0.4425440178647908,0.7642718463506527,-0.02495960190811025,13.36688189693452,-0.006600044988586916,13.152526927316057,-34.996930860508584,0.9239252725672898,-3.454625761483249,0.6796208726478454,0.02467806230818325,0.04067581467463528,11.353772446405081,-0.0038216904643083565,-930.2241784273906,0.4835797911353193,-1.55125,-3.763501931351979,0.14104149992173595,0.465329845792553,0.0875730465049282,-1.5473360277058563,-0.6814989988163047,-2.5891656491091957,0.017334512407754514,0.18806399618511196,REIT—Residential,Real Estate,UMH
2019Q1,2019,Q1,2019-05-02,2019-03-31,6390851.0,34287431.0,15683935.0,0.16,16554009.0,0.4828010882,899708495.0,434694511.0,181772507.0,14661318.0,465013984.0,22684571.0,-25363782.0,544888014.0,1096973955.0,11.248536300341524,12.398101384882315,0.6217942990523836,1.28695807939475,0.00913492233630091,11.248536300341524,0.014701936275427228,15.891771360764825,21.31515873238165,1.2534964215363649,1.6115717609438869,0.7817393593204827,0.01890170959055084,0.03810948900732564,10.142306510233254,0.007103246257555899,58.200864156045405,0.4828010882471772,1.1904761904761905,10.255564098820352,0.19023119028625804,0.21481973832598666,-0.011463706513443823,1.1998818383365164,1.6677821251730507,15.130153283851099,0.023655900953015518,0.22233470327326885,REIT—Residential,Real Estate,UMH
2018Q4,2018,Q4,2019-03-07,2018-12-31,-31973145.0,34245065.0,-23486605.0,-0.84,16745980.0,0.4890041821,878985924.0,424698040.0,166505486.0,9367307.0,454287884.0,23703322.0,-25363782.0,448039452.8,987669751.8,11.22317412490153,17.775171241852114,0.6223805797827543,1.2881240728118264,-0.02786749053124236,11.22317412490153,-0.07528441854829375,13.083329022736562,-3.5032482165892658,1.0549600200650797,-0.3064198094995034,0.7382545366425853,0.021866835473467485,0.038959742204017364,14.787895923556258,-0.03637503642208496,29.003631271499152,0.48900418206243734,-1.8965517241379313,-7.463275233159844,0.17130128040931247,0.2520355275055459,0.006024741293454031,-2.0171319814917115,-10.176178498283122,-6.647646168151962,0.11358840565555559,0.22962805621155005,REIT—Residential,Real Estate,UMH
2018Q3,2018,Q3,2018-11-01,2018-09-30,-10597198.0,33447114.0,-2101488.0,-0.29,16645694.0,0.4976720562,868504952.0,453113569.0,201166812.0,9327482.0,415391383.0,25091168.0,-667793.0,577704767.6,1056306568.6,12.196395794380146,21.567108036231,0.561288318365282,1.075848787922747,-0.0037289485545946395,12.196395794380146,-0.023387509721652145,17.2721858035345,-13.628715052790369,1.2749668231630469,-0.9890824914283946,0.6696149019447799,0.018143355547408847,0.03851113793073686,18.15910907145144,-0.012201655241684794,56.18256094862844,0.49767205624975597,-1.537037037037037,-15.016630727664115,0.056149403582890015,0.24769493612887022,0.010695438155698898,-1.5279596675645017,-1.0874200298714887,-5.0446370199129325,0.09506431497165033,0.5729281317268411,REIT—Residential,Real Estate,UMH
2018Q2,2018,Q2,2018-08-07,2018-06-30,20071984.0,32098550.0,24038976.0,0.54,16469545.0,0.5130931148,862752684.0,462525809.0,209871811.0,8280831.0,400226875.0,23165680.0,-667793.0,561819870.05,1017661435.05,12.637095173437254,25.34429346523314,0.5460071846035544,1.0184710881722927,0.0206598740996063,12.637095173437254,0.04339646266096256,17.502967269549558,6.997562747783178,1.214677882007661,0.5394474208429022,0.6746620431603993,0.019272689659474602,0.037204810364866975,21.8861062374054,0.02326504961646691,-62.87174148900264,0.5130931147980204,1.75,18.07333786779683,-0.008683855597013661,0.24244139239223356,0.09352434440342083,1.7783216011753937,2.290484488590724,7.20155759292433,0.15025127897440899,0.5767352181504372,REIT—Residential,Real Estate,UMH
2018Q1,2018,Q1,2018-05-09,2018-03-31,-25788805.0,29795964.0,-18627869.0,-0.72,15060977.0,0.5054703718,813387119.0,446548567.0,188586177.0,7892038.0,366838552.0,18981697.0,-667793.0,481514076.9,859644361.9,12.436222679142197,23.895751262221495,0.4967895920171315,0.9049010227816944,-0.02542946593917552,12.436222679142197,-0.057751400196521065,16.16037920102199,-4.667859531490506,1.078301695457014,-0.406336043876403,0.7762734280291167,0.02176243956866965,0.03663195949873408,20.92045806165657,-0.03170545045230794,-2701.492801279174,0.5054703717590745,-12.009174311926605,-2.9204393829780786,0.07793469957767726,0.18729843583622793,0.037665574777074835,-12.24997655237458,-4.906123417844282,-16.099165348577298,0.12170461958921602,0.4552230168393801,REIT—Residential,Real Estate,UMH
2017Q4,2017,Q4,2018-03-08,2017-12-31,2292343.0,28696585.0,4768889.0,0.0654,14514288.0,0.5057845036,823881326.0,421215464.0,202683867.0,7938625.0,402665862.0,17569365.0,-667793.0,522571950.7,973633951.7,12.010040732559357,25.531356752586248,0.5756946735311731,1.1260367473118222,0.0034575721884136197,12.010040732559357,0.005442209975462819,18.2102487351718,56.99102956014872,1.240628598336551,4.354428634807269,0.8072173923189597,0.01910137730628105,0.0348309690903226,22.882730825552283,0.0027823703823091628,-159.2663815911584,0.5057845036264768,0.16994633273703044,-0.5614071894458629,0.1320362293744437,0.19705595083425823,0.025649490923599038,0.20220885935212107,0.03284721172409581,9.738662426113464,0.0746901903409266,0.42611637996475443,REIT—Residential,Real Estate,UMH
2017Q3,2017,Q3,2017-11-02,2017-09-30,1906776.0,28684937.0,4617226.0,0.0559,14151314.0,0.4933360669,785795154.0,417739319.0,194548467.0,8788486.0,368055835.0,17493173.0,-667793.0,530289692.05,911235206.05,12.249618478040338,22.13674425833983,0.5036763792513793,0.9474484205782889,0.0033176105339750178,12.249618478040338,0.0045645116781549595,18.486695370814306,69.52700422729257,1.2694272909704245,5.325363860254167,0.8308168563816296,0.019148544941059446,0.036504344489759984,19.505017701569987,0.002426556069089731,-76.90269597553105,0.4933360669399413,-0.23002754820936638,-0.673944921353514,0.13161719082245393,0.40037341681705885,-0.003399184806931979,-0.17343658425781752,-0.05246271704354928,1.5983365102419573,0.03534985392995354,0.3918507945967909,REIT—Residential,Real Estate,UMH
2017Q2,2017,Q2,2017-08-03,2017-06-30,2306872.0,28817848.0,4872870.0,0.0726,14199581.0,0.4927356477,746221437.0,356991633.0,166885603.0,8933939.0,389229804.0,20932899.0,-667793.0,541666343.35,973159463.35,11.237004878327927,18.67995774316346,0.5891810395685537,1.2315681415424098,0.003930622086770632,11.237004878327927,0.00646197777974253,18.7962107146238,58.701386915919045,1.5173082315629511,3.8081727117932855,0.6983393461173247,0.016218410296028964,0.0386183598743224,15.804440795935589,0.003091404086800578,-44.49602783174807,0.49273564771387507,24.03448275862069,-0.7115136599629086,0.30585551399487554,0.2399239016901111,0.05455633394506832,25.64839950558527,0.08659668526767049,1.2745673216462552,0.1022948043991193,0.23184440114688376,REIT—Residential,Real Estate,UMH
2017Q1,2017,Q1,2017-05-09,2017-03-31,86567.0,26448549.0,4484525.0,0.0029,13464981.0,0.509100934,725782363.0,324927954.0,161553948.0,8792759.0,400854409.0,17980376.0,-667793.0,455612097.33000004,916605236.33,10.847284804995851,18.373521667089932,0.6466122462113343,1.4443194505819588,0.00021386209187552012,10.847284804995851,0.0002664190597771714,17.22635511422574,1315.778811007659,1.40219421481354,98.4794436679104,0.7220965790704266,0.018711245925995,0.036441432512462416,15.836864401719643,0.0001192740474460937,-207.11702543571386,0.5091009340436785,-0.9516666666666667,-0.9872033246520474,0.256243634215605,0.48051735750119007,0.011537858238159244,-0.9499503938428236,-0.10730957005784292,1.1617404611589544,0.18445984102753532,0.17148536809650705,REIT—Residential,Real Estate,UMH
2016Q4,2016,Q4,2017-03-08,2016-12-31,1729624.0,25143697.0,5023606.0,0.06,13311396.0,0.5294128385,680444818.0,317031967.0,155217466.0,7782179.0,363412851.0,17424574.0,-667793.0,433888505.05,839268275.05,10.996675523358626,19.945244898633145,0.6019538266216908,1.2919718029570186,0.003541387110415416,10.996675523358626,0.005455676966480797,17.25635275711444,62.71428140595875,1.3685954421435362,4.824661891833138,0.6790582656425345,0.019232708179347514,0.036951853162617516,17.12823040950356,0.00254190193568349,-44.6179363354387,0.5294128385336492,-0.1689750692520776,-0.14326372225523848,0.22559741501567634,0.6093948343422219,0.037323279028543814,-0.14104435955654349,0.1452711683183666,1.6009353076083586,0.1288147321333633,0.22676778302381034,REIT—Residential,Real Estate,UMH
2016Q3,2016,Q3,2016-11-08,2016-09-30,2013636.0,25355051.0,4386390.0,0.0722,12832447.0,0.5061100843,669036290.0,313910630.0,156951001.0,9316707.0,355125660.0,16335779.0,-667793.0,332465130.4,726934470.4,11.254758371496273,16.84618835818278,0.5951534213487881,1.2684477648941037,0.003876159694293835,11.254758371496273,0.006414679235297002,13.112382633345915,41.276716645908195,1.0591075886789816,4.2612195054121,0.76657525790475,0.025808856975997625,0.03789787098095979,14.5627871521558,0.0030097560178686273,-48.502597736055165,0.5061100843378308,0.3056057866184448,-0.3299628190874953,0.3843164803086496,0.6302096614108595,0.04069720715697704,0.3279511035725308,-0.04364606625944931,5.05384176043707,0.06644118173956777,0.15136514624594366,REIT—Residential,Real Estate,UMH
2016Q2,2016,Q2,2016-08-04,2016-06-30,1516348.0,25210707.0,4586576.0,0.0553,12330625.0,0.4891027054,652048063.0,307313275.0,155873861.0,8761539.0,344734788.0,17833512.0,-667793.0,307286561.25,674927844.25,11.250978011164165,17.790694191967873,0.578533769833467,1.227515550703106,0.0033294879349218074,11.250978011164165,0.004934209236486774,12.188732400483651,50.66227562043805,0.9999130732312165,5.098722720641963,0.7222403528816982,0.025160351850564373,0.03866387837118688,15.246883566916726,0.0023255156882507296,-24.75340057965607,0.4891027054497123,5.726495726495727,1.5927934939731325,0.3800168408818074,0.4868412784371024,0.05983209603706491,5.7777049593547165,0.11046558642700151,0.9307807172115067,0.043300606894279704,0.10616249969755079,REIT—Residential,Real Estate,UMH
2016Q1,2016,Q1,2016-05-09,2016-03-31,-317380.0,23504374.0,4130318.0,-0.0117,11634508.0,0.4949933149,624039950.0,249552400.0,138266545.0,10008450.0,374487550.0,15393496.0,-667793.0,269009458.88,693643684.88,9.202500976384998,13.814980841189195,0.693143033550977,1.733299074663277,-0.0010080553820574264,9.202500976384998,-0.001271797025394266,11.445080770072838,-211.89855920347847,1.0779678291212587,-23.747813346776734,0.7710961824396485,0.028017903278866295,0.037664854629899894,11.839427383860638,-0.000508589233750179,-75.41106947357916,0.4949933148613105,0.8936363636363637,-1.0383572391967837,0.338880563418933,0.7188317852708291,0.028216932810981168,0.8935188695513889,0.24050560677378044,-1.03129487870422,0.12592129199327554,-0.12142816215663725,REIT—Residential,Real Estate,UMH
2015Q4,2015,Q4,2016-03-09,2015-12-31,-2980622.0,21924143.0,3329544.0,-0.11,11315227.0,0.5161080641,604028981.0,246238425.0,119949954.0,9512867.0,357790556.0,14311410.0,-667793.0,273019960.84,669094165.8399999,9.127291840981425,12.609232737091773,0.6665410347256169,1.6350417364795928,-0.0876697928921484,9.127291840981425,-0.012104617709441571,12.452936511132954,-22.899579420000254,1.1087626183443953,-2.0908239957968506,0.7412907603094314,0.022826008694844704,0.03629650842862455,10.677720081653618,-0.004934567866371961,-103.17391955516774,0.5161080640643514,-1.335456475583864,-1.3639552350181965,0.1893414760016535,0.7673812442761206,0.10202641206779932,-1.3935663441647714,-0.003057111392036659,-1.74136955806964,0.12434262146102358,-0.09027127746306439,REIT—Residential,Real Estate,UMH
2015Q3,2015,Q3,2015-11-04,2015-09-30,-1245264.0,21694999.0,3339754.0,-0.0471,10267655.0,0.4732728957,551135266.0,204615627.0,111376192.0,8010978.0,346519639.0,13468373.0,-667793.0,245413877.70000002,641794910.7,7.753943456393216,13.902945682786795,0.7335430953895808,1.975809350084488,-0.006522043834870327,7.753943456393216,-0.006085869482490699,11.312002259138156,-49.26944762315461,1.1993897108357223,-4.946376029500572,0.8484576422111267,0.025098596940510344,0.039364200294161544,11.168572551316457,-0.002259452582372038,-18.28781876589242,0.4732728957489235,0.4659863945578231,-1.2522719008652456,0.24251236138629917,0.5213363834157296,0.11908436466286287,0.4509127467061749,0.24811237127425964,-1.2751815724927609,0.10604269874804899,-0.11357106253543135,REIT—Residential,Real Estate,UMH
2015Q2,2015,Q2,2015-08-06,2015-06-30,-2267880.0,19553443.0,2675844.0,-0.0882,9175050.0,0.4692293833,506012157.0,205545396.0,111873566.0,8149598.0,300466761.0,14117326.0,-667793.0,251330584.4,596484037.4,8.014722464473767,13.727495024907977,0.6999521278300039,1.723143854800815,-0.05315090680317995,8.014722464473767,-0.011033475057743448,12.85352070221086,-27.705454477309207,1.2227497637553506,-2.656507398980546,0.7351528894352939,0.02397097836056279,0.03864223957765505,11.363400869588904,-0.004481868604591648,-23.48068725671414,0.4692293832855932,-1.1050119331742243,-1.3779351560084105,0.22061321655285,0.664243138390918,0.060585761502784614,-1.1774421190282793,0.07959273257784334,-1.3513257887108412,0.09760233743778744,-0.11563214070683718,REIT—Residential,Real Estate,UMH
2015Q1,2015,Q1,2015-05-07,2015-03-31,-1041534.0,18344086.0,2478568.0,-0.0419,8650927.0,0.4715921524,491321322.0,211912361.0,114990473.0,6953622.0,279408961.0,10564525.0,-667793.0,249704762.86,555852669.86,8.545922195590755,16.536773641132637,0.6456550078239837,1.496958792318868,-0.006789996912133725,8.545922195590755,-0.004914928015926357,13.61227606870138,-59.936776634272135,1.1783397706564178,-5.646748929943717,0.9175196234568047,0.023552938809170455,0.03733623023997318,14.434752852542172,-0.002119863220591106,738.3651684575943,0.4715921523699791,-7.868852459016393,-1.136929398747285,0.11404405231367717,0.6586549383890314,-0.04748216505134017,-7.900912361605279,-0.16723431606059722,-1.185988851978738,0.052535561278714,0.1664104311707184,REIT—Residential,Real Estate,UMH
2014Q4,2014,Q4,2015-03-11,2014-12-31,150927.0,18879238.0,2976309.0,0.0061,9082168.0,0.4810664498,478268976.0,208827105.0,109294068.0,6581897.0,269441871.0,12306715.0,-667793.0,236810375.9,566276897.9,8.421501149055015,16.60525347023814,0.7057729665492666,1.616405657685098,0.0005258021389895445,8.421501149055015,0.0007227366390009573,12.543428707239137,392.25979430453134,1.1340021014034554,37.90180683376732,0.7960751508424466,0.024156061482777283,0.0394741012847967,14.639887710184466,0.0003155692875215891,-66.11590433827524,0.48106644982175656,1.065450643776824,-0.9835204390576145,0.4205115976136592,0.8491887900781053,0.09858485727612121,1.0707169765349727,-0.12275265549039108,-0.9130826087454226,0.06991050644016464,0.23251071816263655,REIT—Residential,Real Estate,UMH
2014Q3,2014,Q3,2014-11-03,2014-09-30,-2134240.0,18554782.0,3392782.0,-0.0932,8267152.0,0.4455537122,466102079.0,201002637.0,106378260.0,6207585.0,265099442.0,15619125.0,-667793.0,216967897.0,542868762.0,8.800956629542295,17.13681890783614,0.7049059268409742,1.6345960575631653,-0.02172929821091082,8.800956629542295,-0.01061797015130702,11.693368157060535,-25.41512400198666,1.0794281121794438,-2.6020391333683186,0.6586559746464671,0.025595381053078098,0.03980840857824194,14.441965595316052,-0.004578911135901627,33.049552112308334,0.44555371224517754,-3.9216300940438873,-1.4007445982364688,-0.052695213639326194,0.9553206640297738,0.051458985395710526,-4.031349778994852,0.5083093490958009,-1.867279665039691,0.23715675190522253,0.27478565541433103,REIT—Residential,Real Estate,UMH
2014Q2,2014,Q2,2014-08-07,2014-06-30,704056.0,18148732.0,2249394.0,0.0319,7862553.0,0.4332287787,449835786.0,201179945.0,117087748.0,6669179.0,248655841.0,16927248.0,-10245878.0,221202943.95999998,512666925.96,9.12209761871381,17.55654601563401,0.6724056298179887,1.5034903951285998,0.002129327654097234,9.12209761871381,0.0034996331269501043,12.18834153041656,78.5459338319679,1.0995278081023432,7.697843637437931,0.6076698941257315,0.024501088923030084,0.04034523833993056,14.886058388896144,0.00156514003979221,-33.965428499962606,0.43322877873782034,2.792134831460674,-0.8480426808641567,0.0069409842330552364,1.311760807062685,0.15707574457414233,2.853310554869686,0.48350589506215585,1.340888872538854,0.23040113793344016,0.20550509226647054,REIT—Residential,Real Estate,UMH
2014Q1,2014,Q1,2014-05-08,2014-03-31,-379891.0,15849181.0,1516269.0,-0.0178,6795193.0,0.4287409551,436139651.0,196868178.0,107852857.0,5589052.0,239271473.0,12106353.0,-5842346.0,207936247.5,485063120.5,9.259428329541246,19.29716470700219,0.6532027834359871,1.4470984437108978,-0.002104337896422946,9.259428329541246,-0.0019296719452546567,13.119684070741574,-136.83941413458072,1.0562207138423356,-13.926178824978743,0.7478708079964297,0.0254425578205166,0.03633969294848636,16.97482524764486,-0.0008710306415134908,-250.5754125820193,0.42874095513200333,0.821285140562249,0.9100789189827463,0.28704707719573547,1.3799511961098831,0.14863662648834652,0.8210279055151941,1.309206708913388,-1.0585586857385574,0.15150149029909254,0.7294646060993615,REIT—Residential,Real Estate,UMH
2013Q4,2013,Q4,2014-03-12,2013-12-31,-2122627.0,16426921.0,656619.0,-0.0996,5915877.0,0.3601330401,407979974.0,190585737.0,107858701.0,5481512.0,217394237.0,13786041.0,-667793.0,200282152.5,451544945.5,8.963942219165036,19.676815630431896,0.6345358902346515,1.3583279634404122,0.004230446317956998,8.963942219165036,-0.011137386424672482,12.192312393783352,-23.58894809356519,1.050876921078307,-2.3931237094411784,0.7624410808004995,0.0253627641634219,0.04026403756768709,16.946019638377148,-0.00520277252628091,225.8555506438528,0.3601330401479376,-4.595505617977528,0.372555572303322,0.11821560791548838,1.2168559886050014,-0.12837340576019252,-5.250686871839874,-0.6617696978937712,-1.3288798700011732,0.13073971675150964,0.7357507165261895,REIT—Residential,Real Estate,UMH
2013Q3,2013,Q3,2013-11-07,2013-09-30,-339583.0,16253966.0,1941337.0,-0.0178,6787169.0,0.4175700257,391584720.0,186390902.0,108249864.0,6079748.0,205193818.0,14826631.0,-9672256.0,189343700.85,421791340.85,9.775142497749483,17.804991917428158,0.6134946097998921,1.2888779034933797,-0.0019294508253191896,9.775142497749483,-0.0018218861347642386,11.649076960663015,-139.3942724238257,1.0158419687780684,-14.203107929431097,0.638499535059583,0.025472904450203688,0.041508172228987894,14.605095309871396,-0.0008672018663036699,-21.680257021785863,0.4175700256786559,-1.6180555555555556,-1.0809369669626183,-0.09126539661006719,1.1562089292949391,-0.057381235006769823,-1.6490612414968913,-0.2851396350168484,-1.0952067945488722,0.28829400769387326,0.9178989398791731,REIT—Residential,Real Estate,UMH
2013Q2,2013,Q2,2013-08-07,2013-06-30,523191.0,16097925.0,2715687.0,0.0288,7200333.0,0.4472832989,383487211.0,185078821.0,105202995.0,4342838.0,198408390.0,14164471.0,-5127682.0,189242518.4,404139535.4,10.17118010621444,24.224480627644873,0.5977757313007239,1.2386038919061408,0.0021175876978183003,10.17118010621444,0.0028268550511244073,11.755708788555047,90.4270708020589,1.0224968874207385,8.890617384473357,0.6281626754716078,0.024579523879344017,0.0419777362536348,20.593189983140057,0.0013642984302806385,-43.06590342752149,0.44728329893449,-0.9221621621621622,-0.8967189820408793,-0.08176069926951826,1.2505651208021045,0.2088401413068771,-0.9197881647486223,0.528753561967253,-0.8771171227279406,0.4163109532716628,1.112027805845802,REIT—Residential,Real Estate,UMH
2013Q1,2013,Q1,2013-05-08,2013-03-31,6522616.0,13426295.0,1776406.0,0.37,5956398.0,0.4436367591,362710824.0,182683785.0,94983580.0,4281118.0,180027039.0,11756413.0,-1563036.0,182607280.47,360147497.47,10.474386475867984,22.186629754190378,0.5128792296532072,1.0182997248496903,0.007573235473956841,10.474386475867984,0.03570440583985054,13.600720114521542,6.999004711836478,0.9995812188257432,0.7211428666044422,0.635389127619113,0.025758764863555165,0.03701652697301363,19.11840178196443,0.0179829648535661,-47.361695737876694,0.44363675906123023,1.4666666666666668,7.602476446149913,-0.002902642572495615,1.178947408137147,0.13460710948817514,1.5095285363620274,-0.35343769870604264,0.21918892677063284,0.15928020537397333,1.0329453577002454,REIT—Residential,Real Estate,UMH
2012Q4,2012,Q4,2013-03-11,2012-12-31,2599140.0,12606121.0,2747463.0,0.15,5249745.0,0.4164441227,300281215.0,174985248.0,103841083.0,4679636.0,125295967.0,11855080.0,-667793.0,180165540.33,298884278.33000004,10.032981937217938,22.18999148651733,0.43211015381032075,0.7415171477769372,0.018031533195482403,10.032981937217938,0.01485348067741116,14.291909488255746,17.32934166012604,1.0296041660037536,1.8844775579614796,0.6205252094460771,0.027186225462585936,0.04198105099581404,19.462011147875604,0.008655686303920144,-403.34906515713925,0.41644412266072967,-0.11764705882352951,4.3017736722906275,-0.10703712179333918,1.0013297863438972,0.09605865305177386,-0.07553526434923892,1.6104731979891247,-0.5965085664143652,0.3485521395940768,1.203036893421473,REIT—Residential,Real Estate,UMH
2012Q3,2012,Q3,2012-11-13,2012-09-30,2811508.0,12186668.0,1052477.0,0.17,4789657.0,0.3930243279,280193915.0,143414186.0,100847283.0,28601604.0,136779729.0,12619760.0,-7026245.0,196576949.25,323613194.25,8.747394324210166,3.525931028203873,0.46923539720696644,0.9167635829275634,0.007657410822800444,8.747394324210166,0.019604113640473476,16.130491882604826,17.47967187448871,1.3706938953026586,1.3746128412225753,0.586145140636589,0.019660163690326474,0.04349369257358783,2.811849957785584,0.010034150813018191,-36.82258895215274,0.39302432789668185,-0.31999999999999995,7.2494775650469565,-0.2093455632120261,0.6251365895649146,0.14146859139838247,-0.30374990837211424,0.8599896439168615,-0.2646023935511293,-0.13328298638443742,0.9434206528335557,REIT—Residential,Real Estate,UMH
2012Q2,2012,Q2,2012-08-08,2012-06-30,4038072.0,11144029.0,565851.0,0.25,4196048.0,0.376528812,255122744.0,145391434.0,116911465.0,13043373.0,109731310.0,11910126.0,-4232768.0,172140477.95000002,255895682.95000002,9.062656879999675,8.963284650373796,0.4103150207572242,0.7199921695524373,0.004525502338269381,9.062656879999675,0.027773795806979935,15.446879934537142,10.657343278549764,1.183979504253325,0.863250828613259,0.5833675479167895,0.020250141288747362,0.043681048679846436,7.460307238012744,0.015827957698667586,-1116.3672312042388,0.37652881197635074,0.13636363636363635,-0.3152882361824597,-0.35797527472634627,0.6237818831711589,0.01738407264174961,0.15393465268557927,-0.8221374585677038,0.19810578326488829,-0.15002402382091717,1.2966970820461614,REIT—Residential,Real Estate,UMH
2012Q1,2012,Q1,2012-05-09,2012-03-31,3499394.0,10890946.0,3181395.0,0.22,4124350.0,0.3786952942,230773958.0,113530147.0,94066959.0,20936465.0,117243811.0,9538464.0,-2418283.0,169829923.76000002,274919978.76,7.326685330662955,4.492972380963071,0.4936372890046805,1.0034218576322287,0.02797460622101034,7.326685330662955,0.030823478102252434,15.593679718915144,12.13280954931054,1.4959015578478905,0.9027188707530504,0.7094010104771585,0.01860077970984776,0.04719313259774311,3.6807192618238083,0.015163730042711319,-70.15582496851187,0.3786952942379845,2.151862464183381,0.39825461602486945,-0.17198203499243114,0.31875468015332975,-0.03845100234841443,2.2249744722106515,0.6046531686073784,2.1365356013325223,0.21350312545231773,0.88317819369049,REIT—Residential,Real Estate,UMH
2011Q4,2011,Q4,2012-03-15,2011-12-31,1085092.0,11026643.0,1982606.0,0.0698,4289277.0,0.3889920985,223944536.0,105877205.0,90421413.0,27785321.0,118067331.0,10188747.0,-667793.0,144262462.61,249696280.61,6.832801552922278,3.2542871467995638,0.5100898777900971,1.0789087320542698,0.01801476164682482,6.832801552922278,0.01024858939183368,13.083080916830264,33.23738047326863,1.362545059722723,2.781320846527299,0.6612555989465633,0.020920126728730875,0.04923827657040938,2.642477695326968,0.004845360460145364,89.82841770559747,0.38899209850178335,-0.3654545454545455,-0.8354270280410977,-0.4278485642261363,0.22899252441680132,0.08491868188237044,-0.3157248854488149,2.8012416405914475,1.4401045221962518,0.02991262583588492,0.6898075278932614,REIT—Residential,Real Estate,UMH
2011Q3,2011,Q3,2011-11-08,2011-09-30,1585754.0,9664577.0,521568.0,0.11,3953547.0,0.4090760516,214881424.0,101605288.0,85308281.0,22059937.0,113276136.0,10294589.0,-6022197.0,133778857.14,236141063.14,6.90387171534481,3.8671135370876173,0.5110471950334804,1.080795607803405,0.00493395518037411,6.90387171534481,0.015607002659152937,13.842184416348486,21.09073304245173,1.3166525067081154,1.893204116149163,0.5547603697437556,0.02244118438579748,0.044976326106252906,3.0666724932170024,0.007379670008143654,-67.08091103053667,0.4090760516471647,2.1789924973204715,0.9840517917864757,-0.3251846593391513,0.23978156217193314,0.049485709006967644,2.1789975033494375,-0.7129437509149928,-0.5103172391279244,-0.2999346478120939,0.5228616710969148,REIT—Residential,Real Estate,UMH
2011Q2,2011,Q2,2011-08-09,2011-06-30,-1345002.0,9605680.0,1816954.0,-0.0933,3767128.0,0.3921771285,211434461.0,108678638.0,83011968.0,7352000.0,102755823.0,10734359.0,-3426347.0,153674673.29999998,244532888.29999998,7.56703366682869,11.291072905331882,0.46719477767628426,0.9089281740906617,-0.04991892824007327,7.56703366682869,-0.01237595561328253,15.998312800343129,-28.564023194761045,1.4140283327805414,-1.6117410977827542,0.543912496312076,0.014106390815408359,0.04543100474051862,8.925624319912949,-0.006361318744535216,330.9493443452605,0.3921771285322851,-1.311,-1.3868878041805457,-0.34932064869643825,0.3203155541335001,-0.00789522128293988,-1.3164913142676424,-0.49255174455463796,-1.336395388878009,-0.3058058486343217,0.6743486852715119,REIT—Residential,Real Estate,UMH
2011Q1,2011,Q1,2011-05-09,2011-03-11,4249728.0,9016454.0,3580570.0,0.3,3797107.0,0.421130857,194644094.0,74568824.0,79597784.0,20292062.0,120075270.0,10322854.0,-1066493.0,138164500.16,243951613.16,5.35392762412466,3.9226069780389987,0.597677980406639,1.5600955300032624,0.03751186863896909,5.35392762412466,0.05699068018023189,15.323596189810317,8.127843720821662,1.8528453681930133,0.49538441048462395,0.505610851417641,0.015237264257910227,0.04632277206417575,3.074492183199519,0.021833326214357164,92.85629327546357,0.42113085698657143,0.0,-0.294549060428131,-0.32638657383740416,-0.07552453747387627,0.03316482636817017,0.005150959684953701,0.026717944688784807,6.386824074321169,-0.1614986612016559,0.1137575214374145,REIT—Residential,Real Estate,UMH
2010Q4,2010,Q4,2011-03-11,2010-12-31,4227950.0,9516713.0,3487394.0,0.3,3675219.0,0.3861857555,188780515.0,71927753.0,73041515.0,26036985.0,116852762.0,10574240.0,-667793.0,142064304.6,249455224.6,5.164302761807205,2.8052985013433775,0.598853859467435,1.571742968253158,0.037705695619248324,5.164302761807205,0.05878050993752022,14.927875265335835,8.400306567012382,1.9750972145619505,0.4773015291098523,0.5524268410779404,0.014204884229588521,0.05041152154924464,2.151461737985408,0.022396114344745803,153.97437660475435,0.3861857555229416,0.5789473684210525,0.03883815628650954,-0.339007332063363,-0.06790456128985244,0.13581603287272942,0.7656125762546521,3.3840617696936786,7.725647147649054,-0.15583855132547153,0.030149661145383522,REIT—Residential,Real Estate,UMH
2010Q3,2010,Q3,2010-11-08,2010-09-30,2394608.0,8470339.0,795471.0,0.19,3235752.0,0.3820097401,169305406.0,65246230.0,73042546.0,27066568.0,104059176.0,11456900.0,-2907201.0,137487218.58,235442881.58,5.096797487340659,2.6986260688832067,0.5907025674065008,1.5327956573123076,0.009627172897645298,5.096797487340659,0.03670109368771192,16.231607563758665,14.353833548121447,2.1072055593097105,0.8171370846501808,0.4568938369017797,0.014232035677275974,0.050029938205280934,2.2355069545573714,0.014143718482326548,-44.24672160206689,0.38200974010603356,-0.1739130434782609,-0.604001708959733,-0.4371942517041106,-0.09788803066304544,0.025665148548997332,-0.18696651858773167,-0.10229169417444502,7.9986407554996735,-0.2961860225950649,-0.05309035133411277,REIT—Residential,Real Estate,UMH
2010Q2,2010,Q2,2010-08-05,2010-06-30,2945276.0,7862640.0,886113.0,0.23,3154784.0,0.4012372435,163286722.0,60619758.0,74189201.0,25185171.0,102666964.0,9103020.0,-1802840.0,126757001.09,222581629.09,4.8158362679042455,2.945749345914705,0.6077700794311983,1.637102939276003,0.011086075261774103,4.8158362679042455,0.04858607320735263,16.12143009091094,10.759348282639726,2.09101793329495,0.656270244282709,0.5171751792262348,0.01524883819732848,0.04815235374741616,2.3403370578663134,0.018037449487166506,-97.13202489354381,0.40123724347038653,-0.2580645161290322,0.32850587067216114,-0.36936546167805967,-0.11645436791639707,-0.05898635600849267,-0.21875885279453877,-0.12897660922184084,-0.36349689453755074,-0.4226772006095969,-0.13713298564804524,REIT—Residential,Real Estate,UMH
2010Q1,2010,Q1,2010-05-06,2010-03-31,3769996.0,8161272.0,1017324.0,0.31,3352538.0,0.4107862108,154928467.0,63323423.0,79205777.0,21212666.0,91605044.0,7823543.0,-1005674.0,100411522.24,181699069.24,5.152320713487871,3.733890733017717,0.5688630482608468,1.3917927336303346,0.013433876787713763,5.152320713487871,0.059535568694699274,12.303415722451108,6.658596072780979,1.585693215605227,0.5128663266486224,0.6146491429778043,0.019255798108294867,0.05267767866056533,3.071243095988029,0.02433378495896432,56.02555579175838,0.4107862107769475,-0.16216216216216217,-0.42471096943401826,-0.28389981293618544,-0.0670573215126705,0.41026662465711244,-0.1694697642613428,-0.7225328906546821,0.899225244451701,-0.21769848172690578,-0.07261650420187221,REIT—Residential,Real Estate,UMH
2009Q4,2009,Q4,2010-03-08,2009-12-31,4539264.0,6587245.0,3666467.0,0.37,2377237.0,0.3608848616,147971540.0,55971862.0,71962886.0,21680728.0,91999678.0,8016210.0,-667793.0,104221506.56,188685711.56,4.554159745203361,3.319209853100874,0.6013588153505735,1.5897986384658778,0.05058736090213178,4.554159745203361,0.08109903508302083,15.821714018531267,5.74000028198404,1.8620339369806924,0.404897578109579,0.5251868401651154,0.017634911072235415,0.04451697265568771,2.671003667404526,0.030676601730305706,58.052418292207435,0.3608848615771844,0.608695652173913,-0.1764496294659821,-0.4313219691030638,-0.14028339541271131,-0.49175656604506945,0.6937173048364589,0.5025327935395221,-0.13200033400829475,-0.5690631224428973,-0.18085894365524235,REIT—Residential,Real Estate,UMH
2009Q3,2009,Q3,2009-11-09,2009-09-30,2680060.0,9856780.0,2440191.0,0.23,4677359.0,0.4745321494,144807183.0,51731218.0,68885053.0,24655346.0,93075965.0,7725899.0,-5327440.0,93669547.4,180206332.4,4.501029826690504,2.7939195418308063,0.6186842886101859,1.731834904795785,0.03453398237703236,4.501029826690504,0.05180740186708923,9.503057529943856,8.737635295478459,1.810696732483662,0.6638075266971635,0.6703971926115007,0.018992768187540105,0.068068308462295,2.2353238928384944,0.018507783553803406,94.79389782206755,0.47453214944434186,0.09523809523809533,-0.14519230271457495,-0.07986978663325324,-0.1550218841674877,0.03706243625559842,0.1370042475491319,0.04996359837388859,3.293826494416319,-0.11870776226614269,-0.19171531279849185,REIT—Residential,Real Estate,UMH
2009Q2,2009,Q2,2009-08-06,2009-06-30,2357124.0,9169362.0,2324072.0,0.21,4510200.0,0.4918771884,139139669.0,44272968.0,63245753.0,25816028.0,94866701.0,8077175.0,-4592317.0,89422156.67999999,175847331.68,3.9459521897095895,2.4498638210339716,0.6557107879852726,2.0607469099428797,0.034301531972015006,3.9459521897095895,0.053240704350338564,9.752276841071385,9.484244006679326,2.0197913245843377,0.7367066815322402,0.5768306369491809,0.01941922521746095,0.06590041550264145,1.9218246896850282,0.01694070437956842,32.59723038854728,0.4918771884019848,2.05,-0.46603327787876214,-0.020466547206890243,-0.23072994240829658,1.0566910175380995,2.072554958155721,118.60640214090886,-0.13208690363746872,-0.2049220095222602,-0.31150008294807,REIT—Residential,Real Estate,UMH
2009Q1,2009,Q1,2009-05-07,2009-03-31,-2197672.0,6405865.0,19431.0,-0.2,2192940.0,0.3423331588,135391682.0,43030150.0,54347703.0,26852801.0,92361532.0,9005056.0,-3753069.0,59724221.400000006,145450258.4,3.8905958847711326,2.023911881669253,0.6549708496863197,2.060824909975912,0.0002950623522510121,3.8905958847711326,-0.051072840787215475,9.323365603240157,-6.794032662744942,1.387962193950056,-0.7786353013552523,0.4678399556871162,0.028651440904343038,0.04731357868794332,1.662383339451255,-0.01623195729262009,32.627075936719315,0.3423331587537358,-0.25000000000000006,-1.500544218536587,-0.3056374321647535,-0.24189519507064072,-0.08222954431219948,-0.24881776472580439,-0.9656513446196652,-1.4594059524977538,-0.39732828903060974,-0.32820152183807705,REIT—Residential,Real Estate,UMH
2008Q4,2008,Q4,2009-03-10,2008-12-31,-1759802.0,7641806.0,565699.0,-0.16,2389421.0,0.3126775268,137939325.0,44721700.0,61532077.0,27264730.0,93217625.0,9459924.0,-667793.0,65807243.95,152588462.95,4.043538355780055,2.256837936777661,0.6493033730591331,2.0027071645308654,0.008425275725901451,4.043538355780055,-0.039350069429382156,8.611477960838053,-9.348671604816905,1.471483506888155,-0.9715047488296978,0.5552248622716208,0.025979753859605298,0.055399763627957434,1.7222247203621674,-0.0127577976766234,650.4556043727946,0.31267752675218397,-1.7272727272727273,-1.3214504115965673,-0.36014394285226936,-0.14613652259141097,-0.4879142042015784,-1.7326299294681091,-0.7573869104495791,-1.5445150880468559,-0.33160415860159875,-0.2701892527398604,REIT—Residential,Real Estate,UMH
2008Q3,2008,Q3,2008-11-07,2008-09-30,2402034.0,10240058.0,2331692.0,0.22,4666056.0,0.4556669503,141325673.0,49489607.0,66836523.0,27294846.0,91836066.0,8848493.0,-4872655.0,75869383.10000001,161732138.10000002,4.533485769834868,2.44868657621296,0.6238708093751657,1.7815652082264464,0.03387645268926194,4.533485769834868,0.048536130020187876,7.409077477881474,7.896368567222613,1.5330366858641655,0.7107085078729111,0.6299380018721832,0.022501118768158274,0.07245716777870925,1.8644321349166066,0.016996444800231023,275.1622375111524,0.4556669503239142,-0.21428571428571436,-0.6240959631746054,-0.16057541210110668,-0.016250662143789518,0.004943894177619656,-0.20518981863231053,-0.01726752483075971,-0.5341840774168354,-0.20212208237640766,-0.19759186313665586,REIT—Residential,Real Estate,UMH
2008Q2,2008,Q2,2008-08-08,2008-06-30,3022148.0,10458996.0,2372662.0,0.28,4643101.0,0.4439337198,138417378.0,49061533.0,63774898.0,24374274.0,89355845.0,9499560.0,-4109564.0,94988145.0,177799760.0,4.519389380116856,2.616484002764554,0.6160774696945929,1.7381403063781151,0.035323933451394805,4.519389380116856,0.061599135110596726,9.081956336918,7.857668204866208,1.9361022616231742,0.556816542406262,0.6122278294994715,0.017715705470403704,0.07556129260012424,1.96191484513549,0.02183358797621495,71.16480229074375,0.4439337198331465,5.946996466431096,0.09818642626885653,0.07419752840125153,0.06426280258115441,0.2726406843111184,5.953691319171257,0.9774276110888402,0.5806449925351554,-0.027296475519790853,-0.17084250286918906,REIT—Residential,Real Estate,UMH
2008Q1,2008,Q1,2008-05-09,2008-03-31,-610080.0,8315540.0,1199873.0,-0.0566,3648399.0,0.4387446877,137069395.0,51775594.0,62382524.0,19791348.0,85293801.0,10311406.0,-3664857.0,106414348.04,186020273.04000002,4.807085493092685,3.152009858045041,0.5949203102559838,1.5749769476328943,0.01799976524321633,4.807085493092685,-0.01178315791026946,12.797046017456474,-43.606718807369525,2.0552994146238093,-3.7521882376081823,0.4526192645309476,0.021511525862466768,0.06066664261558899,2.3191251550930234,-0.004450884167103823,-194.95163147384815,0.4387446876570854,-0.2549889135254988,-1.2417367231212133,-0.10633490257022875,0.22868457015439966,0.07532588566892957,-0.2549677865271161,0.1464430229169553,-1.1062307486409368,-0.16742255333071837,-0.12956986472072188,REIT—Residential,Real Estate,UMH
2007Q4,2007,Q4,2008-03-11,2007-12-31,-486132.0,8718061.0,1046605.0,-0.0451,3392831.0,0.3891726612,136503463.0,53995133.0,62251343.0,20758630.0,82508330.0,10853824.0,-667793.0,126770938.91,203321415.91,5.013157754248268,2.9988175038526146,0.5770729274465366,1.4588806179994038,0.015765971673236567,5.013157754248268,-0.009003255904564583,14.541185122471614,-65.19368140237631,2.347821588104987,-4.363728370072326,0.4906316888867923,0.01673370898914012,0.06386695845218227,2.2401383424628696,-0.003561316242943961,-77.12394305025764,0.3891726612144604,-3.168269230769231,-1.1054535359022435,-0.10800764541891542,0.29685467064011545,-0.0666009155634787,-3.2049002621576754,-0.2269348326756968,-1.1006415195643071,-0.14118269188707988,-0.053635532376279216,REIT—Residential,Real Estate,UMH
2007Q3,2007,Q3,2007-11-08,2007-09-30,220478.0,9971274.0,1353838.0,0.0208,3634920.0,0.3645391752,132431575.0,57089288.0,65856099.0,13078480.0,75342287.0,12583664.0,-5664324.0,147746399.78,217819204.78,5.382559460157155,5.035455114049951,0.5379590554593948,1.247918260952913,0.02109898452259624,5.382559460157155,0.003861985456886413,14.817203877859539,167.52963989604405,2.5879881315037596,10.188055044040675,0.5035380792112695,0.015203361999647638,0.07529378095820427,3.3625617044182503,0.0016648446565707613,-41.430144488871356,0.3645391752347794,-0.9437837837837838,-0.9469334333229303,-0.09048037613499667,0.3900116670972648,-0.2510900125143862,-0.9428317914959444,-0.3690515859718817,-0.9237983824307553,0.008648625190143594,0.010467632102805989,REIT—Residential,Real Estate,UMH
2007Q2,2007,Q2,2007-08-09,2007-06-30,3856654.0,11351020.0,2145719.0,0.37,4853614.0,0.4275927626,121023230.0,58553861.0,55716937.0,10141092.0,62469369.0,12091976.0,-3120980.0,148870993.59,206591635.59,5.581203346289831,5.4941752821096586,0.4890456319832151,1.0107938398801746,0.036448508300209216,5.581203346289831,0.06586506737787966,13.115208464966145,9.65026896307006,2.5424624618690816,0.5693017833593577,0.5373320291075668,0.014748339801149037,0.09379207611629602,3.6444681697000676,0.03186705560577089,-46.30724751333887,0.4275927625887365,1.3125,-0.0823600777857895,0.09643267115808006,0.4105444797087463,0.22724374129242533,1.303192270803747,0.29273497450641,-0.06566726080825931,0.29680348740932977,0.08806503809854108,REIT—Residential,Real Estate,UMH
2007Q1,2007,Q1,2007-05-09,2007-03-31,1674482.0,8800346.0,1659829.0,0.16,3954890.0,0.4494016485,118621023.0,57599815.0,53626814.0,8203234.0,61021208.0,10469595.0,-2422975.0,157587276.79999998,213204956.79999998,5.555760628512872,6.537277127532873,0.485660143059127,1.000168194984654,0.028814145050316157,5.555760628512872,0.029070961425830967,17.906941022546157,23.527765123781563,2.73589900939786,1.2779384908288056,0.4628121718175345,0.01357904675715546,0.07418875488875189,4.563170695849954,0.014116233005341726,-65.6709149788865,0.44940164852609205,-0.6190476190476191,-0.6706894009947685,-0.10168043310366073,0.44139005070552323,-0.24646098321761917,-0.6204241864817421,-0.23962833235146716,-0.5931453986361243,0.017624232654742417,0.08257165541127148,REIT—Residential,Real Estate,UMH
