Quarters,Year,Quarter,FillingDate,Date,NetIncome,Revenue,OperatingIncome,EPSDiluted,GrossProfit,GrossProfitRatio,TotalAssets,CommonStockEquity,CurrentAssets,CurrentLiability,TotalLiability,Inventory,RetainedEarnings,MarketCap,EnterpriseValue,bookValuePerShare,currentRatio,debtToAssets,debtToEquity,roic,shareholdersEquityPerShare,roe,priceToSalesRatio,peRatio,pbRatio,payoutRatio,inventoryTurnover,dividendYield,assetTurnover,quickRatio,returnOnAssets,priceToFreeCashFlowsRatio,grossProfitMargin,epsdilutedGrowth,fiveYNetIncomeGrowthPerShare,fiveYRevenueGrowthPerShare,fiveYShareholdersEquityGrowthPerShare,grossProfitGrowth,netIncomeGrowth,operatingIncomeGrowth,threeYNetIncomeGrowthPerShare,threeYRevenueGrowthPerShare,threeYShareholdersEquityGrowthPerShare,Industry,Sector,Symbol
2023Q1,2023,Q1,2023-05-04,2023-03-31,5043000.0,126618000.0,60507000.0,0.0557,117186000.0,0.9255082216,6986427000.0,4796544000.0,84029000.0,115804000.0,2188583000.0,0.0,-254316000.0,6176838575.55,8201482575.55,53.278206936255735,0.7256139684294152,0.5549197035909772,0.8082707049075334,0.0008421639505872792,53.278206936255735,0.0010513819950364262,48.783258111405964,306.2085353732897,1.2877685632718057,13.297045409478486,0.0,0.01085620081856018,0.018123427039314945,0.7158474664087596,0.0007218281963011995,65.5917275546612,0.9255082215798701,-0.8734090909090908,-0.8951208180546362,0.2531448052461457,0.802736373999466,0.13601861276719499,-0.8767775985925818,0.052442078897933626,-0.8801101228298449,0.14502321689550085,0.37928214713879566,REIT—Retail,Real Estate,ADC
2022Q4,2022,Q4,2023-02-14,2022-12-31,40926000.0,125005000.0,57492000.0,0.44,103155000.0,0.8252069917,6713189000.0,4628998000.0,94750000.0,106067000.0,2082799000.0,0.0,-228132000.0,6272664759.400001,8184919759.400001,52.34375512384409,0.8933032894302658,0.5630760581893345,0.8165991862601798,0.006718569114721643,52.34375512384409,0.008841222225630687,50.179310902763895,38.31711356717002,1.3550804643683148,1.59070028832527,0.0,0.010378523721109416,0.018620807488065657,0.8824987979296105,0.00609635748375325,67.32060572894308,0.8252069917203312,-0.04347826086956525,-0.17124446646207594,0.32429303239113233,0.7015246152055855,0.06810039553521506,0.038072289156626506,0.003105698433192588,-0.13249698651271308,0.1465188855964462,0.3102789919798883,REIT—Retail,Real Estate,ADC
2022Q3,2022,Q3,2022-11-01,2022-09-30,39425000.0,110065000.0,57314000.0,0.46,96578000.0,0.8774633171,6556101000.0,4547174000.0,320211000.0,107064000.0,2007394000.0,0.0,-203040000.0,5386202770.88,6998928770.88,57.05281289842594,2.9908372562205785,0.5683905723844096,0.8195037181335044,0.006803562120439645,57.05281289842594,0.00867022022909174,48.936562675509926,34.15474173037413,1.1845165306803742,1.4687381103360813,0.0,0.010750616429269605,0.016788179437748137,2.9812448628857506,0.006013482708701406,45.31704559197685,0.8774633171307864,0.02222222222222224,0.16185318473831406,0.2985332545751245,0.9872891203190645,0.05034312499320275,0.09596085953353904,0.0950324799388613,0.00397176796766169,0.20165225775282283,0.6037017013641465,REIT—Retail,Real Estate,ADC
2022Q2,2022,Q2,2022-08-02,2022-06-30,35973000.0,104876000.0,52340000.0,0.45,91949000.0,0.8767401503,6038232000.0,3972584000.0,88513000.0,89723000.0,2063992000.0,0.0,-182518000.0,5412485169.599999,7324143169.599999,52.94101968711286,0.9865140487946235,0.33283732721763587,0.5059047209574423,0.008583273702848398,52.94101968711286,0.009055315129900337,51.60842489797474,37.61491375198065,1.3624595904328265,1.5040724988185583,0.0,0.009996516998123916,0.01736866023034557,0.977151900850395,0.005957538564268481,61.07383233959964,0.876740150272703,-0.11764705882352941,-0.14955897283813274,0.3135080137233801,0.7609462640932787,0.0710175651120533,-0.008707872909146023,0.02750348455996388,0.04877582093588497,0.26361256476300543,0.46697814781972324,REIT—Retail,Real Estate,ADC
2022Q1,2022,Q1,2022-05-03,2022-03-31,36289000.0,98342000.0,50939000.0,0.51,85852000.0,0.8729942446,5638590000.0,3674073000.0,85177000.0,81239000.0,1962849000.0,0.0,-162765000.0,4726751794.8,6549762794.8,51.581190395531706,1.0484742549760584,0.33344293520188556,0.5117339802448128,0.008993042463329801,51.581190395531706,0.009877049258411577,48.06442613328995,32.56325466945907,1.286515481537792,1.3951886246520984,0.0,0.010711372671545635,0.017440885043956026,1.0376666379448294,0.006435828815359868,76.89901564742057,0.8729942445750544,0.08510638297872349,-0.09280801046365184,0.3490987353249756,0.9543257449545945,0.06991351162732734,0.08956344202245842,0.08895207148659626,0.04098402394846866,0.22219430756395664,0.5023844775251024,REIT—Retail,Real Estate,ADC
2021Q4,2021,Q4,2022-02-22,2021-12-31,33306000.0,91412000.0,46778000.0,0.47,80242000.0,0.8778059773,5226906000.0,3417687000.0,104368000.0,246886000.0,1807590000.0,0.0,-147366000.0,5016440946.24,6660817946.24,48.61736576462667,0.42273761979213076,0.3228734168932826,0.4937927317510351,0.009022551573537034,48.61736576462667,0.009745187315280773,54.877269354570515,37.65418352729238,1.4677882867096959,1.4619588062211013,0.0,0.009706483246154104,0.017488739992645747,0.39165444780181946,0.006372029648132184,83.12522281169218,0.8778059773333917,-0.09615384615384624,-0.05578106220592184,0.30436155764131506,0.8063692849383681,0.04222571469392526,-0.09156370182472792,-0.06976096726723144,0.2500529328514458,-0.07010786632812406,0.37097356840698986,REIT—Retail,Real Estate,ADC
2021Q3,2021,Q3,2021-11-01,2021-09-30,36663000.0,87537000.0,50286000.0,0.52,76991000.0,0.8795252293315969,4997500000.0,3339886000.0,161233000.0,96001000.0,1655899000.0,0.0,-130455000.0,4576658575.0,6012131575.0,48.33234687601751,1.6794929219487298,0.305623611805903,0.45730722545619823,0.010223266440269484,48.33234687601751,0.010977320782805161,52.282561374047546,31.20761104519543,1.370303829232495,1.228022802280228,0.0,0.009837526497156279,0.01751615807903952,1.5076405454109854,0.0073362681340670335,67.28302399259053,0.8795252293315969,0.5294117647058822,-0.12754745329209338,0.2297064513897216,0.9784160941586086,0.057786631860960364,0.6406229024030071,0.1598394685856629,0.08109873945523585,0.18143086970603567,0.44012115866687845,REIT—Retail,Real Estate,ADC
2021Q2,2021,Q2,2021-07-26,2021-06-30,22347000.0,82546000.0,43356000.0,0.34,72785000.0,0.8817507813825018,4764523000.0,3118395000.0,236508000.0,83225000.0,1644372000.0,0.0,-121619000.0,4570288512.16,5920423512.16,48.09667113249951,2.8417903274256533,0.3205317720157926,0.48973301971046,0.00913548769211473,48.09667113249951,0.00716618645168428,55.36656545635161,51.128658345191745,1.46558999490443,1.8415447263614804,0.0,0.009004464355041418,0.01732513412150597,2.6906338239711625,0.00469029113722402,63.34338418261701,0.8817507813825018,-0.2916666666666666,-0.2827496894361297,0.29309474333556995,0.9181566280655856,0.06650939249186766,-0.2578706163655685,0.08721600882692211,-0.2976812802364098,0.0838446407598338,0.43309891276403706,REIT—Retail,Real Estate,ADC
2021Q1,2021,Q1,2021-05-03,2021-03-31,30112000.0,77829000.0,39878000.0,0.48,68246000.0,0.8768710891826954,4278402000.0,2798023000.0,61618000.0,79510000.0,1478526000.0,0.0,-101137000.0,4229013057.07,5586006057.07,44.53401434056689,0.7749717016727455,0.31889523237881806,0.4876164348899205,0.009271593528439731,44.53401434056689,0.010761884373359332,54.337240065656765,35.110695545546626,1.5114289829175815,2.0243424548352817,0.0,0.01441400137038901,0.018191137719176458,0.6045654634637152,0.007038141810891076,92.34661113811552,0.8768710891826954,0.14285714285714285,0.31294560137737626,0.2519064960802494,1.031541108248989,0.10072418186803439,0.2751217446538217,0.12729328621908126,-0.10265525944349724,0.10373968038671315,0.5068654173742709,REIT—Retail,Real Estate,ADC
2020Q4,2020,Q4,2021-02-18,2020-12-31,23615000.0,71415000.0,35375000.0,0.42,62001000.0,0.8681789540012602,3886183000.0,2524487000.0,46962000.0,105935000.0,1359934000.0,0.0,-91343000.0,3688344910.2,4900506910.2,45.57066883717387,0.443309576627177,0.3134950155461027,0.4825927010121264,0.009349217883419482,45.57066883717387,0.009354375760302984,51.64664160470489,39.04663254499259,1.4610274920013453,1.3683675629896253,0.0,0.008761111226511561,0.018376643611482012,0.41482984849199983,0.00607665670916681,70.7922095583578,0.8681789540012602,0.07692307692307684,0.043109012659978393,0.2830504721092011,0.9256665092450266,0.10991568357172267,0.10972744360902256,0.14445163377547718,-0.23660471568863614,0.2077596935901173,0.48135368917221416,REIT—Retail,Real Estate,ADC
2020Q3,2020,Q3,2020-10-19,2020-09-30,21280000.0,63810000.0,30910000.0,0.39,55861000.0,0.8754270490518727,3547614000.0,2263570000.0,55539000.0,100393000.0,1282227000.0,0.0,-80627000.0,3418865279.84,4550451279.84,42.134914074982674,0.5532158616636618,0.3231188624241533,0.5064128787711447,0.008937161470144431,42.134914074982674,0.00940107882680898,53.57883215546153,40.16524059962406,1.5103863718992565,1.518327067669173,0.0,0.009450503999242719,0.017986737001263384,0.5381251680894086,0.005998397796378073,148.1567550632692,0.8754270490518727,-0.17021276595744672,-0.5112446451837498,0.19837538399952453,0.9104111559199342,0.10593941793704217,-0.15749465515876157,0.058996848019734136,-0.06961249524298856,0.11687681995073503,0.4676621900460559,REIT—Retail,Real Estate,ADC
2020Q2,2020,Q2,2020-07-20,2020-06-30,25258000.0,57535000.0,29188000.0,0.47,50510000.0,0.8779004084470322,3111642000.0,2184101000.0,70380000.0,112607000.0,925666000.0,0.0,-69595000.0,3464640573.2999997,4215339573.2999997,41.42342435634029,0.6250055502766257,0.25068436536079663,0.35714465585611654,0.009747353074493103,41.42342435634029,0.011564483510606882,60.21796425306335,34.29250706013936,1.5863005297374067,1.0561802201282762,0.0,0.007699788603061558,0.018490237630164396,0.5624605930359569,0.008117257705095894,88.64827606120308,0.8779004084470322,0.021739130434782507,-0.18138918856226516,0.11145254550561605,0.9731277765918668,0.04264718024936009,0.18978755475999812,-0.015714574762258043,-0.15019247586551335,0.025516840993583863,0.3778432073533411,REIT—Retail,Real Estate,ADC
2020Q1,2020,Q1,2020-04-20,2020-03-31,21229000.0,55809000.0,29654000.0,0.46,48444000.0,0.8680320378433586,2908945000.0,1755086000.0,127682000.0,102193000.0,1151933000.0,7795000.0,-62542000.0,2812500222.9,3762808222.9,38.62748970308713,1.2494202146918085,0.35146728453098974,0.5825349868895313,0.01054822934231859,38.62748970308713,0.012095703572360556,50.395101558888356,33.12096922723633,1.602485703207706,1.1687314522587027,0.9448364336112893,0.008821688189740695,0.019185306013004715,0.9769553687630268,0.007297834782025786,98.01018340186786,0.8680320378433586,-0.11538461538461538,0.27438159942176205,0.35523029827837505,0.9141635595580845,0.06716598744355105,-0.05895651402987721,0.04162422283887737,-0.16802888763367438,0.20022714142791395,0.4635315123757045,REIT—Retail,Real Estate,ADC
2019Q4,2019,Q4,2020-02-20,2019-12-31,22559000.0,52136000.0,28469000.0,0.52,45395000.0,0.8707035445757251,2664530000.0,1689331000.0,72715000.0,74001000.0,972968000.0,3750000.0,-57094000.0,2967325102.2000003,3824021102.2000003,39.94855709679845,0.9826218564613992,0.32737443376505426,0.5163576587418333,0.010955624633232422,39.94855709679845,0.01335380692120135,56.91508942381464,32.884049627643066,1.756508998058995,1.0707478168358526,1.7976,0.008140328129900993,0.019566677800587722,0.5731138768395022,0.00846640870997887,77.75194167802118,0.8707035445757251,0.08333333333333341,0.46449930325295563,0.32253254509324664,0.735675716464829,0.06940092817263069,0.09451263888215031,0.06545658682634731,0.06315670349866515,0.23668671790393256,0.4842812929565873,REIT—Retail,Real Estate,ADC
2019Q3,2019,Q3,2019-10-21,2019-09-30,20611000.0,48075000.0,26720000.0,0.48,42449000.0,0.8829745189807592,2523321000.0,1488219000.0,44225000.0,76997000.0,1032907000.0,7928000.0,-54841000.0,3060044229.55,3979269229.55,35.575701422462465,0.5743730275205527,0.3679983640606962,0.6239525231165575,0.010958922514602084,35.575701422462465,0.01384944016975996,63.65146603328134,37.11663953168211,2.0561787139863155,1.1606423754305952,0.7096367305751766,0.007817534063394204,0.019052272778611996,0.45258906191150305,0.008168203728340548,98.88974371606774,0.8829745189807592,0.0666666666666666,0.49389482054076517,0.22913480725767002,0.8423256416833106,0.07924844909996949,0.11026718379659556,0.14075908295265338,-0.18979808474093662,0.11560248239414404,0.45624089878626045,REIT—Retail,Real Estate,ADC
2019Q2,2019,Q2,2019-07-22,2019-06-30,18564000.0,44920000.0,23423000.0,0.45,39332000.0,0.8756010685663401,2304443000.0,1465639000.0,49417000.0,72819000.0,836520000.0,2074000.0,-51298000.0,2569950900.16,3300223900.16,36.088485548196985,0.6786278306485944,0.31929320881445106,0.5020288079124532,0.010530214561731064,36.088485548196985,0.012666147666649155,57.211729745325016,34.609336621417796,1.753467873166585,1.1496444731738849,2.694310511089682,0.008304438811913213,0.019492779817075104,0.4179403727049259,0.008055742754322845,75.38281415464039,0.8756010685663401,-0.062499999999999944,1.5339948596731194,0.26123506078595865,0.8665392900557826,0.0690367471189389,0.011827546737886304,0.04208746718868176,-0.0487803207847515,0.12339325379244116,0.439254861535481,REIT—Retail,Real Estate,ADC
2019Q1,2019,Q1,2019-04-22,2019-03-31,18347000.0,42348000.0,22477000.0,0.48,36792000.0,0.8688013601586851,2150337000.0,1287066000.0,49044000.0,61378000.0,860915000.0,0.0,-45940000.0,2560045344.7900004,3309384344.7900004,34.33288293852854,0.7990485190133273,0.35885723958616716,0.5995527812870514,0.011019064757847809,34.33288293852854,0.01425490223500582,60.452567884906024,34.883705030658966,1.9890552192272968,1.1357715157791464,0.0,0.00813969957305945,0.019693657319759646,0.7497800514842452,0.008532151007028201,108.90565979452931,0.8688013601586851,0.29729729729729726,0.3359767852167859,0.32035309402012885,0.7486385757830919,-0.15852068705258102,0.388766936643706,0.1163148745964738,0.3407292434589883,0.1416480452187968,0.5661885434564491,REIT—Retail,Real Estate,ADC
2018Q4,2018,Q4,2019-02-21,2018-12-31,13211000.0,48743000.0,20135000.0,0.37,43723000.0,0.8970108528404078,2028189000.0,1236075000.0,75522000.0,35707000.0,789703000.0,0.0,-42945000.0,2060710131.52,2727164131.52,35.46192784819176,2.1150474696838155,0.35519815954035844,0.5828198127136298,0.010195867914085062,35.46192784819176,0.01068786279149728,42.27704760724617,38.99610422223904,1.6671400453208745,1.4094315343274544,0.0,0.009035720121522237,0.024032770121522204,2.114487355420506,0.006513692757430398,71.07122371167442,0.8970108528404078,-0.22916666666666666,-0.059124601362469276,0.7672277975042294,0.6677263137079777,0.4536055055021776,-0.1523803413319646,0.08826072856988433,-0.07256667869258583,0.39178390713741973,0.49850437908914835,REIT—Retail,Real Estate,ADC
2018Q3,2018,Q3,2018-10-22,2018-09-30,15586000.0,34053000.0,18502000.0,0.48,30079000.0,0.8832995624467741,1748634000.0,1065871000.0,36693000.0,65393000.0,682763000.0,0.0,-35317000.0,1665438027.0,2327534027.0,33.56130599508642,0.561115104063126,0.38824991393281844,0.6369504377171347,0.010520748199420815,33.56130599508642,0.014622782681956822,48.90723363580301,26.71368579173617,1.5625136878665429,0.0,0.0,0.0,0.01947405803615851,0.561115104063126,0.008913243137214534,0.0,0.8832995624467741,0.0,0.40719871290139864,0.2015409908406094,0.8126957291160418,-0.09027945802080813,0.0,-0.022970903522205207,-0.3944631183844418,0.08179641142394234,0.5216808859786912,REIT—Retail,Real Estate,ADC
2018Q2,2018,Q2,2018-07-23,2018-06-30,15586000.0,37306000.0,18937000.0,0.48,33064000.0,0.8862917493164638,1748634000.0,1065871000.0,39496000.0,33602000.0,680256000.0,1367000.0,-35317000.0,1675918472.25,2276477472.25,33.56130599508642,1.1754062258198916,0.35305844447723195,0.57921643425893,0.011161768338052689,33.56130599508642,0.014622782681956822,44.92356383021498,26.881792510105225,1.5723464399068932,2.110612087771077,3.103145574250183,0.019628639784509065,0.02133436728326225,1.091988572108803,0.008913243137214534,36.08937663659072,0.8862917493164638,-0.09433962264150951,0.44415468201771724,0.3984009005371016,0.8055331972929327,0.08360370989414348,-0.05258039024983284,0.07310024366747889,-0.16136281469025704,0.19646064880879685,0.5986303910547747,REIT—Retail,Real Estate,ADC
2018Q1,2018,Q1,2018-04-23,2018-03-31,16451000.0,34569000.0,17647000.0,0.53,30513000.0,0.8826694437212531,1527247000.0,910309000.0,36747000.0,28672000.0,614384000.0,7696000.0,-28449000.0,1479702666.84,2033379666.84,29.554075518016656,1.2816336495535714,0.3639928577368297,0.6106794506041355,0.011999678315067585,29.554075518016656,0.018071885480644485,42.80432372472446,22.486515513342653,1.6254949328634563,0.9800012157315665,0.527027027027027,0.010895432144100657,0.022634845575077247,0.7037179129464286,0.01077166954657629,83.06403204445941,0.8826694437212531,-0.03636363636363639,0.28591686117243775,0.3845379650740203,0.5525190577160825,0.08278921220723917,-0.002607008609191221,0.03198830409356725,0.4567757927609832,0.23830075285206304,0.4645356151242205,REIT—Retail,Real Estate,ADC
2017Q4,2017,Q4,2018-02-22,2017-12-31,16494000.0,31528000.0,17100000.0,0.55,28180000.0,0.8938086780005075,1494634000.0,908661000.0,76679000.0,30880000.0,583444000.0,2420000.0,-28763000.0,1519414298.32,1988170298.32,30.762855063086874,2.483128238341969,0.34761888194701845,0.5717896993488221,0.011972911812152716,30.762855063086874,0.01815198407326825,48.19253673940624,23.029803236328362,1.6721464862253357,0.8945070934885413,1.3834710743801653,0.009710320625726203,0.021094127391722655,2.1465025906735753,0.011035477581802636,56.23711223332593,0.8938086780005075,0.3095238095238097,0.35592457199763367,0.28134988821387547,0.761889072369502,0.038166814028882994,0.3558569667077682,0.0410958904109589,0.5329702275391621,0.14499472750944478,0.3365774481603522,REIT—Retail,Real Estate,ADC
2017Q3,2017,Q3,2017-10-23,2017-09-30,12165000.0,30387000.0,16425000.0,0.42,27144000.0,0.8932767301806693,1366973000.0,820299000.0,51926000.0,25215000.0,544156000.0,9003000.0,-29136000.0,1402363919.76,1861728919.76,28.708863906659925,2.0593297640293478,0.35470707907178856,0.5910954420278459,0.012584528959357143,28.708863906659925,0.014829958344457326,46.15012734919538,28.819644877928482,1.7095765321669294,1.1888203863542952,0.36021326224591804,0.010312587051209233,0.022229407603515213,1.631727146539758,0.008899224783518036,68.34465226180613,0.8932767301806693,-0.2500000000000001,0.21904424155399,0.28199086708006443,0.6480410253616428,0.08702094429538264,-0.18223984942188762,0.1174989794529868,0.29089306965565814,0.1374314912766918,0.4867191370523676,REIT—Retail,Real Estate,ADC
2017Q2,2017,Q2,2017-07-24,2017-06-30,14876000.0,28080000.0,14698000.0,0.56,24971000.0,0.8892806267806268,1286840000.0,793379000.0,23825000.0,22910000.0,490888000.0,5409000.0,-26547000.0,1210495676.61,1639980676.61,30.063960932034743,1.0399388913138368,0.33699449815050825,0.5465962673577194,0.011978448897629003,30.063960932034743,0.018750181187049318,43.10882039209401,20.34309754991261,1.5257470598667218,0.8724119386931971,0.5747827694583102,0.010721227882733926,0.021820894594510584,0.8038411174159755,0.011560100711821205,63.39333210840534,0.8892806267806268,0.0,0.2761591724082444,0.2884215312974796,0.7215910107800708,0.049554472091459315,0.02065180102915952,0.03770121434622988,2.1249580562570394,0.2133252734493024,0.554943729057328,REIT—Retail,Real Estate,ADC
2017Q1,2017,Q1,2017-04-24,2017-03-31,14575000.0,26560000.0,14164000.0,0.56,23792000.0,0.8957831325301204,1158240000.0,684989000.0,15369000.0,20839000.0,470688000.0,0.0,-26962000.0,1244710532.1200001,1657704532.1200001,26.393343345497456,0.7375113969000432,0.35855608509462633,0.6062783489953854,0.012873051751231273,26.393343345497456,0.021277713948691147,46.86410135993977,21.350094890566037,1.8171248474355064,0.8886449399656947,0.0,0.010405632205859189,0.022931344108302252,0.7375113969000432,0.012583747755214808,79.93773888125362,0.8957831325301204,0.1200000000000001,0.3100527808834562,0.19359605933765706,0.4506845028638028,0.039133473095737246,0.14466347286578182,-0.021958293053445658,0.5330056987027517,0.19615265601530543,0.3442628281597736,REIT—Retail,Real Estate,ADC
2016Q4,2016,Q4,2017-02-23,2016-12-31,12733000.0,25298000.0,14482000.0,0.5,22896000.0,0.9050517827496245,1111925000.0,682978000.0,44930000.0,20877000.0,426415000.0,0.0,-28558000.0,1168561208.1,1536088208.1,26.91441122809252,2.1521291373281604,0.36056568563527214,0.5870203725449429,0.013361011163391457,26.91441122809252,0.018643353080187063,46.19184157245632,22.943556273069973,1.7109792820559373,0.9004162412628602,0.0,0.009811210504447002,0.022751534500978034,2.1521291373281604,0.011451311914022978,41.44862937963324,0.9050517827496245,-0.180327868852459,0.7289553639281617,7.084622753224437,0.8087392994362561,0.024154589371980676,-0.10727056019070322,0.02093761015156856,0.24562641611740282,0.2598740109123606,0.26574821355450123,REIT—Retail,Real Estate,ADC
2016Q3,2016,Q3,2016-10-24,2016-09-30,14263000.0,24161000.0,14185000.0,0.61,22356000.0,0.9252928272836389,1038813000.0,572979000.0,34406000.0,21185000.0,463382000.0,0.0,-28339000.0,1159569863.52,1583039863.52,24.429818893367095,1.6240736370073166,0.4187096233874624,0.7591220620651019,0.014073258328868781,24.429818893367095,0.02489270985498596,47.99345488680104,20.324789026151578,2.0237563043671756,0.7954793521699502,0.0,0.009784595440897563,0.023258276513674743,1.0438517819211706,0.013730093866749839,169.37193069592553,0.9252928272836389,0.27083333333333337,4.340462267397621,-0.32999273718414773,0.5049417980041426,0.1574982546400893,0.33782558086092446,0.22207807894322856,0.7437289402400749,0.15437112344333762,0.319490617485754,REIT—Retail,Real Estate,ADC
2016Q2,2016,Q2,2016-07-27,2016-06-30,10661330.0,21843820.0,11607278.0,0.48,19314068.0,0.8841891207673384,973104128.0,556301154.0,14008751.0,18414889.0,414417259.0,0.0,-31137175.0,1070252640.0,1453297280.0,25.074423239881007,0.7607295922337626,0.3977778008151662,0.6958087669183588,0.012303921429681978,25.074423239881007,0.019164673528611807,48.995672002424485,25.096602393885192,1.9238727662247488,0.9052091061809362,0.0,0.00901724755381122,0.022447566885668374,0.7607295922337626,0.010956001206070314,105.33191651060064,0.8841891207673384,0.3333333333333333,0.2826176044774681,0.010370259645174261,0.49510549790286895,0.05168426800440754,0.428973145491931,0.03317087117174276,0.41409052387570844,0.17211003253420387,0.34895535856699883,REIT—Retail,Real Estate,ADC
2016Q1,2016,Q1,2016-04-27,2016-03-31,7460833.0,20223858.0,11234616.0,0.36,18364892.0,0.9080805452649044,825553310.0,448043432.0,11518537.0,18070142.0,375098679.0,0.0,-30452339.0,786277904.63,1132288440.63,21.921296182360457,0.6374347805346522,0.42362123046905353,0.7805535892779252,0.014082607281381004,21.921296182360457,0.016652030734377554,38.87872950007857,26.34685378395415,1.7549144758582245,1.2862297011607149,0.0,0.012204775110036658,0.0244973374281547,0.6374347805346522,0.009037372765182178,47.55249879467387,0.9080805452649044,-0.1219512195121951,-0.2074005372934169,-0.04801606216386951,0.30712513960634635,0.08216379112283417,-0.04230867181246339,-0.05382914998108015,-0.12112830039913568,0.2206738249532264,0.15155793224545933,REIT—Retail,Real Estate,ADC
2015Q4,2015,Q4,2016-03-11,2015-12-31,7790436.0,19153547.0,11873771.0,0.41,16970529.0,0.8860253925813323,792549537.0,451123627.0,10129915.0,14770271.0,338929998.0,0.0,-28262441.0,647951370.0,964824150.0,23.66488102607145,0.6858313567841782,0.4032358270117821,0.70841859940978,0.0154063161106821,23.66488102607145,0.017268960288794627,33.829314747811466,20.793167737980262,1.4363055517817072,1.1274223933037895,0.0,0.013555202452924823,0.024167002951640107,0.6858313567841782,0.009829588733959477,63.09429770727521,0.8860253925813323,-0.49382716049382724,2.265866737935912,0.21608927501541256,0.42031842192005636,0.0262704342095285,-0.4662426262188462,0.2848563225045075,-0.007671862114079041,0.20615890178263185,0.3553649423388666,REIT—Retail,Real Estate,ADC
2015Q3,2015,Q3,2015-10-30,2015-09-30,14595463.0,17849812.0,9241322.0,0.81,16536118.0,0.926402922338902,749236549.0,397195999.0,27518733.0,13828442.0,349552257.0,0.0,-26452162.0,537568650.0,845484410.0,22.055416680548614,1.9900096482307985,0.4395081732725241,0.8290506143794263,0.01272048042687173,22.055416680548614,0.03674624879592506,30.11620794661591,9.207803993610892,1.3534090256533526,0.5751712706887064,0.0,0.015616407318395519,0.023824000609452382,1.9900096482307985,0.019480447155815407,40.709665527421215,0.926402922338902,0.3965517241379312,0.768122241223718,0.022445841555873067,0.22940215121904836,0.046384112489286124,0.4220611935562162,-0.07046693402677577,1.3205546883761952,0.19480581956850002,0.2660978727394887,REIT—Retail,Real Estate,ADC
2015Q2,2015,Q2,2015-07-31,2015-06-30,10263597.0,17219451.0,9941897.0,0.58,15803105.0,0.9177473195864374,705067066.0,368210031.0,8563834.0,12333397.0,334440364.0,0.0,-32264517.0,511612630.00000006,826738710.0,20.993787046011747,0.694361334513111,0.4510162200655108,0.8636285169536839,0.014488195462337023,20.993787046011747,0.027874300360926342,29.711320645472384,12.461825761475241,1.389458697283562,0.7717738722594037,0.0,0.015482760853656016,0.024422429908249325,0.694361334513111,0.01455690883170538,41.93754116495122,0.9177473195864374,0.5675675675675674,0.10407724029169188,-0.13874605642616242,-0.014116215457234318,0.10690185810905464,0.6116533835607727,0.09786080566502928,0.32479274834040484,0.1888028724098422,0.2021940536162999,REIT—Retail,Real Estate,ADC
2015Q1,2015,Q1,2015-05-01,2015-03-31,6368365.0,15743056.0,9055699.0,0.37,14276880.0,0.9068683996296526,653046762.0,350523597.0,12842368.0,11181024.0,300177318.0,0.0,-34137482.0,572688900.0,847949099.0,20.17982711571675,1.1485860329071826,0.4336281097738603,0.8078755194332894,0.014290130504820215,20.17982711571675,0.018168149175988284,36.377238320183835,22.48178692647171,1.633809834491685,1.239403834422179,0.0,0.013782310081442123,0.024107088368045534,1.1485860329071826,0.009751774866008754,63.58725685341682,0.9068683996296526,0.027777777777777804,-0.6896889467157215,-0.22936382563855548,0.14971404353289022,0.07741711131154845,0.13790662910551157,0.07345912125631135,-0.14474120635078971,0.05707966250337941,0.10916461336585859,REIT—Retail,Real Estate,ADC
2014Q4,2014,Q4,2015-03-06,2014-12-31,5596562.0,14322604.0,8435998.0,0.36,13251024.0,0.9251825994770225,593580861.0,353619991.0,9907193.0,11654762.0,237545487.0,0.0,-32584612.0,477666760.0,694029540.0,23.01614104399896,0.8500553679260031,0.37360072160412866,0.6271201958149476,0.014661554658477296,23.01614104399896,0.01582648646128154,33.35055273468428,21.337508634765417,1.350791166102371,1.1494367434864476,0.0,0.01346732604965018,0.024129153989013132,0.8500553679260031,0.009428474480412872,48.79161710471009,0.9251825994770225,0.09090909090909081,-0.32611400300721777,-0.22152022189553824,0.36259369037501205,0.05833439824162343,0.15325381296950552,0.09595920162289302,0.25513920090455977,6.559848425107492,0.5467623822361861,REIT—Retail,Real Estate,ADC
2014Q3,2014,Q3,2014-10-31,2014-09-30,4852845.0,13757425.0,7697365.0,0.33,12520640.0,0.9101005457053192,522823040.0,284130481.0,5421799.0,9462370.0,236207307.0,0.0,-30288199.0,402869320.0,625651501.0,19.31021347016447,0.5729853091772992,0.42879792175953074,0.7890228187098307,0.015142876286182928,19.31021347016447,0.017079635324307216,29.283773671308403,20.754285372807082,1.4179025023365937,1.3255923071929971,0.0,0.015967693941052647,0.02631373131528404,0.5729853091772992,0.009282002950749837,46.59363703811219,0.9101005457053192,0.8333333333333335,-0.4156721931825881,-0.2047734104878491,0.10919421533948127,0.07951041359603181,0.8283451911440917,0.6768470148440869,2.811673010497818,-0.39187975053189095,0.18956049189228227,REIT—Retail,Real Estate,ADC
2014Q2,2014,Q2,2014-08-01,2014-06-30,2654228.0,12903755.0,4590380.0,0.18,11598443.0,0.8988424687232515,481158520.0,284486900.0,5416604.0,9780378.0,194166161.0,0.0,-28708150.0,444804220.0,624474328.0,19.33443659100177,0.5538235843236324,0.3767843952965854,0.63726316396291,0.009855255203550831,19.33443659100177,0.009329877755355343,34.47091331166781,41.89581867119177,1.5635314666510127,2.424316976537057,0.0,0.014466342068427318,0.026818095209038384,0.5538235843236324,0.005516327550429742,52.39872317020576,0.8988424687232515,-0.5135135135135135,-0.6692002020418866,-0.25260694193189964,0.1085703272843165,0.028956870273703784,-0.5070482882171445,-0.3594819796312596,-0.5185266056758016,-0.1000542493557182,0.1528489476912223,REIT—Retail,Real Estate,ADC
2014Q1,2014,Q1,2014-05-02,2014-03-31,5384357.0,12575073.0,7166668.0,0.37,11272040.0,0.8963796870205047,466485605.0,288581483.0,4131286.0,8777927.0,175291529.0,0.0,-24929484.0,446966180.0,610119756.0,19.634064702680636,0.4706448344808518,0.3515216680694788,0.5682270265414084,0.015835795727297316,19.634064702680636,0.01865801278732773,35.54382388078383,20.752997061673288,1.5488387382083002,1.1333124828089964,0.0,0.01365239535572915,0.026957044044263703,0.4706448344808518,0.011542386179312006,54.70931427395675,0.8963796870205047,-0.07500000000000007,-0.2898639469161412,-0.2801759160376465,0.1502145122802232,0.11482310899839651,-0.018479400189218207,-0.005488315785062289,-0.20458103032968333,-0.1768636687924161,0.17074188278076435,REIT—Retail,Real Estate,ADC
2013Q4,2013,Q4,2014-03-07,2013-12-31,5485730.0,10775826.0,7206218.0,0.4,10111057.0,0.9383092303086557,462741543.0,289568216.0,22645153.0,9710481.0,170525986.0,4845504.0,-23879151.0,395194360.0,539055238.0,21.263637538551915,2.3320320589680366,0.3423028716485911,0.5470136232078731,0.01608652978610708,21.263637538551915,0.018944517032214614,36.67415936374622,18.01010804396133,1.3647711943634036,0.9895795090170315,0.13719295247718297,0.013736446036325012,0.02328692152889329,1.8330347384439556,0.011854846583333453,47.195839254791906,0.9383092303086557,0.142857142857143,-0.18083644724955888,-0.3215140093454188,0.24640271913470393,-0.036457457802010894,0.21146946597758648,0.14751764059930267,2.24778158170205,-0.0422663761858282,0.2762006316348571,REIT—Retail,Real Estate,ADC
2013Q3,2013,Q3,2013-11-01,2013-09-30,4528162.0,11586693.0,6279832.0,0.35,10493628.0,0.9056620383400165,443619154.0,240393349.0,8185436.0,7729038.0,200592774.0,0.0,-23262722.0,391857120.0,575822727.0,18.514583256315465,1.0590497808394783,0.4278217842685846,0.7894974581846689,0.014598038068364102,18.514583256315465,0.018836469556401912,33.81958251590855,21.63444682411981,1.6300663958885153,1.198573725940017,0.0,0.013850293188496869,0.026118558893424154,1.0590497808394783,0.0102073185054584,56.05825431888206,0.9056620383400165,0.029411764705882214,-0.30477271583875504,-0.24172113789375824,0.0764180272830088,0.05572002930043845,0.02618304837074341,0.03721573458723077,-0.23915278030762205,-0.07945026370123795,0.032030762053696975,REIT—Retail,Real Estate,ADC
2013Q2,2013,Q2,2013-08-02,2013-06-30,4412626.0,10907448.0,6054509.0,0.34,9939783.0,0.9112840143725645,410852744.0,241365575.0,3011674.0,7717753.0,166817876.0,0.0,-22359596.0,380460500.0,535543468.0,18.588030419715057,0.3902267926947131,0.3804481563837383,0.6475992651396124,0.01522481454043393,18.588030419715057,0.01828191944936638,34.88079888164491,21.555220179548414,1.5762831961434434,1.2303684925937526,0.0,0.014269959693581856,0.026548314838564156,0.3902267926947131,0.010740164364096349,51.700104457283466,0.9112840143725645,-0.17073170731707307,-0.3074173628886029,-0.266354420566128,0.08306919329051113,0.06686422332252599,-0.15962450524007962,0.0298377810171302,-0.3588496850842091,-0.26311800019457354,-0.12709232797204587,REIT—Retail,Real Estate,ADC
2013Q1,2013,Q1,2013-05-03,2013-03-31,5250779.0,10247697.0,5879090.0,0.41,9316821.0,0.9091624196148657,380207630.0,240655740.0,2917296.0,7695176.0,136890519.0,0.0,-21344886.0,372433320.0,496760405.0,19.03620787850024,0.3791071185376397,0.3301514885432468,0.5216003366468632,0.01605511010369424,19.03620787850024,0.02181863187638907,36.34312372818986,17.732288866090155,1.5475771323800545,0.8711884465143173,0.0,0.012282515431218667,0.026952896763276425,0.3791071185376397,0.013810293601945862,54.23465281350584,0.9091624196148657,0.0,-0.10988321456462972,-0.29088447260240585,0.10961194531782521,0.1773741915427601,0.13981328503846896,0.12472123926734113,-0.6484581201940696,-0.31075970543300147,0.08455812867085671,REIT—Retail,Real Estate,ADC
2012Q4,2012,Q4,2013-03-11,2012-12-31,4606701.0,9318119.0,5227153.0,0.41,7913220.0,0.8492293348045887,370092832.0,195309286.0,7967834.0,7183309.0,172127698.0,4537752.0,-21166509.0,299672940.0,459309060.0,17.46015430001788,1.109214987131975,0.4347723951594934,0.8238530297018238,0.014674134009235923,17.46015430001788,0.023586697255142286,32.16023963634721,16.262882049431905,1.5343507015841529,0.9024412480862118,0.3096024198766261,0.013872714032838601,0.025177788366352365,0.47750723239108883,0.012447420219151935,5.79468981358944,0.8492293348045887,0.17142857142857143,-0.32228377455852786,-0.3037956503559472,0.017516655736223564,-0.08311234440832845,0.1791762943304483,-0.05781480717762961,-0.23812342406072765,-0.30436233724979933,0.033670068179461124,REIT—Retail,Real Estate,ADC
2012Q3,2012,Q3,2012-11-02,2012-09-30,3906711.0,9279435.0,5547904.0,0.35,8630523.0,0.9300698803321539,332678170.0,194860047.0,5217347.0,8647820.0,135163132.0,0.0,-21198792.0,285914160.0,464623410.0,17.41999347398534,0.603313551854687,0.5388157449585586,0.9199024569669738,0.014829515768665634,17.41999347398534,0.020048804565873886,30.811591438487365,18.296346978315007,1.467279539350619,1.2065046531468542,0.0,0.016485594837275637,0.027893128665460676,0.2239559796573009,0.01174321417001903,-20.874246667933612,0.9300698803321539,-0.2045454545454546,-0.26117213211616924,-0.24957151367651853,0.01968224862363793,0.05672196060857619,-0.20912811007516166,0.1222955102952368,-0.3812326981126386,-0.29444445445086503,0.000618456261503025,REIT—Retail,Real Estate,ADC
2012Q2,2012,Q2,2012-08-03,2012-06-30,4939752.0,9235554.0,4943354.0,0.44,8167260.0,0.8843281085249461,315075517.0,195287541.0,4660211.0,8935568.0,117107036.0,0.0,-20531086.0,247479790.0,397523994.0,17.462893767325404,0.5215349488695067,0.4781796232044269,0.7714915720097064,0.014289205580618875,17.462893767325404,0.02529476265974387,26.796420658684905,12.524909651334722,1.2672584678609886,0.9541476981030627,0.0,0.019045001614071196,0.029312191845106136,0.15440283147081416,0.015677993793468886,-22.684942293043726,0.8843281085249461,0.023255813953488393,-0.06302161041309036,-0.24655044681054505,0.022590778157716564,-0.06815275236459979,0.07472849233042642,0.007873203420855507,-0.1899635123989733,-0.2961690995326801,0.001262476300176521,REIT—Retail,Real Estate,ADC
2012Q1,2012,Q1,2012-05-04,2012-03-31,4596279.0,9193001.0,4904738.0,0.43,8764591.0,0.953398242858888,291582938.0,195073034.0,1069638.0,39518013.0,93823049.0,0.0,-20896421.0,242102759.99999997,324962633.0,18.193717030404777,0.02706709975524326,0.28576840116756075,0.4271486852457526,0.01761770577961733,18.193717030404777,0.023561836845168462,26.33555244908599,13.168410794906054,1.241087786638926,0.8876338881952118,0.0,0.016851575752378868,0.031527911279911724,0.02706709975524326,0.015763195993312887,-41.013761899953984,0.953398242858888,0.48275862068965525,-0.09116814598884755,-0.22572140484549327,0.06579569093285928,13.332890162256215,0.47708488191268955,-0.3471060276580926,-0.16900858338112854,-0.27863410476309297,0.06583520415078926,REIT—Retail,Real Estate,ADC
2011Q4,2011,Q4,2012-03-12,2011-12-31,3111723.0,1322149.0,7512304.0,0.29,611502.0,0.46250611693538324,293943958.0,159545556.0,2804344.0,67446885.0,131719677.0,0.0,-20918494.0,261402360.0,378697652.0,14.880204812534975,0.041578554739777826,0.40585272040189374,0.7477359946020684,,14.880204812534975,0.019503664520746665,197.7102126916104,21.00141625716685,1.638418308561349,1.311110596926526,0.0,0.0156074069109399,0.004497962839569576,0.041578554739777826,0.0105861097508934,-34.088728743150526,0.46250611693538324,2.526315789473684,-0.40359739794340527,-0.8871800337700729,-0.1279634019416714,-0.9551827121193832,2.7349799639926156,3.628596941685439,-0.40983337007135856,-0.894267562941894,-0.12777257860989857,REIT—Retail,Real Estate,ADC
2011Q3,2011,Q3,2011-11-04,2011-09-30,-1793521.0,15147381.0,-2857914.0,-0.19,13644333.0,0.9007717571770327,282022517.0,159926766.0,3556293.0,8743097.0,119392168.0,0.0,-20089451.0,214574686.92000002,366164536.92,16.23306557487205,0.40675438005548836,0.5406541244364541,0.9534153713831742,-0.00914815258910608,16.23306557487205,-0.01121463933060461,14.165794530420804,-29.90969814682962,1.341705908815789,-2.275954393620147,0.0,0.01902354867012754,0.05370982842479914,0.40675438005548836,-0.006359495756149145,-19.450873762715947,0.9007717571770327,-1.5071454119355339,-1.4066160908125112,0.44159616554331854,-0.05198908008449953,0.6697568570763888,-1.4856380358845345,-1.5682164584137734,-1.362910231697035,0.30645631847948934,-0.05622696547063094,REIT—Retail,Real Estate,ADC
2011Q2,2011,Q2,2011-08-05,2011-06-30,3693123.0,9605669.0,5029622.0,0.374646,8171449.0,0.8506902538490552,281362943.0,165317072.0,3522814.0,42771868.0,113142157.0,0.0,-14355164.0,220113821.61999997,315391717.62,16.771005975867258,0.08236287458850289,0.34165747619436865,0.5814871497361144,,16.771005975867258,0.02233963471116885,22.914991305655022,14.900249844102133,1.3314645544895691,1.1052902922540084,0.0,0.018544828170977082,0.03413978009179411,0.08236287458850289,0.013125832992157749,55.63408808792515,0.8506902538490552,-0.1865636643130716,-0.17696420266714527,-0.09256748249188478,-0.02129533635704748,-0.09033204451305882,-0.1865038142515027,-0.14941489552406406,-0.23642515062853245,-0.14891265279245425,-0.022803411506826157,REIT—Retail,Real Estate,ADC
2011Q1,2011,Q1,2011-05-10,2011-03-31,4539816.0,10245640.0,5913132.0,0.460572,8982892.0,0.8767526479556182,280678339.0,165313246.0,2704911.0,15086920.0,112448810.0,0.0,-14105362.0,221296699.29999998,342532538.29999995,16.770617837678703,0.17928848300382053,0.43478623407415845,0.7382050800696274,0.02057827210434678,16.770617837678703,0.027461901026370264,21.599109406537803,12.186435490997873,1.338650741272118,1.1353706846268659,0.0,0.0232916894662423,0.03650313749362754,0.17928848300382053,0.016174443728627023,70.77429102323624,0.8767526479556182,2.4467018469656994,0.03426360879931744,-0.04441049258034108,-0.02215996194528589,0.3072628543844767,2.426583288816265,3.0395645300983403,-0.012996489566830234,-0.0907422607048804,-0.022448273215926916,REIT—Retail,Real Estate,ADC
2010Q4,2010,Q4,2011-03-15,2010-12-31,-3182300.0,8144250.0,-2899213.0,-0.31836,6871527.0,0.8437274150474261,285042367.0,164239342.0,1923410.0,7080690.0,117912091.0,0.0,-14702252.0,258163053.66000003,357476806.66,16.661672946605943,0.2716416055497416,0.3504988926786452,0.6083014750509655,,16.661672946605943,-0.019375990924269535,31.698812494704857,-20.281168782013008,1.5718709690154506,-1.6190566571347766,0.0,0.01995763501769543,0.028572068376067055,0.2716416055497416,-0.011164305269749602,-25.91205299301449,0.8437274150474261,-1.6944859525622202,-1.4253063013300546,-0.24547506788807497,-0.029907838783788537,-0.18540226199204907,-1.7246320709862992,-1.5194598587724841,-1.5312698879378086,-0.3094807338282632,-0.02901604165182962,REIT—Retail,Real Estate,ADC
2010Q3,2010,Q3,2010-11-05,2010-09-30,4391608.0,9287767.0,5581207.0,0.458411,8435485.0,0.9082360700909056,274056830.0,171881397.0,1132471.0,97180139.0,98985856.0,0.0,-6542854.0,241918432.0,329935895.0,17.939952893915912,0.01165331735119251,0.32239443548989455,0.5140428140690525,,17.939952893915912,0.02555022286675969,26.04699622632652,13.771631712120024,1.4074730379344078,1.1707042158589747,0.0,0.02125209707047043,0.03388993078552357,0.01165331735119251,0.01602444281355805,-113.42597327214392,0.9082360700909056,0.042056329703803026,0.01793397912164064,-0.033034778876243696,0.07133125010741208,-0.027393526468306326,0.02335136475339738,0.014441947663571106,-0.03033261346556429,-0.12306717266815814,0.05011816074379045,REIT—Retail,Real Estate,ADC
2010Q2,2010,Q2,2010-08-09,2010-06-30,4291398.0,9229682.0,5501751.0,0.43991,8673071.0,0.9396933718843185,270353073.0,172412422.0,5459210.0,18646939.0,94713940.0,0.0,-5958513.0,188813061.8,263730474.8,21.294383146537164,0.29276708632982607,0.278431527205167,0.43659742219734027,,21.294383146537164,0.02489030633767212,20.457157873911584,10.999507724522404,1.0951244673078138,1.0244302672462446,0.0,0.023283548066482335,0.034139364119600744,0.18032509249909595,0.015873309492583428,-34.63371270644658,0.9396933718843185,-0.6271949152542372,0.15599129342756282,0.09438100625498992,0.26932330202876403,0.004142618807519489,-0.5513946766954266,-0.03937450707223124,0.1242892531218763,0.039998713191082454,0.24695483591326364,REIT—Retail,Real Estate,ADC
2010Q1,2010,Q1,2010-05-10,2010-03-31,9566088.0,9522332.0,5727259.0,1.18,8637290.0,0.9070561706943215,266952638.0,142112112.0,12988253.0,16027066.0,121562876.0,0.0,-5275237.0,185088618.9,288891763.9,17.552040204455814,0.8103949281796181,0.3909623961086311,0.7344092036293148,,17.552040204455814,0.06731367133576904,19.437320490400882,4.837103184185636,1.3024126958298952,0.4561924372847082,0.0,0.023577770615695052,0.03567049223165946,0.2006503872886029,0.03583440145663591,38.26516035452546,0.9070561706943215,1.185185185185185,1.623388011296627,0.06506457738677049,-0.0011426560279204816,0.18807633419573838,1.1857490291488406,-0.033184398357956446,1.5048622240970413,0.06207596175680584,0.028205989228420738,REIT—Retail,Real Estate,ADC
2009Q4,2009,Q4,2010-03-12,2009-12-31,4376572.0,9695581.0,5923838.0,0.54,7269979.0,0.749823966196559,261788718.0,136763317.0,2675511.0,45531994.0,121961834.0,0.0,-10632798.0,188570163.35,292434290.35,16.891419068339054,0.05876112080661348,0.399378562982993,0.764479864143687,,16.891419068339054,0.03200106648480894,19.44908338654486,10.771567527622075,1.378806594388172,0.9939838759650247,0.0,0.02306961993730489,0.03703590083664339,0.05876112080661348,0.01671795497313983,33.272946146820786,0.749823966196559,-0.018181818181818195,0.21006183479385096,0.10637823329016591,0.26843549825963847,-0.2099034057934788,-0.009196560260527325,0.05900408703807192,0.11082332724407705,0.09559922815303523,-0.010098597008316614,REIT—Retail,Real Estate,ADC
2009Q3,2009,Q3,2009-11-04,2009-09-30,4417195.0,9201380.0,5593782.0,0.55,9201380.0,1.0,260939585.0,136243859.0,1390549.0,5490439.0,121642996.0,0.0,-10830403.0,179449194.01,284136230.01,17.409226628768852,0.2532673616809148,0.40257775377392435,0.771032711279853,,17.409226628768852,0.03242124109241504,19.50242181172824,10.156286625901732,1.317117669208122,0.9667055676736028,0.0,0.02379574354489462,0.03526249189060372,0.2532673616809148,0.016928037192977065,49.05763375475611,1.0,0.06258633513973022,-0.0628024591134988,-0.00027331813996800744,0.1601504966009244,0.1083904741380816,0.041895217376639225,-0.013177957198762772,0.26068858740679934,0.10240757965636045,0.016698717517912392,REIT—Retail,Real Estate,ADC
2009Q2,2009,Q2,2009-08-07,2009-06-30,4239577.0,9122557.0,5668481.0,0.517605,8301569.0,0.9100046182227198,259924586.0,135596525.0,1189442.0,5619078.0,121296254.0,0.0,-11068620.0,142509151.2,246535486.2,17.440875075887757,0.21167921142934837,0.4012386500444402,0.7691332060316443,,17.440875075887757,0.03126611836107157,15.621623542609818,8.403500585081954,1.0509793757620263,1.0044707290373545,0.0,0.02988250904689972,0.03509693769407408,0.21167921142934837,0.016310796393843252,110.41084234576594,0.9100046182227198,-0.0046057692307692995,0.15361432924886004,0.04564056119501091,0.17310776582588694,-0.00020570191744777392,0.05708082937262476,0.041485376070541605,0.19791439244575706,0.0926513556852721,0.017796177483192937,REIT—Retail,Real Estate,ADC
2009Q1,2009,Q1,2009-05-08,2009-03-31,4010646.0,9240728.0,5442689.0,0.52,8303277.0,0.898552256921749,257021701.0,132712449.0,1138750.0,6070733.0,118978677.0,0.0,-11212410.0,121984101.6,223022242.6,17.069915648827468,0.18758031361287014,0.3941318169083318,0.7633076682956849,,17.069915648827468,0.030220571093522657,13.200702542050799,7.6037689190220235,0.9191609567840919,1.0597963520091278,0.0,0.03484444238428527,0.03595310420889324,0.18758031361287014,0.015604308836163216,28.942047290351006,0.898552256921749,0.06122448979591842,0.15207032404815596,0.060686274029872665,0.14863928690567477,0.0,0.04901950783538435,0.003556069869784709,0.15847222585882212,0.09273982185766674,-0.004708882570865517,REIT—Retail,Real Estate,ADC
2008Q4,2008,Q4,2009-03-13,2008-12-31,3823233.0,9067272.0,5423403.0,0.49,0.0,0.0,256896835.0,132635403.0,1633479.0,6846063.0,118914691.0,0.0,-11257541.0,140954223.2,240854243.2,17.060005736600022,0.2386012223375683,0.3914750331587386,0.7582341872931166,,17.060005736600022,0.028825132004914253,15.545383793493786,9.216952197263415,1.0627194550764096,1.107022250540315,0.0,0.030026798090289502,0.03529538228838047,0.2386012223375683,0.014882367079376435,74.56609240945741,0.0,-0.007550716183809728,-0.2043562504381342,0.038497040404976625,0.14699556352064502,0.0,-0.006638720177593755,-0.02442462778709969,-0.3521570050332315,0.06506826587903794,-0.006715718858798968,REIT—Retail,Real Estate,ADC
2008Q3,2008,Q3,2008-11-07,2008-09-30,3848784.0,9029401.0,5559184.0,0.493728,0.0,0.0,252714228.0,131968377.0,911711.0,23000000.0,114892661.0,0.0,-11148799.0,219433500.0,248474483.0,17.200179472140764,0.039639608695652175,0.11554553232356984,0.22126512929684664,,17.200179472140764,0.029164441417658716,24.302110405773316,14.253430434131923,1.6627733475876572,1.1012828987025511,0.0,0.01931610260056008,0.03572968990095801,0.039639608695652175,0.015229787536932824,-204.2054883246539,0.0,0.007608163265306141,0.5321327961755228,-0.008711252131993525,0.024259861177179213,0.0,0.021857671053281357,0.04293782427745318,0.1140130076734307,0.1738947553450743,0.027153743653903682,REIT—Retail,Real Estate,ADC
2008Q2,2008,Q2,2008-08-08,2008-06-30,3766458.0,8789101.0,5330312.0,0.49,0.0,0.0,247900384.0,131742753.0,837889.0,24000000.0,110300594.0,0.0,-11099686.0,169261488.9,216830751.9,17.1623664811683,0.034912041666666664,0.19261769275839444,0.36244877925087843,,17.1623664811683,0.02858948909318754,19.258111711311546,11.234792004849119,1.2847878539474578,1.1189149062594088,0.0,0.024898433940220406,0.03545416452440832,0.034912041666666664,0.015193433504322446,-81.83905075078908,0.0,0.04255319148936174,-0.07418828969314435,-0.27622516858758756,0.4459492212040162,0.0,0.05239131455241646,0.035302928803491,0.07014548460559109,0.0992087828847067,0.023020556293826083,REIT—Retail,Real Estate,ADC
2008Q1,2008,Q1,2008-05-08,2008-03-31,3578952.0,8767755.0,5148553.0,0.47,0.0,0.0,241881675.0,131584346.0,822465.0,24500000.0,104428398.0,0.0,-10967093.0,210541280.4,251112534.4,17.155734451874267,0.03357,0.1684708029246118,0.30968729365421627,,17.155734451874267,0.02719891923922318,24.013134536720063,14.70690864252999,1.6000480817072267,1.1829166750490088,0.0,0.020108180172347806,0.03624811594346699,0.03357,0.014796292443402337,119.36251958040253,0.0,-0.2295081967213115,-0.06856069850133442,-0.2705139557170712,0.45341356858569937,0.0,-0.2321195051770944,-0.0301036818569372,0.03607837537911413,0.03521273288850003,-0.023695755656986277,REIT—Retail,Real Estate,ADC
2007Q4,2007,Q4,2008-03-13,2007-12-31,4660819.0,9177230.0,5308354.0,0.61,0.0,0.0,239347506.0,131613810.0,1.0,25100000.0,101837516.0,0.0,-10647624.0,230866759.20000002,267122120.20000002,17.15957591611569,3.98406374501992e-08,0.1537513409477515,0.2796059167347256,,17.15957591611569,0.03541284155515291,25.15647523272273,12.383379358863754,1.7541226046111726,0.8853632805736502,0.0,0.01787402402277062,0.038342701594726455,0.05239059760956175,0.019473020955564083,-72.6861245853949,0.0,0.29787234042553196,0.058250756002596375,-0.24815395135232943,0.46065529754737194,0.0,0.2899264483660666,0.019368045480600556,0.3603300802883755,0.10547767866885487,0.28857233007022565,REIT—Retail,Real Estate,ADC
2007Q3,2007,Q3,2007-11-08,2007-09-30,3613244.0,8449704.0,5207495.0,0.47,0.0,0.0,230792630.0,130583173.0,483949.0,23600000.0,94379971.0,0.0,-11431325.0,243604973.96,273608619.96000004,17.083746919688718,0.020506313559322035,0.13063675386861356,0.23088732879848156,,17.083746919688718,0.027670058224117437,28.830000904173687,16.855004392175008,1.8655158115969506,1.1422812851830655,0.0,0.01694276160665632,0.03661167169852868,0.020506313559322035,0.015655803220406127,296.3084731545869,0.0,0.0,-0.016476498161236017,-0.22316688768452864,0.31595670349465205,0.0,0.002800881006407723,0.027564201858595587,-0.2150983755244708,-0.06005339979094816,0.13846053562937571,REIT—Retail,Real Estate,ADC
2007Q2,2007,Q2,2007-08-07,2007-06-30,3603152.0,8377526.0,5067805.0,0.47,0.0,0.0,227677615.0,130520785.0,565281.0,23900000.0,91311506.0,0.0,-11246213.0,238844562.5,311960684.5,17.07710859546991,0.02365192468619247,0.32184875091914505,0.561425952196043,,17.07710859546991,0.027605963295424557,28.510154728257483,16.571918316240893,1.8299350750916799,1.141193321847094,0.0,0.017215769774955626,0.03679556288394887,0.02365192468619247,0.01582567526456213,146.73944262931613,0.0,0.0,-0.011638031229646455,-0.21384680727877065,0.31949907279794354,0.0,-0.0005289788599853706,-0.005373700856789302,-0.0026774259724973164,-0.02322042048383498,0.1486401126107511,REIT—Retail,Real Estate,ADC
2007Q1,2007,Q1,2007-05-09,2007-03-31,3605059.0,8463492.0,5095185.0,0.47,0.0,0.0,224595139.0,130470646.0,546048.0,23300000.0,88262451.0,0.0,-11051622.0,260932907.64000002,331560030.64,17.070548497414507,0.023435536480686695,0.31521356746728163,0.5426158080032807,,17.070548497414507,0.02763118839773354,30.83040754809008,18.094912430004612,1.9999357375757916,1.1461881761158417,0.0,0.015835779539546926,0.037683326708152845,0.023435536480686695,0.01605136698884654,100.06769062619365,0.0,-0.020833333333333353,0.07964859014184991,-0.20198563143728057,0.3227863414893798,0.0,-0.030692791913986082,-0.023601165427192993,0.0533967822540598,-0.011798972076227087,0.1486818714599684,REIT—Retail,Real Estate,ADC
