Quarters,Year,Quarter,FillingDate,Date,NetIncome,Revenue,OperatingIncome,EPSDiluted,GrossProfit,GrossProfitRatio,TotalAssets,CommonStockEquity,CurrentAssets,CurrentLiability,TotalLiability,Inventory,RetainedEarnings,MarketCap,EnterpriseValue,bookValuePerShare,currentRatio,debtToAssets,debtToEquity,roic,shareholdersEquityPerShare,roe,priceToSalesRatio,peRatio,pbRatio,payoutRatio,inventoryTurnover,dividendYield,assetTurnover,quickRatio,returnOnAssets,priceToFreeCashFlowsRatio,grossProfitMargin,epsdilutedGrowth,fiveYNetIncomeGrowthPerShare,fiveYRevenueGrowthPerShare,fiveYShareholdersEquityGrowthPerShare,grossProfitGrowth,netIncomeGrowth,operatingIncomeGrowth,threeYNetIncomeGrowthPerShare,threeYRevenueGrowthPerShare,threeYShareholdersEquityGrowthPerShare,Industry,Sector,Symbol
2024Q1,2024,Q1,2023-06-13,2023-04-30,1400926.0,23120816.0,1942784.0,0.04,6371000.0,0.2755525584,35815225.0,13963588.0,17312018.0,12288594.0,21851637.0,2535831.0,-8686600.0,81522633.92,88663050.92,0.38367795072340566,1.408787530941294,0.3462177049006393,0.8880142410389078,0.04711555424640311,0.38367795072340566,0.10032707925785264,3.525941035991117,14.547990743265528,5.8382296813684285,0.019487110668229442,6.605257211541305,0.0003348763243688876,0.6455583065581746,1.110668641180594,0.03911537621221143,55.58329822216919,0.2755525583526118,4.448275862068966,11.946702482322518,1.6078076339854226,8.977467588356182,-0.009522020917103942,-0.24039531893966382,0.02607405138334702,0.3589112127140163,0.8308178023575407,8.191710003952908,Packaged Foods,Consumer Defensive,MMMB
2023Q4,2023,Q4,2023-04-26,2023-01-31,1844283.0,22816654.0,1893415.0,-0.0116,6432248.0,0.2819102222,34585195.0,12515078.0,15674701.0,11879091.0,22070117.0,3635881.0,-10060226.0,72187716.0,80816194.0,0.34673705426557616,1.31952023938532,0.3760817598397233,1.0392952405090883,0.06834349431403712,0.34673705426557616,0.14736488258403183,3.163816920745697,9.785336089960163,5.768059615769075,0.012339212582884514,4.506309749961564,0.0003152475415623345,0.6597231561076929,0.9437110129049436,0.05332579446205233,32.236027524070614,0.2819102222438049,-1.3866666666666667,9.361210060286767,1.5659853786794276,6.695662908462356,-0.020102659788556302,0.6797666539155145,0.2634887735634385,8.565298558270513,1.0010794987228961,26.589080981438542,Packaged Foods,Consumer Defensive,MMMB
2023Q3,2023,Q3,2022-12-12,2022-10-31,1097940.0,25693913.0,1498561.0,0.03,6564206.0,0.2554770852,33163542.0,10440805.0,14316080.0,11151225.0,22722737.0,3563959.0,-11882852.0,37407392.71,48400093.71,0.28748406052702946,1.2838123165840525,0.43638245878561466,1.3860988688132763,0.04075791049849662,0.28748406052702946,0.1051585581763092,1.4558853962804343,8.51763136191413,3.582807332384811,0.0,5.36754407107377,0.0,0.7747638355396417,0.9301207714847471,0.033106837623074155,13.607428591487508,0.25547708517577683,2.408450704225352,3.6834593427295967,2.0318221402907017,4.7149573597436945,1.4074587803471854,2.4412709081028003,2.80268256154554,2.0836983094859933,1.4423071019194416,144.84478058957797,Packaged Foods,Consumer Defensive,MMMB
2023Q2,2023,Q2,2022-09-14,2022-07-31,-761786.0,22846474.0,-831295.0,-0.0213,2726612.0,0.1193449808,32810796.0,8208852.0,13484593.0,11021882.0,24601944.0,4193726.0,-12968379.0,51209854.41,65750966.41,0.2292265521010295,1.2234383383890337,0.5009791289428028,2.002414466724458,-0.022809099196565916,0.2292265521010295,-0.09280055237930955,2.241477368017489,-16.805853090631754,6.238369800064613,0.0,4.797610048915928,0.0,0.6963096536883775,0.7960682213799785,-0.02321754095816511,35.45281522876165,0.11934498076158273,-8.344827586206897,-39.14885808794975,1.559021728074654,3.9567419774785266,-0.2936719596566348,-8.346268455210854,-4.185367834986761,-3.558037358485209,1.5164416963600966,20.62287228552668,Packaged Foods,Consumer Defensive,MMMB
2023Q1,2023,Q1,2022-06-14,2022-04-30,103697.0,21830580.0,260973.0,0.0029,3860263.0,0.1768282382,32734174.0,8213515.0,14586983.0,10394514.0,24520659.0,4168691.0,-12225133.0,62578677.0,78629616.0,0.22968927978455025,1.4033347783263364,0.5184856352263539,2.0663746276715877,0.006948321879960589,0.22968927978455025,0.012625167178729205,2.866560439530237,150.8690632323018,7.61898858162431,0.0,4.310781729804392,0.0,0.6669048682884132,0.9543345653293651,0.003167851432573188,-41.25105601771895,0.17682823818698357,1.0790190735694822,-0.37104823296352585,2.1691521024057465,4.245590895036791,0.601057372429099,1.0791628496396726,1.1925224226990452,-0.7401837347699538,1.641468253969379,10.04486850386682,Packaged Foods,Consumer Defensive,MMMB
2022Q4,2022,Q4,2022-05-27,2022-01-31,-1309920.0,13853074.0,-1355546.0,-0.0367,2411071.0,0.1740459193,30032229.0,8109818.0,11638317.0,8985128.0,21922411.0,2890793.0,-12328830.0,69262262.17999999,83854935.17999999,0.22715179124690843,1.2952867226821922,0.5142232699411022,1.904268505162508,-0.04550264454255021,0.22715179124690843,-0.16152273700840142,4.999775658456743,-13.218796220379868,8.540544581888273,0.0,3.958084511758538,0.0,0.4612735871186917,0.943594237054831,-0.043617142104237415,-48.51100194429891,0.1740459193389135,-182.50000000000003,-8.66200749336035,0.9945330991791242,5.321198610343702,-0.11655359789532696,-239.1319890009166,-1129.6810990840966,-5.291721650589664,0.7929038907455803,7.123153358381423,Packaged Foods,Consumer Defensive,MMMB
2022Q3,2022,Q3,2021-12-14,2021-10-31,-5455.0,10852682.0,1201.0,-0.0002,2729165.0,0.2514737832,15897480.0,9407287.0,10711077.0,4683907.0,6490193.0,1614738.0,-11018910.0,97182393.12,94863460.12,0.263296877330489,2.2867825941035975,0.13970685920032608,0.23609219108548513,6.282264048271717e-05,0.263296877330489,-0.0005798696265990397,8.954689091599661,-4453.821866177819,10.33054408991668,0.0,5.030857637585788,0.0,0.6826668126017457,1.8149950458025745,-0.0003431361448481143,287.6282445283019,0.25147378316253993,-1.02,-1.051631673961252,0.8092657644057505,8.399498618925287,-0.18998665591858685,-1.012629507437634,-0.9979467031849181,-1.0275516858206935,0.1742808808909363,7.471501089135415,Packaged Foods,Consumer Defensive,MMMB
2022Q2,2022,Q2,2021-09-09,2021-07-31,431925.0,12064584.0,584913.0,0.01,3369284.0,0.2792706321,16032290.0,9393061.0,10918998.0,4853452.0,6639229.0,1407614.0,-11013455.0,99239239.03999999,97168654.03999999,0.26312887757507736,2.249738536612704,0.13611879525632334,0.23233065344726284,0.031805744316652694,0.26312887757507736,0.045983412648975666,8.225666051974937,57.44008742258494,10.565164970183842,0.0,6.177332706267485,0.0,0.7525178249644935,1.8674316754343094,0.026940942310799017,1742.8432770762718,0.2792706321245722,-0.5,2.141912546594232,1.2082471162592314,11.533526318346961,0.007454655653873859,-0.31605924715450245,-0.313642705518312,1.7006154430126872,0.9088593051421727,5.9263284470914925,Packaged Foods,Consumer Defensive,MMMB
2022Q1,2022,Q1,2021-06-14,2021-04-30,631524.0,10313400.0,852199.0,0.02,3344353.0,0.3242725968,15278656.0,8960851.0,9906004.0,4405862.0,6317805.0,1438469.0,-11445380.0,96179562.0,94207938.0,0.2515534194260523,2.2483691046156236,0.1486866384058912,0.2535174393592751,0.0453143556930313,0.2515534194260523,0.07047589564875033,9.325689103496423,38.074389096851434,10.733306691518473,0.0,4.8447669014765005,0.0,0.67502010648057,1.8073877484133638,0.04133374034993654,89.02432120728562,0.32427259681579307,-0.6175908221797323,2.9977606758201563,0.9558043612762427,9.36352265142737,0.2514890736403374,-0.625673717247695,-0.06145587945387725,4.962727825480069,0.1884623020885752,6.230322061582783,Packaged Foods,Consumer Defensive,MMMB
2021Q4,2021,Q4,2021-04-21,2021-01-31,1687095.0,9374211.0,908001.0,0.0523,2672299.0,0.2850692181,14048325.0,8309746.0,8879451.0,4045349.0,5738579.0,1195211.0,-12076904.0,63879502.5,62720410.5,0.2575677085149497,2.1949777386326867,0.144605709221562,0.24446812213032745,0.1314180046322688,0.2575677085149497,0.20302606120572156,6.814387098818236,9.465901816435945,7.6872990462043,0.0,5.607304484312812,0.0,0.6672831814468985,1.771009868369824,0.12009225299101495,60.90026169774625,0.2850692180920613,1.6149999999999998,4.124021382791808,1.3530788030372192,9.953358298255264,-0.14495433920716827,1.2980499685346976,0.15356206360337835,9.55693198850153,0.17943474054347772,5.230926074265514,Packaged Foods,Consumer Defensive,MMMB
2021Q3,2021,Q3,2020-12-14,2020-10-31,734142.0,9898991.0,787128.0,0.02,3125329.0,0.3157219761,11849930.0,5576506.0,7332094.0,3837835.0,6273424.0,1560287.0,-13763999.0,66739619.699999996,67707079.69999999,0.16293450200765827,1.910476609859465,0.23293833803237657,0.4949879010261981,0.06990618899164032,0.16293450200765827,0.1316491007092972,6.742062872872598,22.72708130715856,11.967999263338012,0.0,4.341292339165808,0.0,0.8353628249280798,1.4280851052741976,0.06195327736113209,72.45887083378118,0.3157219761084741,0.0,1.387434048549902,1.3357146363472392,461.82261286650254,-0.027613492005957536,-0.007603745503651825,-0.024340421312278048,2.3230686675582124,0.23946851221226806,2.2390099461437507,Packaged Foods,Consumer Defensive,MMMB
2021Q2,2021,Q2,2020-09-14,2020-07-31,739767.0,10384484.0,806765.0,0.02,3214081.0,0.3095080121,11027811.0,3582310.0,6507508.0,3076516.0,7445501.0,1758761.0,-14498141.0,50329305.0,53505747.0,0.11103677271124646,2.115219943598538,0.4420666984590142,1.3608615669777322,0.06888857694517143,0.11103677271124646,0.20650557880250453,4.846586984967187,17.008498959807614,14.049399689027473,0.0,4.076962702720836,0.0,0.9416632185662231,1.4601299001857946,0.06708194400502511,269.77254210396546,0.3095080121458129,-0.3333333333333333,1.5374287089853438,2.065285530144685,2.0533173587177704,-0.1377612941302715,-0.1836621415534285,-0.17335755578644074,40.12109573945469,0.2911029717956933,1.4010335072308826,Packaged Foods,Consumer Defensive,MMMB
2021Q1,2021,Q1,2020-06-15,2020-04-30,906202.0,11100919.0,975954.0,0.03,3727600.0,0.3357920187,11676417.0,1335370.0,7223981.0,4746149.0,10341047.0,1180653.0,-15237908.0,51185985.6,55882039.6,0.041741737996347186,1.5220721051951804,0.5575410676066126,4.875114762200738,0.09070290692120973,0.041741737996347186,0.6786149157162434,4.610968299111092,14.121019816773744,38.33093869114927,0.0,6.245119438141435,0.0,0.9507127914325088,1.2181020865548047,0.07760959547779084,46.95750888262821,0.3357920186607974,4.660377358490566,1.555850837626554,1.6964037354035864,-0.019853661112734646,0.1993920025946714,4.302713963041417,0.5030493627139944,5.1437481844277135,0.8013329121692928,-0.04671179698923786,Packaged Foods,Consumer Defensive,MMMB
2020Q4,2020,Q4,2020-04-23,2020-01-31,170894.0,10106142.0,649316.0,0.0053,3107908.0,0.3075266506,9937069.0,402063.0,5620255.0,4208231.0,9535006.0,1246417.0,-16144110.0,47666949.089999996,53255482.089999996,0.012567908822292952,1.3355386146815609,0.6020101098221216,14.878802575715746,0.0325856550870271,0.012567908822292952,0.42504284154473304,4.716631637473528,69.73174758914882,118.55592056468763,0.0,5.614681121968009,0.0,1.0170143731516808,0.9794067863670032,0.017197626382588267,64.94833788650277,0.3075266506249368,-0.4591836734693877,1.0684374388465152,1.1970451925751229,-0.8485705403744209,0.07134071849516986,-0.45510952396135573,0.28934868943606035,0.11554853192139722,0.6238441473335037,-0.65025920620608,Packaged Foods,Consumer Defensive,MMMB
2020Q3,2020,Q3,2019-12-09,2019-10-31,313630.0,9267036.0,503600.0,0.0098,2900952.0,0.3130398975,10462202.0,63060.0,6071688.0,4214386.0,10399142.0,1651324.0,-16457666.0,20474394.240000002,26778059.240000002,0.0019711645446952183,1.440705241522727,0.6608779872535437,109.6454012052014,0.04317240246710662,0.0019711645446952183,4.973517285125277,2.2093789470549163,16.320500462328223,324.68116460513795,0.0,3.8551392700645057,0.0,0.8857634367984866,0.966291649602101,0.02997743687227603,1623.663302141158,0.31303989754652944,0.180722891566265,1.3166558461000812,0.9889886062525143,-0.9857246315425351,0.07786145182648707,0.18050693707325519,0.11677333226889489,2.3153291073725586,0.7254156609911468,-0.9296309223132906,Packaged Foods,Consumer Defensive,MMMB
2020Q2,2020,Q2,2019-09-12,2019-07-31,265674.0,8099445.0,450942.0,0.0083,2691396.0,0.3322938794,9626212.0,-373201.0,5190929.0,3789491.0,9999413.0,1464924.0,-16866281.0,15021838.1626,21320589.1626,-0.011681600367449828,1.369822226784547,0.7203225941834649,-18.57974121184027,0.03907498866014268,-0.011681600367449828,-0.7118791214385813,1.8546750008920363,14.13559302246362,-40.25133416737897,0.0,3.691692538315981,0.0,0.8413948290355542,0.8831157007629784,0.027599018180775575,40.82365134726023,0.3322938793954401,-0.2522522522522523,1.2580926026255286,1.8682372805477498,-1.0697380670905896,0.10709017570156813,-0.2530239044496803,-0.05968730060096004,1.7848230197415178,0.6564897640436439,-1.5564256078433238,Packaged Foods,Consumer Defensive,MMMB
2020Q1,2020,Q1,2019-06-14,2019-04-30,355666.0,7364824.0,479566.0,0.0111,2431054.0,0.3300898976,9346275.0,-809225.0,4735834.0,3621409.0,10155500.0,1459984.0,-17224589.0,22303181.376,28797655.376,-0.02539442996726316,1.3077324323212318,0.7683252418744366,-8.87389662949118,0.03802663813321361,-0.02539442996726316,-0.4395143501498347,3.0283386780186463,15.677054719877638,-27.561162069881675,0.0,3.3793315543184037,0.0,0.7879956453239392,0.8344876262250411,0.038054305057362424,51.617817354536044,0.3300898975997254,2.913793103448276,1.3843958214463405,1.2109811977613045,-1.1362197527353866,0.0077283712138483925,2.9139526874313884,0.3875688625526596,2.2577205562646894,0.561256031564276,-2.0462022372277158,Packaged Foods,Consumer Defensive,MMMB
2019Q4,2019,Q4,2019-04-23,2019-01-31,-185828.0,6896441.0,345616.0,-0.0058,2412410.0,0.3498050661,7764320.0,-1182148.0,4859549.0,3615662.0,8946468.0,1396400.0,-17580255.0,25492992.0,30768119.0,-0.03709719125946456,1.34402745610624,0.7578945741545944,-4.977833570754254,-0.16343510573073597,-0.03709719125946456,0.15719520736828213,3.6965431880008834,-34.296489226596634,-21.564974943915654,0.0,3.2111364938413063,0.0,0.8882221495250067,0.9149005078461427,-0.023933583365961218,-120.0489369216642,0.34980506612033657,-2.074074074074074,0.9252900663194842,0.5051468848225774,-1.4469802976357502,-0.10235506167841493,-2.052331145554316,-0.35532512977771313,0.6516216768454454,0.7526382447920706,-2.57760004181671,Packaged Foods,Consumer Defensive,MMMB
2019Q3,2019,Q3,2018-12-11,2018-10-31,176587.0,8242847.0,536109.0,0.0054,2687488.0,0.3260388067,7957290.0,-1296497.0,4892730.0,7979690.0,9253787.0,1004845.0,-17660149.0,24855667.98,29885450.98,-0.04068559576888909,0.6131478791782639,0.6899172959638269,-4.2343885099618435,0.06010180623699469,-0.04068559576888909,-0.1362031690007767,3.015422702859825,35.18898330567936,-19.17140416059582,0.0,5.528573063507307,0.0,1.0358862125170756,0.4615968790767561,0.022191851748522423,290.53626468422345,0.3260388067375265,1.3121387283236994,-0.9573716788242636,0.8910094386115962,-1.2144819912601652,0.3033467669581327,1.3209412303531705,3.129442484556252,1.1000909295510575,1.0889323299724303,-116.56922264937177,Packaged Foods,Consumer Defensive,MMMB
2019Q2,2019,Q2,2018-09-14,2018-07-31,-550216.0,5640830.0,129826.0,-0.0173,2061990.0,0.3655472688,6811500.0,-1701721.0,3695322.0,7155933.0,8513221.0,1279557.0,-18016497.0,25806447.720000003,30911407.720000003,-0.05341277594481725,0.5163997482927802,0.8004098950304632,-3.203810730431134,0.08535471880141472,-0.05341277594481725,0.3233291473749222,4.574938035714602,-11.72559854675255,-15.164911122328515,0.0,2.796936752329126,0.0,0.8281333039712251,0.2930448063166606,-0.08077750862511929,31.55555412626405,0.36554726875300264,-7.407407407407407,-1.132849628292288,0.2943361972750692,-1.2815757844238704,-0.2710070827909463,-6.823069351988062,-0.765450856619447,0.5952263344774177,0.6860954293472814,-2.468758069848829,Packaged Foods,Consumer Defensive,MMMB
2019Q1,2019,Q1,2018-06-13,2018-04-30,94489.0,7741994.0,553513.0,0.0027,2828546.0,0.3653510969,8357472.0,-1528471.0,5572442.0,8625995.0,9885943.0,1122595.0,-17806302.0,34958122.1,40405954.1,-0.048095206464193914,0.6460057071676949,0.7091788043082884,-3.877693459673098,0.03669957158807878,-0.048095206464193914,-0.061819295230331486,4.515389975760767,92.49257082835041,-22.871302170600554,0.0,4.376866100419118,0.0,0.9263559602712399,0.49398104218701727,0.011305930788640393,-124.26373372860992,0.36535109688795936,1.4426229508196722,-0.977128419326357,0.7809212451915734,-1.2535431878915002,-0.05416691467142658,1.4865200243030883,3.54675614844995,1.0583431910077925,0.8930169145857529,-2.1293334393031755,Packaged Foods,Consumer Defensive,MMMB
2018Q4,2018,Q4,2018-05-16,2018-01-31,-194214.0,7829245.0,121738.0,-0.0061,2990534.0,0.3819696535,7272345.0,-1934690.0,4752293.0,7655702.0,9207035.0,824276.0,-18130303.0,46716763.17,51885558.17,-0.06087738334205315,0.6207520877902509,0.7906826477566727,-2.9721128449519045,0.17100126622011871,-0.06087738334205315,0.10038507461143646,5.966956350197242,-60.13567916061664,-24.146898557391623,0.0,5.870255836637243,0.0,1.0765777751193046,0.47886359735527845,-0.026705828725122366,542.7511579571067,0.38196965352342405,-1.6099999999999999,0.8191673171256436,1.5487872177126702,-1.3416495163750937,0.26705891873501464,-1.9550537486353845,-0.708603913589851,0.9217069622207475,0.7133620983033014,-1.7335054218848516,Packaged Foods,Consumer Defensive,MMMB
2018Q3,2018,Q3,2017-12-14,2017-10-31,203354.0,7351355.0,417775.0,0.01,2360217.0,0.3210587708,7619728.0,1584754.0,5414615.0,5282858.0,6034974.0,361111.0,-14412019.0,37174324.699999996,41644449.699999996,0.050303797986678694,1.0249404772946764,0.659965552576155,3.1732104793551557,0.05371185583289608,0.050303797986678694,0.12831896937947468,5.056799011882843,45.7014918565654,23.457473336555704,0.0,13.821617175882208,0.0,0.9647791889684251,0.9380428169752054,0.026687829276845577,183.35959702081482,0.3210587707980366,15.666666666666668,-0.95034511551968,0.7059001562644504,-0.7348137945080279,0.17403521582851908,11.978109643244624,1.0136937440653213,1.208493556973759,0.6022447142039777,-0.6356949230837811,Packaged Foods,Consumer Defensive,MMMB
2018Q2,2018,Q2,2017-09-14,2017-07-31,15669.0,7005434.0,207467.0,0.0006,2010346.0,0.2869695154,7472981.0,1299499.0,5679943.0,5612500.0,6173482.0,235207.0,-14615373.0,33158077.88,37800496.879999995,0.046245407395128536,1.012016570155902,0.7067959894451759,4.064545644129007,0.020244256969980133,0.046245407395128536,0.012057723784319957,4.733193957719108,529.0394709298615,25.51604724590015,0.0,21.23698699443469,0.0,0.9374350075291239,0.9445965256124722,0.0020967536248252205,-107.67287720164181,0.28696951537906146,-0.7600000000000001,32.94151638175119,0.0,100.59990521507811,0.05831189874803772,-0.8778007408851628,-0.3437952695137303,1.017306167276166,1.8205121545627954,-0.7239192215015676,Packaged Foods,Consumer Defensive,MMMB
2018Q1,2018,Q1,2017-06-13,2017-04-30,128225.0,5357301.0,316162.0,0.0025,1899578.0,0.3545774262,6750005.0,1217751.0,5014845.0,4185216.0,5532254.0,180929.0,-14595007.0,26420181.15,30745917.15,0.043787112716295665,1.1982284785301405,0.7055080699940223,3.910637724789386,0.045745492353780774,0.043787112716295665,0.10529656719641371,4.931621566531356,51.51136898030805,21.69588130085707,0.0,19.1109385449541,0.0,0.7936736343158264,1.1359580963085298,0.01899628222497613,-188.47594594016178,0.35457742620771165,-0.47916666666666663,279.64533169699513,0.0,95.30541370134833,-0.03481141614458688,-0.03716190848063436,-0.035600442908432034,1.1587916465658519,0.8428388588784602,-0.7651189778664234,Packaged Foods,Consumer Defensive,MMMB
2017Q4,2017,Q4,2017-03-23,2017-01-31,133174.0,5410310.0,327833.0,0.0048,1968090.0,0.3637665864,6318986.0,999376.0,5143478.0,3389807.0,5319610.0,443623.0,-14676432.0,18076966.05,22245244.05,0.03593492393597763,1.5173365327288544,0.7651319373076629,4.8378768351451304,0.056230929165088324,0.03593492393597763,0.133257152463137,3.341207075010489,33.934863505639235,18.08825311994685,0.0,7.759336193118932,0.0,0.8561990800422726,1.346421197431004,0.021075216814849723,47.78019022773408,0.363766586387841,3.0,290.47717998374446,0.0,78.39395584417396,0.1685517211896595,0.6522213813381635,0.3459885122124461,1.0613486880114844,0.35299018454626085,-0.567023743547609,Packaged Foods,Consumer Defensive,MMMB
2017Q3,2017,Q3,2016-12-15,2016-10-31,80603.0,4576225.0,243563.0,0.0012,1684213.0,0.3680354441,6346846.0,763541.0,5324796.0,3466840.0,5583305.0,459504.0,-14762806.0,12266025.3,16810733.3,0.028011800203934033,1.5359220500513435,0.8192633002281763,6.810031157462402,0.035877362214306124,0.028011800203934033,0.10556473064314817,2.680380728657354,38.04456813021848,16.06465834840565,0.0,6.2937689334586855,0.0,0.7210234815843964,1.3449931349586366,0.012699693674622009,-84.63705571847508,0.3680354440614262,1.1132075471698113,38.460383540365704,0.0,59.26803352798685,0.23357191093037938,1.2813328958757992,3.2311046378484343,-0.9772526818909857,0.22733557061211715,-0.852330374596215,Packaged Foods,Consumer Defensive,MMMB
2017Q2,2017,Q2,2016-09-13,2016-07-31,-286504.0,4138280.0,-109167.0,-0.0106,1365314.0,0.3299230598,5531839.0,567661.0,4440004.0,942225.0,4964178.0,407978.0,-14796609.0,14060383.48,18364165.48,0.020994002078242036,4.712254503966674,0.8258063909669099,8.047457901811116,-0.022000100317568803,0.020994002078242036,-0.5047096770783971,3.3976394734044097,-12.268924238405049,24.76897916185893,0.0,6.796851791027947,0.0,0.7480839554441118,4.038899413622012,-0.05179181823621403,61.392084217512426,0.329923059821955,-0.1910112359550562,-380.4076156121655,0.0,53.249599211135305,-0.07448825548281961,-0.21796354237518706,-0.976946758420862,-1.081509307746617,0.11885380760112756,-0.8893260554462726,Packaged Foods,Consumer Defensive,MMMB
2017Q1,2017,Q1,2016-06-13,2016-04-30,-235232.0,3923977.0,-55220.0,-0.0089,1475199.0,0.3759448641,6090643.0,643416.0,5101241.0,5015903.0,5447227.0,506985.0,-14472999.0,12988682.84,17241473.84,0.024272964694239927,1.0170134869035545,0.7807467947144497,7.390630633991073,-0.01064124239050908,0.024272964694239927,-0.36559861737973565,3.3100812874285452,-13.804119805128554,20.1870684595969,0.0,4.83007978539799,0.0,0.644263175497234,0.8821364767221376,-0.03862186636123641,-28.4520074828263,0.3759448641008854,0.46706586826347307,-485.71510962360543,0.0,0.0,0.4435166955657235,0.4698507355045762,0.8006512588356762,-1.0682649389118921,0.08219298658158647,-0.8720403694963413,Packaged Foods,Consumer Defensive,MMMB
2016Q4,2016,Q4,2016-04-21,2016-01-31,-443709.0,3273188.0,-277002.0,-0.0167,1021948.0,0.3122179355,5794070.0,623323.0,4719995.0,4780980.0,5170747.0,252752.0,-14182371.0,11663307.040000001,15477081.040000001,0.023514953268348494,0.9872442469953859,0.7596035256736628,7.060859297667501,-0.05543929251880023,0.023514953268348494,-0.7118444209502939,3.5632866306487747,-6.5714843737674915,18.711497955313696,0.0,8.906912704943977,0.0,0.5649203409693013,0.902071332655648,-0.0765798480170243,-31.089964840449213,0.31221793554174093,0.6985559566787004,-893.5315343768915,0.0,246.044625018806,0.04054143490023225,0.6934934475796006,0.22659489221267648,0.5046855385889486,0.27752975673544705,-0.8680319033002111,Packaged Foods,Consumer Defensive,MMMB
2016Q3,2016,Q3,2015-12-11,2015-10-31,-1447633.0,3237780.0,-358159.0,-0.0554,982131.0,0.3033346923,5505205.0,9205.0,4346034.0,2261727.0,5496000.0,324871.0,-13705104.0,16211268.34,20395425.34,0.00035204524903940986,1.9215555193000746,0.8303289341632146,496.5921781640413,-0.11603792060307389,0.00035204524903940986,-157.26594242259642,5.006908542272792,-2.799616397940638,1761.1372449755565,0.0,6.943214383555319,0.0,0.5881306872314473,1.7094030358217416,-0.26295714691823463,-70.71806742337658,0.3033346922891611,-0.2974238875878219,-700.3673184313648,0.0,1.732297968179708,0.5152414188913985,-0.30069247087300566,0.530551710759487,-1.4258959464852528,-0.09474834992067283,-0.998144125344592,Packaged Foods,Consumer Defensive,MMMB
2016Q2,2016,Q2,2015-09-14,2015-07-31,-1112971.0,2739200.0,-762936.0,-0.0427,648168.0,0.2366267523,5448438.0,948639.0,4293581.0,4119799.0,4499799.0,330259.0,-12709582.0,19564437.0,22448780.0,0.03636594551634683,1.0421821550031931,0.6022421471988852,3.458933271771454,-0.20068140561913791,0.03636594551634683,-1.173229226291561,7.1423908440420565,-4.394642133532679,20.62369036061136,0.0,6.331491344671909,0.0,0.5027495953886233,0.9261155702013618,-0.20427340826857165,-42.360928091527356,0.2366267523364486,0.1627450980392156,-1534.7843921871354,0.0,91.5070920295066,-0.31409341996656015,0.16185063382461362,0.1141228558058849,-2598.018583751026,0.0,79.32225793877174,Packaged Foods,Consumer Defensive,MMMB
2016Q1,2016,Q1,2015-06-12,2015-04-30,-1327891.0,3353279.0,-861221.0,-0.051,944980.0,0.281807747,5675354.0,1109702.0,4462263.0,2058972.0,4565652.0,469345.0,-11698317.0,30747426.38,33920458.379999995,0.042587250842293096,2.167228597571992,0.6295640765316137,3.219782428075285,-0.2231221183193672,0.042587250842293096,-1.1966194527900282,9.169361207343618,-5.788770761304956,27.70782280287861,0.0,5.131191341124333,0.0,0.590849310897611,1.8798992895483766,-0.23397500843119212,-76.43878885963669,0.2818077469843696,0.3469910371318823,0.0,0.0,74.96695683792272,-0.07324555295557565,0.34711951840212085,0.4446830927792508,-3102.9369412913125,0.0,92.7212407930904,Packaged Foods,Consumer Defensive,MMMB
2015Q4,2015,Q4,2015-05-01,2015-01-31,-2033896.0,3746641.0,-1550864.0,-0.0781,1019666.0,0.2721547114,6935597.0,2162616.0,5709655.0,2745534.0,4772981.0,301170.0,-10603761.0,37782854.449999996,40484404.449999996,0.08299513749417098,2.079615477353404,0.5127957982564443,1.6445568700129842,-0.30770889118959716,0.08299513749417098,-0.9404794933543449,10.084460841057362,-4.644147789513329,17.470903040576783,0.0,9.05460371218913,0.0,0.5402045418728914,1.9308604446348143,-0.29325463979524763,-29.6013864514552,0.27215471138014025,-1.5193548387096776,0.0,0.0,0.0,-0.03281537226989117,-1.5448034683165777,-1.0722865163960165,-4752.155883385485,0.0,179.74872973013476,Packaged Foods,Consumer Defensive,MMMB
2015Q3,2015,Q3,2014-12-22,2014-10-31,-799235.0,3759698.0,-748383.0,-0.031,1054262.0,0.2804113522,6132197.0,3564602.0,4963544.0,2097595.0,2567595.0,213455.0,-8811381.0,54211920.0,54547275.0,0.13808151786544362,2.366302360560547,0.29956294620019547,0.5153391598837682,-0.1431013524466435,0.13808151786544362,-0.22421437231982702,14.41922196942414,-16.957440552528354,15.208407558543703,0.0,12.67450282260898,0.0,0.6131078306845001,2.162736848629025,-0.13033420159202322,-39.231776251468155,0.28041135218839386,0.03726708074534161,-6325.010157262571,0.0,0.0,0.6001208140071396,0.02545152589658923,0.023875422596936435,-391.20340143495145,0.0,288.2267563670908,Packaged Foods,Consumer Defensive,MMMB
2015Q2,2015,Q2,2014-09-08,2014-07-31,-820108.0,2249768.0,-766688.0,-0.0322,658864.0,0.2928586414,4974735.0,4263541.0,3780123.0,711194.0,711194.0,469158.0,-8037572.0,47087944.550000004,46046290.550000004,0.16750679872264673,5.315178418265621,0.05896615598619826,0.06880219986157046,-0.17391251281480796,0.16750679872264673,-0.1923537266323931,20.930133484874887,-14.3541901036205,11.04432783688488,0.0,3.3909770269290944,0.0,0.45223876246674444,4.400135546700338,-0.16485461034607873,-35.599544383055424,0.2928586414243602,-0.11034482758620683,-1158.806494227447,0.0,417.8887411642801,-0.17941922274088207,-0.14297102671273254,-0.12047116937399069,-1158.806494227447,0.0,417.8887411642801,Packaged Foods,Consumer Defensive,MMMB
2015Q1,2015,Q1,2014-06-12,2014-04-30,-717523.0,2583149.0,-684255.0,-0.029,802924.0,0.3108314697,5394432.0,4606821.0,4303017.0,787611.0,787611.0,404116.0,-7244174.0,73146688.24,71507990.24,0.1864225228524167,5.463378495221626,0.037767275590831435,0.04422420580265654,-0.14561612446138128,0.1864225228524167,-0.15575230728521902,28.31686760616596,-25.485833987203197,15.877909786379805,0.0,4.405232655970068,0.0,0.47885467830533407,4.755183713787644,-0.13301177955343585,-56.65468066303306,0.31083146965196357,0.0,0.0,0.0,324.7848517741724,0.0,0.0,0.0,-1591.5032590493008,0.0,0.0,Packaged Foods,Consumer Defensive,MMMB
2014Q3,2014,Q3,2014-03-20,2013-12-31,2947515.0,3101552.0,-1089487.0,0.13,921974.0,0.2972621449,5124111.0,4301067.0,4194615.0,823044.0,823044.0,112279.0,-6299641.0,56684767.5,54806030.5,0.18969236312030388,5.096465073556213,0.04346197808751606,0.051778779544703675,-0.2408284207110116,0.18969236312030388,0.685298554986472,18.276258950357757,4.807843853211943,13.179233780826944,0.0,19.412160778061793,0.0,0.6052858730031414,4.795382749889435,0.5752246584822226,-36.22712747770346,0.2972621448874628,0.0,26562.98625660973,0.0,0.0,0.0,0.0,0.0,1647.8043995709895,0.0,395.58374305927754,Packaged Foods,Consumer Defensive,MMMB
2014Q2,2014,Q2,2013-11-14,2013-09-30,2947515.0,3101552.0,-1089487.0,0.13,921974.0,0.2972621449,5124111.0,4301067.0,4194615.0,823044.0,823044.0,112279.0,-6299641.0,45347814.0,43469077.0,0.18969236312030388,5.096465073556213,0.04346197808751606,0.051778779544703675,-0.2408284207110116,0.18969236312030388,0.685298554986472,14.621007160286204,3.846275082569554,10.543387024661556,0.0,19.412160778061793,0.0,0.6052858730031414,4.795382749889435,0.5752246584822226,-28.98170198216277,0.2972621448874628,0.0,4680.31364106078,0.0,473.1038851720911,0.0,0.0,0.0,4680.31364106078,0.0,473.1038851720911,Packaged Foods,Consumer Defensive,MMMB
2014Q1,2014,Q1,2013-08-14,2013-06-30,2947515.0,3101552.0,-1089487.0,0.13,921974.0,0.2972621449,5124111.0,4301067.0,4194615.0,823044.0,823044.0,112279.0,-6299641.0,45347814.0,43469077.0,0.18969236312030388,5.096465073556213,0.04346197808751606,0.051778779544703675,-0.2408284207110116,0.18969236312030388,0.685298554986472,14.621007160286204,3.846275082569554,10.543387024661556,0.0,19.412160778061793,0.0,0.6052858730031414,4.795382749889435,0.5752246584822226,-28.98170198216277,0.2972621448874628,4.846153846153847,0.0,0.0,330.46401934611447,0.4763678405349662,4.8893426615503985,-1.2289196310935442,0.0,0.0,330.46401934611447,Packaged Foods,Consumer Defensive,MMMB
2013Q4,2013,Q4,2013-05-09,2013-03-31,-757844.0,2167517.0,-488796.0,-0.0338,624488.0,0.2881121578,4403247.0,3995828.0,3961080.0,407419.0,407419.0,51037.0,-5210061.0,44849914.0,43078965.0,0.17818665159536315,9.722374263350506,0.07948679690237681,0.08759135778617097,-0.11318748906596932,0.17818665159536315,-0.1896588141431513,20.691839556506363,-14.795232923926296,11.224185325294282,0.0,30.233536453945177,0.0,0.49225423874699736,8.90020838497959,-0.17211026317624245,-30.191634107658793,0.2881121578285199,0.0,0.0,0.0,0.0,0.0,0.0,0.0,0.0,0.0,0.0,Packaged Foods,Consumer Defensive,MMMB
2013Q2,2013,Q2,2012-11-13,2012-09-30,1712.0,0.0,1712.0,0.0,0.0,0.0,1550.0,-48385.0,1550.0,49935.0,49935.0,0.0,-109105.0,208416000.0,208414450.0,-0.0004643117610931982,0.031040352458195655,0.0,0.0,-0.0353828665908856,-0.0004643117610931982,-0.0353828665908856,0.0,30434.579439252335,-4307.450656195102,0.0,0.0,0.0,0.0,0.031040352458195655,1.104516129032258,-73619.21582479689,0.0,0.0,1.5913644214162348,0.0,-0.1555730696663562,0.0,0.0,0.0,1.5913644214162348,0.0,-0.1555730696663562,Packaged Foods,Consumer Defensive,MMMB
2013Q1,2013,Q1,2012-09-24,2012-06-30,1712.0,0.0,1712.0,0.0,0.0,0.0,1550.0,-48385.0,1550.0,49935.0,49935.0,0.0,-109105.0,208416000.0,208414450.0,-0.0004643117610931982,0.031040352458195655,0.0,0.0,-0.0353828665908856,-0.0004643117610931982,-0.0353828665908856,0.0,30434.579439252335,-4307.450656195102,0.0,0.0,0.0,0.0,0.031040352458195655,1.104516129032258,-73619.21582479689,0.0,0.0,0.0,0.0,0.19356785627463022,0.0,0.0,0.0,0.0,0.0,0.19356785627463022,Packaged Foods,Consumer Defensive,MMMB
2012Q4,2012,Q4,2012-05-15,2012-03-31,1712.0,0.0,1712.0,0.0,0.0,0.0,1550.0,-48385.0,1550.0,49935.0,49935.0,0.0,-109105.0,208416000.0,208414450.0,-0.0004643117610931982,0.031040352458195655,0.0,0.0,-0.0353828665908856,-0.0004643117610931982,-0.0353828665908856,0.0,30434.579439252335,-4307.450656195102,0.0,0.0,0.0,0.0,0.031040352458195655,1.104516129032258,-73619.21582479689,0.0,1.0,0.0,0.0,0.0,0.0,1.2081205932409433,1.2081205932409433,0.0,0.0,0.0,Packaged Foods,Consumer Defensive,MMMB
2012Q3,2012,Q3,2012-02-06,2011-12-31,-8226.0,0.0,-8226.0,-0.0001,0.0,0.0,81.0,-50097.0,81.0,50178.0,50178.0,0.0,-110817.0,208416000.0,208415919.0,-0.000480740442192538,0.0016142532584000958,0.0,0.0,0.16420144918857416,-0.000480740442192538,0.16420144918857416,0.0,-6334.062727935813,-4160.249116713576,0.0,0.0,0.0,0.0,0.0016142532584000958,-101.55555555555556,-105634.0598073999,0.0,0.0,-15.129411764705884,0.0,0.0,0.0,-1.8414507772020725,-1.8414507772020725,-15.129411764705884,0.0,0.0,Packaged Foods,Consumer Defensive,MMMB
2012Q2,2012,Q2,2011-11-09,2011-09-30,-2895.0,0.0,-2895.0,0.0,0.0,0.0,404.0,-41871.0,404.0,42275.0,42275.0,0.0,-102591.0,208416000.0,208415596.0,-0.00040180216490096727,0.009556475458308693,0.0,0.0,0.06914093286522892,-0.00040180216490096727,0.06914093286522892,0.0,-17997.927461139898,-4977.573977215734,0.0,0.0,0.0,0.0,0.009556475458308693,-7.165841584158416,-36660.68601583113,0.0,0.0,0.0,0.0,0.0,0.0,-0.5236842105263158,-0.5236842105263158,0.0,0.0,0.0,Packaged Foods,Consumer Defensive,MMMB
2012Q1,2012,Q1,2011-03-31,2011-03-31,-1900.0,0.0,-1900.0,0.0,0.0,0.0,,,,,,,,208416000.0,208416000.0,-9.59619223092277e-05,0.0,0.0,0.0,0.195,-9.59619223092277e-05,0.195,0.0,-26720.0,-20841.6,0.0,0.0,0.0,0.0,0.0,0.0,-320640.0,0.0,0.0,0.0,0.0,0.0,0.0,0.02564102564102564,0.02564102564102564,0.0,0.0,0.0,Packaged Foods,Consumer Defensive,MMMB
2011Q4,2011,Q4,2011-03-31,2011-03-31,-1950.0,0.0,-1950.0,0.0,0.0,0.0,0.0,-10000.0,0.0,10000.0,10000.0,0.0,-70000.0,208416000.0,208416000.0,-9.59619223092277e-05,0.0,0.0,0.0,0.195,-9.59619223092277e-05,0.195,0.0,-26720.0,-20841.6,0.0,0.0,0.0,0.0,0.0,0.0,-320640.0,0.0,0.0,0.0,0.0,0.0,0.0,0.02564102564102564,0.02564102564102564,0.0,0.0,0.0,Packaged Foods,Consumer Defensive,MMMB
2011Q3,2011,Q3,2010-09-30,2010-09-30,-510.0,0.0,-510.0,0.0,0.0,0.0,,,,,,,,208416000.0,,,0.0,0.0,0.0,0.0,,0.0,0.0,-102164.70588235295,0.0,0.0,0.0,0.0,0.0,0.0,0.0,-92629.33333333333,0.0,0.0,0.0,0.0,0.0,0.0,0.0,0.0,0.0,0.0,0.0,Packaged Foods,Consumer Defensive,MMMB
2011Q1,2011,Q1,2010-06-30,2010-06-30,0.0,0.0,0.0,0.0,0.0,0.0,0.0,-60000.0,0.0,0.0,0.0,0.0,-60000.0,208420000.0,208420000.0,-0.0005757604836388062,0.0,0.0,0.0,,-0.0005757604836388062,0.0,0.0,0.0,-3473.666666666667,0.0,0.0,0.0,0.0,0.0,0.0,-3473.6666666666665,0.0,0.0,0.0,0.0,0.0,0.0,0.0,0.0,0.0,0.0,0.0,Packaged Foods,Consumer Defensive,MMMB
2010Q4,2010,Q4,2010-03-31,2010-03-31,0.0,0.0,0.0,0.0,0.0,0.0,,,,,,,,208420000.0,,,0.0,0.0,0.0,0.0,,0.0,0.0,0.0,0.0,0.0,0.0,0.0,0.0,0.0,0.0,-3473.6666666666665,0.0,0.0,0.0,0.0,0.0,0.0,0.0,0.0,0.0,0.0,0.0,Packaged Foods,Consumer Defensive,MMMB
