Quarters,Year,Quarter,FillingDate,Date,NetIncome,Revenue,OperatingIncome,EPSDiluted,GrossProfit,GrossProfitRatio,TotalAssets,CommonStockEquity,CurrentAssets,CurrentLiability,TotalLiability,Inventory,RetainedEarnings,MarketCap,EnterpriseValue,bookValuePerShare,currentRatio,debtToAssets,debtToEquity,roic,shareholdersEquityPerShare,roe,priceToSalesRatio,peRatio,pbRatio,payoutRatio,inventoryTurnover,dividendYield,assetTurnover,quickRatio,returnOnAssets,priceToFreeCashFlowsRatio,grossProfitMargin,epsdilutedGrowth,fiveYNetIncomeGrowthPerShare,fiveYRevenueGrowthPerShare,fiveYShareholdersEquityGrowthPerShare,grossProfitGrowth,netIncomeGrowth,operatingIncomeGrowth,threeYNetIncomeGrowthPerShare,threeYRevenueGrowthPerShare,threeYShareholdersEquityGrowthPerShare,Industry,Sector,Symbol
2023Q1,2023,Q1,2023-03-31,2023-03-31,1803000000.0,10879000000.0,2549000000.0,0.58,8974000000.0,0.8248919937,96687000000.0,35789000000.0,22266000000.0,24860000000.0,60876000000.0,4967000000.0,-1825000000.0,215032180000.0,240303180000.0,11.55229180116204,0.8956556717618664,0.3258245679357101,0.8802425326217553,0.029784180829515547,11.55229180116204,0.050378607952164076,19.765803842264916,29.81588740987243,6.008331610271312,1.689961175818081,0.38353130662371654,0.01416997214091398,0.11251771179165762,0.2599356395816573,0.01864780166930404,129.30377630787734,0.8248919937494255,1.0,3.334101697489842,0.7171538921309077,1.2648395540489574,0.08029372818105213,1.0011098779134295,8.453216374269006,0.9578686000893879,0.4501875873902422,1.8125082284514005,Drug Manufacturers—General,Healthcare,AZN
2022Q4,2022,Q4,2022-12-31,2022-12-31,901000000.0,11207000000.0,-342000000.0,0.29,8307000000.0,0.7412331578,96483000000.0,37037000000.0,22593000000.0,26293000000.0,59425000000.0,4699000000.0,-574000000.0,210044400000.0,233110400000.0,11.955132343447385,0.8592781348647929,0.30297565374211,0.7892647892647893,-0.005898500452668857,11.955132343447385,0.024327024327024327,18.74225037922727,58.280910099889006,5.671204471204471,0.0,0.6171525856565226,0.0,0.11615517759605319,0.24360095843000037,0.009338432677259206,113.90694143167028,0.7412331578477737,-0.45283018867924535,-0.433982599668825,0.5855111200411505,1.0234221319257206,0.038375,-0.450609756097561,-1.274698795180723,1.4381637540039234,0.42441586059859704,1.389751448861578,Drug Manufacturers—General,Healthcare,AZN
2022Q3,2022,Q3,2022-09-30,2022-09-30,1640000000.0,10982000000.0,1245000000.0,0.53,8000000000.0,0.7284647605,94185000000.0,35134000000.0,20224000000.0,24850000000.0,59031000000.0,5078000000.0,-2471000000.0,169784640000.0,194625640000.0,11.348191214470285,0.8138430583501006,0.3110792589053459,0.8339215574657027,0.03394886425439623,11.348191214470285,0.046678431149314054,15.460265889637588,25.881804878048783,4.832488188079923,0.849390243902439,0.587239070500197,0.00820451131504004,0.11660030790465573,0.6061971830985915,0.017412539151669588,93.33954920285872,0.72846476051721,3.416666666666667,0.9551608018622734,0.44117508035545466,1.0935242371612939,0.02920365367297054,3.5555555555555554,1.3098330241187384,3.6487430107248104,0.4529724636383364,1.448014941365507,Drug Manufacturers—General,Healthcare,AZN
2022Q2,2022,Q2,2022-06-30,2022-06-30,360000000.0,10771000000.0,539000000.0,0.12,7773000000.0,0.721660013,96579000000.0,35932000000.0,20917000000.0,21815000000.0,60628000000.0,6220000000.0,-1657000000.0,204684859999.99997,229395859999.99997,11.598450613298903,0.9588356635342654,0.30573934292133903,0.8217744628743181,0.011837369766208286,11.598450613298903,0.010018924635422465,19.003329310184753,142.14226388888886,5.696450517644439,0.0,0.4819935691318328,0.0,0.11152527982273579,0.6696309878523952,0.0037275184046221227,290.333134751773,0.7216600129978646,0.0,-0.3831686906951533,0.742853750364743,1.1509761190121452,-0.013453483944663029,-0.07216494845360824,-0.38610478359908884,1.3437453443909222,0.5655268111018095,1.244695712139779,Drug Manufacturers—General,Healthcare,AZN
2022Q1,2022,Q1,2022-03-31,2022-03-31,388000000.0,11390000000.0,878000000.0,0.12,7879000000.0,0.6917471466,100273000000.0,36340000000.0,22647000000.0,22740000000.0,63914000000.0,7624000000.0,-1228000000.0,205388640000.0,230725640000.0,11.737726098191214,0.995910290237467,0.3101433087670659,0.8557787561915244,0.009007851276426043,11.737726098191214,0.010676940011007155,18.03236523266023,132.3380412371134,5.651861309851404,7.657216494845361,0.4605194123819517,0.014465259617084955,0.11358989957416253,0.6564204045734389,0.0038694364385228326,71.5889299407459,0.6917471466198419,2.090909090909091,-0.4095583175744277,0.7220572873714884,1.286276620865638,0.06674790143514758,2.121387283236994,1.4278752436647173,-0.4644713736050651,0.697766417868657,1.8372982860647271,Drug Manufacturers—General,Healthcare,AZN
2021Q4,2021,Q4,2021-12-31,2021-12-31,-346000000.0,12011000000.0,-2052000000.0,-0.11,7386000000.0,0.6149363084,105363000000.0,39268000000.0,26244000000.0,22594000000.0,66076000000.0,8983000000.0,1710000000.0,180225500000.0,204677500000.0,12.691661279896573,1.1615473134460477,0.2921424029308201,0.7838698176632373,-0.01571512504422419,12.691661279896573,-0.008811245798105327,15.00503704937141,-130.22073699421964,4.589627686665988,0.0,0.5148614048758766,0.0,0.11399637443884475,0.2831725236788528,-0.00328388523485474,257.465,0.6149363083839814,0.8,-1.1535983975148567,0.7585559945347191,1.1617007565732012,0.20903584874774922,0.7904300423985463,-0.5440180586907449,-1.2740576069737521,0.5329691987558499,1.5794569845410584,Drug Manufacturers—General,Healthcare,AZN
2021Q3,2021,Q3,2021-09-30,2021-09-30,-1651000000.0,9866000000.0,-1329000000.0,-0.55,6109000000.0,0.6191972431,107221000000.0,39744000000.0,26691000000.0,23649000000.0,67309000000.0,10528000000.0,2200000000.0,179699520000.0,204544520000.0,13.283422459893048,1.1286312317645566,0.29762826312009777,0.802938808373591,-0.015100129849146318,13.283422459893048,-0.0415408615136876,18.214019866207178,-27.210708661417325,4.521425120772947,-0.8400969109630527,0.3568579027355623,0.0077184402050712204,0.09201555665401367,0.30229608017252313,-0.015398102983557326,169.68793201133144,0.6191972430569633,-3.619047619047619,-2.3767911010558067,0.4638662097581618,1.5709194326445386,0.013269198872118096,-4.001818181818182,-2.179236912156167,-4.244253818380336,0.5647496945662841,1.8200563432782328,Drug Manufacturers—General,Healthcare,AZN
2021Q2,2021,Q2,2021-06-30,2021-06-30,550000000.0,8220000000.0,1127000000.0,0.21,6029000000.0,0.7334549878,73641000000.0,15676000000.0,27274000000.0,22222000000.0,57948000000.0,4762000000.0,5335000000.0,157177600000.0,169105600000.0,5.974085365853658,1.2273422734227342,0.3733653806982523,1.7539550905843326,0.018497571636050154,5.974085365853658,0.03508548099004848,19.121362530413624,71.44436363636363,10.02663944883899,0.0,0.4601007979840403,0.0,0.11162260153990304,0.7033120331203312,0.0074686655531565295,291.6096474953618,0.7334549878345499,-0.6440677966101696,18.10636309992132,0.4145160693530906,0.11710539361491173,0.10502199413489736,-0.6476617552850736,-0.40527704485488125,0.5175304878048779,0.5398766293676517,0.19717930542294734,Drug Manufacturers—General,Healthcare,AZN
2021Q1,2021,Q1,2021-03-31,2021-03-31,1561000000.0,7320000000.0,1895000000.0,0.59,5456000000.0,0.7453551913,64926000000.0,14430000000.0,18735000000.0,21513000000.0,50480000000.0,4278000000.0,4089000000.0,130465280000.0,142961280000.0,5.499237804878049,0.8708687770185469,0.3100760866216924,1.395148995148995,0.052232841524176406,5.499237804878049,0.10817740817740817,17.82312568306011,20.894503523382447,9.041252945252946,1.581678411274824,0.43571762505843853,0.01892457518199478,0.11274373902596803,0.36094454515874125,0.024042756368789085,89.05479863481229,0.7453551912568306,0.5128205128205127,1.3280034735331874,0.15326167161916912,-0.056911120634169525,-0.07289719626168224,0.5424901185770751,0.27437794216543376,3.4302053443328546,0.36410847016929015,0.07813163933033049,Drug Manufacturers—General,Healthcare,AZN
2020Q4,2020,Q4,2020-12-31,2020-12-31,1012000000.0,7410000000.0,1487000000.0,0.39,5885000000.0,0.794197031,66729000000.0,15622000000.0,19544000000.0,20307000000.0,51091000000.0,4024000000.0,5299000000.0,131173760000.0,143721760000.0,5.953506097560975,0.9624267493967598,0.3054144375009366,1.304570477531686,0.03490931510971474,5.953506097560975,0.06478043784406606,17.702261808367073,32.40458498023715,8.396732812700039,0.0,0.3789761431411531,0.0,0.11104617182933957,0.3935588713251588,0.015165819958338954,104.939008,0.7941970310391363,0.56,0.20665298237140797,0.11562782294489604,-0.18602144864066275,0.12999231950844853,0.5617283950617284,0.2698548249359522,-0.2494094598901408,0.23770091236484445,0.007638866244945886,Drug Manufacturers—General,Healthcare,AZN
2020Q3,2020,Q3,2020-09-30,2020-09-30,648000000.0,6578000000.0,1171000000.0,0.25,5208000000.0,0.7917300091,64112000000.0,12195000000.0,18166000000.0,18942000000.0,50494000000.0,3683000000.0,1876000000.0,143795200000.0,158062200000.0,4.647484756097561,0.9590328370816176,0.3484371100573995,1.8318163181631817,0.02538903469039753,4.647484756097561,0.053136531365313655,21.86001824262694,55.47654320987654,11.791324313243132,1.8117283950617284,0.3719793646483845,0.008164389353747551,0.10260169703019716,0.4458874458874459,0.010107312203643623,128.73339301700986,0.7917300091213134,-0.13793103448275856,-0.1892302819132088,0.06599519990153652,-0.3227943130200799,-0.015687015687015686,-0.14285714285714285,-0.08800623052959501,-0.0885124084476996,0.018512339929240094,-0.1426279488204719,Drug Manufacturers—General,Healthcare,AZN
2020Q2,2020,Q2,2020-06-30,2020-06-30,756000000.0,6275000000.0,1284000000.0,0.29,5291000000.0,0.843187251,59929000000.0,12237000000.0,14930000000.0,18183000000.0,46271000000.0,3562000000.0,1913000000.0,138783360000.0,152857360000.0,4.663490853658536,0.8210966287191332,0.3295065827896344,1.6137125112364141,0.0302255423108056,4.663490853658536,0.06177984800196126,22.116870119521913,45.89396825396826,11.341289531747979,0.0,0.27624929814710836,0.0,0.10470723689699478,0.33630314029588076,0.012614927664402876,2202.9104761904764,0.843187250996016,-0.03333333333333337,0.04496623158484078,-0.04147346927726445,-0.3550355666038197,0.07235508715038508,-0.03076923076923077,0.05245901639344262,0.5293373216751034,0.19877101129455174,-0.13513814974998806,Drug Manufacturers—General,Healthcare,AZN
2020Q1,2020,Q1,2020-03-31,2020-03-31,780000000.0,6354000000.0,1220000000.0,0.3,4934000000.0,0.7765187284,57211000000.0,10778000000.0,12822000000.0,17043000000.0,44995000000.0,3123000000.0,448000000.0,117187839999.99998,132350839999.99998,4.107469512195122,0.7523323358563633,0.324692803831431,1.7235108554462795,0.03261271122299627,4.107469512195122,0.07236964186305438,18.4431602140384,37.560205128205126,10.872874373724253,3.0743589743589745,0.4546910022414345,0.020462873963715007,0.11106255789970461,0.24438185765416887,0.013633741762947685,-494.46345991561174,0.7765187283600882,1.5,0.3652161862527716,0.009855307505526774,-0.38737198938327366,-0.06659099508134696,1.4920127795527156,1.1143847487001732,0.40048031066902845,0.13346523092890505,-0.1999462725495682,Drug Manufacturers—General,Healthcare,AZN
2019Q4,2019,Q4,2019-12-31,2019-12-31,313000000.0,6664000000.0,577000000.0,0.12,5286000000.0,0.7932172869,61377000000.0,13127000000.0,15563000000.0,18117000000.0,46781000000.0,3193000000.0,2812000000.0,130832640000.0,143690640000.0,5.0026676829268295,0.8590274327979246,0.2969679195789954,1.3885122267083112,0.020792224754649435,5.0026676829268295,0.023843985678372818,19.632749099639856,104.49891373801917,9.966682410299383,0.0,0.43156905731287193,0.0,0.10857487332388353,0.3432135563283104,0.005099630154618179,132.15418181818183,0.7932172869147659,0.0,1.9386611009801686,-0.04008441513414097,-0.3561553692834783,0.0456973293768546,0.046822742474916385,-0.23778071334214002,-0.8361632206509362,0.1504519946721401,-0.14792316966440838,Drug Manufacturers—General,Healthcare,AZN
2019Q3,2019,Q3,2019-09-30,2019-09-30,299000000.0,6406000000.0,757000000.0,0.12,5055000000.0,0.789103965,58906000000.0,12164000000.0,13520000000.0,14776000000.0,45237000000.0,3129000000.0,1865000000.0,116951680000.0,131142680000.0,4.635670731707317,0.9149972929074174,0.3082538281329576,1.492765537652088,0.016699091602821292,4.635670731707317,0.024580730023018745,18.25658445207618,97.78568561872909,9.614574153239065,3.879598662207358,0.4317673378076063,0.009918626222385176,0.10874953315451737,0.3234975636166757,0.0050758836111771295,153.47989501312335,0.7891039650327818,1.6666666666666667,0.13320109948146733,-0.05735990149950415,-0.4272582896408568,0.06197478991596639,1.3,0.5354969574036511,-0.7156914477798624,0.08378957155512948,-0.10279628586142048,Drug Manufacturers—General,Healthcare,AZN
2019Q2,2019,Q2,2019-06-30,2019-06-30,130000000.0,5823000000.0,493000000.0,0.045,4760000000.0,0.8174480508,61889000000.0,13548000000.0,15219000000.0,16034000000.0,46818000000.0,3197000000.0,3265000000.0,108314820000.0,122590820000.0,5.167048054919908,0.9491705126605963,0.31837644815718463,1.454384410983171,0.01101261531190058,5.167048054919908,0.009595512252731031,18.601205564142195,208.29773076923078,7.994893711248894,0.0,0.33249921801689086,0.0,0.0940878023558306,0.3896095796432581,0.0021005348284832523,-1128.279375,0.817448050832904,-0.8125000000000001,-0.8427875456611815,-0.1314906619562205,-0.40797905984757155,0.09124254928931683,-0.7807757166947723,-0.5505925250683683,5.046406338426712,0.002799252280263356,-0.03380402225074886,Drug Manufacturers—General,Healthcare,AZN
2019Q1,2019,Q1,2019-03-31,2019-03-31,593000000.0,5491000000.0,1097000000.0,0.24,4362000000.0,0.7943908213,61055000000.0,10483000000.0,13649000000.0,18256000000.0,49026000000.0,3050000000.0,3682000000.0,104578180000.00002,122020180000.00002,4.136937647987372,0.7476446099912357,0.3534190483989845,2.0583802346656492,0.024860114034081417,4.136937647987372,0.05656777639988553,19.045379712256423,44.08860876897133,9.97597825050081,4.101180438448567,0.3701639344262295,0.0232553291709609,0.08993530423388747,0.27158194566170024,0.009712554254360822,-91.17539668700961,0.7943908213440175,-0.4146341463414634,0.17008681925808997,-0.14889916093743533,-0.5140727662474048,-0.08744769874476988,-0.42649903288201163,0.018570102135561744,-0.08421687954041737,-0.10417033173049307,-0.29053806565958373,Drug Manufacturers—General,Healthcare,AZN
2018Q4,2018,Q4,2018-12-31,2018-12-31,1034000000.0,6417000000.0,1077000000.0,0.41,4780000000.0,0.744896369,60651000000.0,12468000000.0,15591000000.0,16292000000.0,46607000000.0,2890000000.0,5683000000.0,96241319999.99998,110609319999.99998,4.920284135753749,0.9569727473606678,0.31513083048919227,1.5329643888354187,0.04713658680678907,4.920284135753749,0.08293230670516523,14.997868162692845,23.269177949709864,7.719066410009623,0.0,0.5664359861591696,0.0,0.10580204778156997,0.3433587036582372,0.017048358642066906,53.02552066115702,0.7448963690197912,1.4117647058823526,2.9680590128103943,-0.07201071851804343,-0.4686499908512572,0.14162885120611415,1.3990719257540603,0.26556991774383076,0.27667289223002806,0.0004384811014646133,-0.32728619279689136,Drug Manufacturers—General,Healthcare,AZN
2018Q3,2018,Q3,2018-09-30,2018-09-30,431000000.0,5340000000.0,851000000.0,0.17,4187000000.0,0.784082397,61443000000.0,11936000000.0,13108000000.0,15248000000.0,47906000000.0,3027000000.0,5162000000.0,100093000000.0,117586000000.0,4.710339384372533,0.8596537250786989,0.3403642400273424,1.7520945040214477,0.022050328378254273,4.710339384372533,0.036109249329758716,18.744007490636704,58.05858468677494,8.38580764075067,2.6009280742459397,0.38090518665345224,0.011199584386520536,0.08690981885650115,0.2772822665267576,0.0070146314470322085,500.465,0.7840823970037453,0.21428571428571425,-0.6581882861779638,-0.15571523283346486,-0.4926578708504463,0.010620323437122858,0.23142857142857143,0.11533420707732635,-0.44158509209811503,-0.10389302624757453,-0.31363548540585834,Drug Manufacturers—General,Healthcare,AZN
2018Q2,2018,Q2,2018-06-30,2018-06-30,350000000.0,5155000000.0,763000000.0,0.14,4143000000.0,0.803685742,61344000000.0,12645000000.0,12449000000.0,17201000000.0,47072000000.0,3118000000.0,5879000000.0,88968740000.0,105657740000.0,4.990134175217048,0.7237369920353468,0.32060185185185186,1.555318307631475,0.01828328229375242,4.990134175217048,0.0276789244760775,17.258727449078563,63.549099999999996,7.035882957690786,0.0,0.32456703014753047,0.0,0.08403429838288994,0.21958025696180455,0.005705529473135107,-302.6147619047619,0.8036857419980601,0.0,-0.5797614172646899,-0.1826107176038736,-0.4617808418873411,0.024480712166172106,0.029411764705882353,0.09626436781609195,-0.4990369143210444,-0.18458950347573616,-0.30986053969316163,Drug Manufacturers—General,Healthcare,AZN
2018Q1,2018,Q1,2018-03-31,2018-03-31,340000000.0,5178000000.0,696000000.0,0.14,4044000000.0,0.7809965238,63281000000.0,12915000000.0,13182000000.0,18164000000.0,48708000000.0,3283000000.0,6164000000.0,87835080000.0,104684080000.0,5.100710900473934,0.725721206782647,0.31374346170256473,1.5372822299651567,0.01794574662403475,5.100710900473934,0.02632597754548974,16.963128621089222,64.58461764705882,6.801012775842043,6.95,0.34541577825159914,0.026902690815560255,0.08182550844645312,0.21311385157454305,0.005372860732289313,-185.30607594936708,0.7809965237543454,-0.7307692307692307,-0.6684808340482183,-0.2005670874049442,-0.42888146386224024,-0.11159929701230228,-0.7386625672559569,0.014577259475218658,-0.38328306764325715,-0.14714712599968532,-0.23923029436719673,Drug Manufacturers—General,Healthcare,AZN
2017Q4,2017,Q4,2017-12-31,2017-12-31,1301000000.0,5777000000.0,686000000.0,0.52,4552000000.0,0.7879522243,63354000000.0,14960000000.0,13150000000.0,16383000000.0,46712000000.0,3035000000.0,8221000000.0,89582160000.0,104158160000.0,5.908372827804107,0.8026612952450711,0.281071439845945,1.190307486631016,0.06485475855669924,5.908372827804107,0.08696524064171123,15.506692054699672,17.214096848578016,5.988112299465241,0.0,0.40362438220757824,0.0,0.09118603403100041,0.2722944515656473,0.020535404236512296,200.85686098654708,0.7879522243378917,0.9259259259259258,-0.158154452722444,-0.219206787017958,-0.37971668336825065,-0.08649407987156331,0.8965014577259475,-0.40295909486510006,5.043355332122662,-0.13761627614240843,-0.2395908817937956,Drug Manufacturers—General,Healthcare,AZN
2017Q3,2017,Q3,2017-09-30,2017-09-30,686000000.0,6232000000.0,1149000000.0,0.27,4983000000.0,0.7995827985,64587000000.0,13725000000.0,13634000000.0,14463000000.0,49140000000.0,3162000000.0,7001000000.0,85784160000.0,99600160000.0,5.420616113744076,0.9426813247597318,0.2764023719943642,1.3006921675774135,0.03165592664630762,5.420616113744076,0.049981785063752275,13.765109114249038,31.26244897959184,6.250212021857924,1.6778425655976676,0.39500316255534473,0.013417395472544115,0.09649000572870702,0.36029869321717484,0.010621332466285785,45.388444444444445,0.7995827984595636,0.42105263157894746,-0.5558490663766089,-0.07913221391746851,-0.3850830254850626,0.2150694952450622,0.4381551362683438,0.24216216216216216,1.6943874314288914,-0.04964349931394811,-0.33027751023147295,Drug Manufacturers—General,Healthcare,AZN
2017Q2,2017,Q2,2017-06-30,2017-06-30,477000000.0,5051000000.0,925000000.0,0.19,4101000000.0,0.811918432,65119000000.0,13653000000.0,14298000000.0,15657000000.0,49707000000.0,2901000000.0,6930000000.0,86315880000.00002,100801880000.00002,5.39218009478673,0.9132017627898065,0.3029069856723844,1.4447374203471763,0.02510828423052466,5.39218009478673,0.03493737640079104,17.088869530785985,45.23893081761007,6.322118215776753,0.0,0.3274732850741124,0.0,0.0775656874337751,0.39835217474611995,0.007325051060366406,-1065.6281481481483,0.8119184319936646,-0.09523809523809519,-0.7036767366535165,-0.2409925328171774,-0.37965203122720537,-0.090888938151186,-0.11173184357541899,0.008724100327153763,-0.40264712186525037,-0.21985728629538195,-0.38218427712371394,Drug Manufacturers—General,Healthcare,AZN
2017Q1,2017,Q1,2017-03-31,2017-03-31,537000000.0,5405000000.0,917000000.0,0.21,4511000000.0,0.8345975948,60959000000.0,12989000000.0,11637000000.0,15429000000.0,46180000000.0,2652000000.0,6263000000.0,78784200000.0,93057200000.0,5.13399209486166,0.754229049193078,0.28547056218113814,1.3397490184001848,0.026474612050148297,5.13399209486166,0.04134267457079067,14.576170212765957,36.677932960893855,6.065455385326046,4.409683426443203,0.33710407239819007,0.030056788036179845,0.08866615265998458,0.23715081988463282,0.008809199625978117,-265.26666666666665,0.8345975948196115,-0.7123287671232877,-0.6684194543526463,-0.2552233451675553,-0.38867411475015934,0.01943502824858757,-0.7084690553745928,-0.6379786814054481,0.061264822134387276,-0.16090455678984356,-0.3969581393189437,Drug Manufacturers—General,Healthcare,AZN
2016Q4,2016,Q4,2016-12-31,2016-12-31,1842000000.0,5585000000.0,2533000000.0,0.73,4425000000.0,0.7923008057,62526000000.0,14854000000.0,13262000000.0,15256000000.0,45857000000.0,2334000000.0,8140000000.0,69119600000.0,81000600000.0,5.871146245059289,0.8692973256423702,0.26881617247225154,1.1315470580315066,0.06639330138205266,5.871146245059289,0.12400700148108254,12.375935541629364,9.381053203040173,4.653265113774068,0.0,0.49700085689802914,0.0,0.08932284169785369,0.3808993183009963,0.02945974474618559,52.40303260045489,0.7923008057296329,0.8249999999999998,0.25524766064294424,-0.34662195977292826,-0.3529262376390821,-0.07793290268806001,0.8165680473372781,1.4640077821011672,4.511505016722408,-0.19105277869539805,-0.3659647441177792,Drug Manufacturers—General,Healthcare,AZN
2016Q3,2016,Q3,2016-09-30,2016-09-30,1014000000.0,5699000000.0,1028000000.0,0.4,4799000000.0,0.8420775575,63222000000.0,13072000000.0,12866000000.0,15382000000.0,48310000000.0,2420000000.0,6381000000.0,83135800000.0,97728800000.0,5.166798418972332,0.8364321934728904,0.27969694093828096,1.3527386780905752,0.04904403308945092,5.166798418972332,0.0775703794369645,14.587787331110722,20.496992110453647,6.359837821297429,1.136094674556213,0.371900826446281,0.013856846268394602,0.09014267185473411,0.2599791964633988,0.016038720698491032,186.82202247191012,0.8420775574662221,33.520325203252035,-0.6878513915839947,-0.257280249329969,-0.415331991200657,0.056815679365778464,33.70967741935484,2.392739273927393,-0.19455903158883125,-0.09753068774703552,-0.44349349444654507,Drug Manufacturers—General,Healthcare,AZN
2016Q2,2016,Q2,2016-06-30,2016-06-30,-31000000.0,5603000000.0,303000000.0,-0.0123,4541000000.0,0.8104586828,64419000000.0,13530000000.0,13320000000.0,14335000000.0,49029000000.0,2422000000.0,6858000000.0,76380700000.0,90044700000.0,5.3478260869565215,0.9291942797349145,0.27288532886260264,1.2992609016999261,0.010032683927198156,5.3478260869565215,-0.0022912047302291205,13.632107799393182,-615.9733870967742,5.645284552845529,0.0,0.4384805945499587,0.0,0.08697744454275913,0.3241018486222532,-0.0004812244834598488,-93.14719512195121,0.810458682848474,-1.0473076923076923,-1.0160164163497567,-0.27440179295664374,-0.3742821463960895,-0.11152416356877323,-1.0479876160990713,-0.708092485549133,-1.0372799792526137,-0.11017012791305368,-0.42320139034548887,Drug Manufacturers—General,Healthcare,AZN
2016Q1,2016,Q1,2016-03-31,2016-03-31,646000000.0,6115000000.0,1038000000.0,0.26,5111000000.0,0.8358135732,64323000000.0,14741000000.0,12769000000.0,15932000000.0,47681000000.0,2344000000.0,8075000000.0,71188480000.0,84072480000.0,5.831091772151899,0.8014687421541552,0.25359513704273745,1.1065735024760872,0.028798475658396414,5.831091772151899,0.04382334984058069,11.641615699100573,27.549721362229104,4.829284309069941,3.7291021671826625,0.4283276450511945,0.03383974485759494,0.09506708331390017,0.2572809440120512,0.010043063911820034,80.25758737316798,0.8358135731807032,-0.1875,-0.754395218002813,-0.18494578043806134,-0.27101568699304646,-0.003703703703703704,-0.2004950495049505,-0.04595588235294118,-0.3691169289711904,-0.05440956355381981,-0.3471018722729616,Drug Manufacturers—General,Healthcare,AZN
2015Q4,2015,Q4,2015-12-31,2015-12-31,808000000.0,6399000000.0,1088000000.0,0.32,5130000000.0,0.8016877637,60124000000.0,18490000000.0,16007000000.0,14869000000.0,41615000000.0,2143000000.0,11834000000.0,85825600000.0,94748600000.0,7.3140822784810124,1.07653507297061,0.25036591045173306,0.8141157382368848,0.03258635028458345,7.3140822784810124,0.04369929691725257,13.412345679012345,26.554950495049507,4.641730665224446,0.0,0.5921605226318245,0.0,0.10643004457454594,0.45349384625731387,0.013438892954560576,2384.0444444444443,0.8016877637130801,0.06666666666666674,-0.4490937770871239,-0.17926047348265062,-0.11965080402895147,0.04608482871125612,0.04935064935064935,-0.07008547008547009,-0.4763355220998844,-0.1337716286734413,-0.2321399908170922,Drug Manufacturers—General,Healthcare,AZN
2015Q3,2015,Q3,2015-09-30,2015-09-30,770000000.0,5945000000.0,1170000000.0,0.3,4904000000.0,0.8248948696,54118000000.0,17349000000.0,13199000000.0,16036000000.0,36750000000.0,2193000000.0,10707000000.0,80440960000.0,87306960000.0,6.862737341772152,0.8230855574956348,0.20228020252041834,0.6309873767940515,0.03407405799261702,6.862737341772152,0.044382961553980055,13.530859545836838,26.117194805194803,4.636633811747075,1.4662337662337663,0.4746922024623803,0.014035138317593425,0.10985254443992756,0.2854203043152906,0.014228168077164715,66.42523534269199,0.8248948696383516,0.07142857142857129,-0.4345040967520361,-0.14425489468572408,-0.10854205106200387,-0.06412213740458016,0.10473457675753228,0.2676056338028169,-0.5006744137787923,-0.1201506313958908,-0.221488186113514,Drug Manufacturers—General,Healthcare,AZN
2015Q2,2015,Q2,2015-06-30,2015-06-30,697000000.0,6307000000.0,923000000.0,0.28,5240000000.0,0.8308228952,55169000000.0,18279000000.0,13812000000.0,16150000000.0,36870000000.0,2198000000.0,11649000000.0,80529440000.0,87570440000.0,7.230617088607595,0.8552321981424149,0.1995323460639127,0.6022211280704634,0.03321439584159288,7.230617088607595,0.03813118879588599,12.768263833835421,28.884304160688664,4.4055714207560595,0.0,0.4854413102820746,0.0,0.11432144863963457,0.2785139318885449,0.012633906722978485,184.70055045871558,0.8308228951958142,0.2727272727272728,-0.6218283088919995,-0.11834941925078399,-0.054072546010776,0.09440267335004177,0.2672727272727273,-0.010718113612004287,-0.5663226119479213,-0.0507553835481051,-0.16814747559558496,Drug Manufacturers—General,Healthcare,AZN
2015Q1,2015,Q1,2015-03-31,2015-03-31,550000000.0,6057000000.0,933000000.0,0.22,4788000000.0,0.7904903418,53701000000.0,16936000000.0,12691000000.0,15758000000.0,36745000000.0,1968000000.0,10305000000.0,86427090000.00002,93804090000.00002,6.704671417260491,0.8053687016118797,0.1968119774305879,0.6240552668871044,0.027506178283206346,6.704671417260491,0.03247520075578649,14.268959881129275,39.28504090909092,5.10315836088805,4.285454545454545,0.6448170731707317,0.027271541827915295,0.1127911956946798,0.2338494732834116,0.010241894936779575,-75.35055797733219,0.7904903417533432,2.692307692307692,-0.7723067922201113,-0.18803732229588407,-0.06062788653811609,-0.045454545454545456,2.7133956386292835,3.915625,-0.6598545854817218,-0.16406000266974455,-0.20164676654483282,Drug Manufacturers—General,Healthcare,AZN
2014Q4,2014,Q4,2014-12-31,2014-12-31,-321000000.0,6683000000.0,-320000000.0,-0.13,5016000000.0,0.7505611252,58595000000.0,19627000000.0,16697000000.0,17330000000.0,38949000000.0,1960000000.0,13029000000.0,88889940000.0,93486940000.0,7.769992082343626,0.9634737449509521,0.18504991893506273,0.5524532531716513,-0.0057918584693525425,7.769992082343626,-0.016355021144341977,13.300903785724973,-69.22892523364486,4.528962143985326,0.0,0.8505102040816327,0.0,0.11405410017919618,0.40628967109059433,-0.005478283129959894,64.74139839766934,0.7505611252431543,-2.3,-1.2376275785278052,-0.14107670390045257,0.09216152019002374,-0.021650087770626096,-2.263779527559055,-1.5914972273567467,-1.2190947657151625,-0.216931070288592,-0.14364967241829263,Drug Manufacturers—General,Healthcare,AZN
2014Q3,2014,Q3,2014-09-30,2014-09-30,254000000.0,6542000000.0,541000000.0,0.1,5127000000.0,0.7837052889,56164000000.0,20445000000.0,15072000000.0,15824000000.0,35698000000.0,1957000000.0,13893000000.0,90228720000.0,95008720000.0,8.093824228028504,0.9524772497472194,0.17673242646535148,0.48549767669356814,0.013944083078711079,8.093824228028504,0.012423575446319394,13.792222561907673,88.80779527559055,4.413241379310344,4.31496062992126,0.7230454777721002,0.012146908434476297,0.11648030767039384,0.37601112234580386,0.004522469909550602,58.780925081433224,0.7837052889024763,-0.6875,-0.8622193022354744,-0.08470366722669592,0.209441198970125,-0.0038857586943850785,-0.6809045226130653,-0.5121731289449954,-0.9216851104566577,-0.14606654051245832,-0.08411365970911411,Drug Manufacturers—General,Healthcare,AZN
2014Q2,2014,Q2,2014-06-30,2014-06-30,796000000.0,6454000000.0,1109000000.0,0.32,5147000000.0,0.7974899287,58539000000.0,22029000000.0,16204000000.0,16322000000.0,36487000000.0,2249000000.0,15504000000.0,93779220000.0,98895220000.0,8.727812995245642,0.9927704938120329,0.17209040127094757,0.4573062780879749,0.03168110777654986,8.727812995245642,0.0361341867538245,14.53040285094515,29.45327261306533,4.257080212447229,0.0,0.581147176522899,0.0,0.11025128546780778,0.35393946820242617,0.013597772425220794,99.87137380191693,0.7974899287263713,0.6,-0.46495691740080236,-0.06946174229283773,0.42030492437802763,0.03707435019141648,0.5793650793650794,0.326555023923445,-0.5877621215882661,-0.16220896240691968,0.021190353845143756,Drug Manufacturers—General,Healthcare,AZN
2014Q1,2014,Q1,2014-03-31,2014-03-31,504000000.0,6416000000.0,836000000.0,0.2,4963000000.0,0.7735349127,59390000000.0,21454000000.0,16542000000.0,17513000000.0,37913000000.0,2163000000.0,14992000000.0,81748800000.0,87709800000.0,8.513492063492064,0.9445554730771427,0.17410338440814951,0.4819614057984525,0.020784780023781216,8.513492063492064,0.023492122681085113,12.74139650872818,40.55,3.8104222988720045,4.811507936507937,0.6717521960240407,0.029664043998199364,0.10803165516080149,0.29440986695597554,0.008486277151035528,178.10196078431372,0.7735349127182045,1.9523809523809526,-0.7300373134328357,-0.043213105698497324,0.6016411643857528,-0.08160621761658031,1.9692307692307693,2.4388984509466436,-0.8077743378052976,-0.14211134847893173,0.06432935815458538,Drug Manufacturers—General,Healthcare,AZN
2013Q4,2013,Q4,2013-12-31,2013-12-31,-520000000.0,6844000000.0,-581000000.0,-0.21,5404000000.0,0.7895967271,55899000000.0,23224000000.0,20335000000.0,16051000000.0,32646000000.0,1909000000.0,16960000000.0,74449980000.0,75727980000.0,9.259968102073366,1.2668992586131704,0.18562049410544018,0.44677919393730625,-0.012537696710742821,9.259968102073366,-0.022390630382363073,10.878138515488018,-35.79325961538461,3.2057345849121597,0.0,0.7543216343635412,0.0,0.1224351061736346,0.61641019251137,-0.009302491994490063,44.001170212765956,0.7895967270601987,-1.42,-1.4807947900053164,-0.036086549162538346,0.6841596083082152,0.0782122905027933,-1.4173354735152488,-1.3405627198124268,-1.3573709103109408,-0.1151843866367789,0.11456299819898265,Drug Manufacturers—General,Healthcare,AZN
2013Q3,2013,Q3,2013-09-30,2013-09-30,1246000000.0,6250000000.0,1706000000.0,0.5,5012000000.0,0.80192,54121000000.0,23248000000.0,18792000000.0,14675000000.0,30674000000.0,2075000000.0,17200000000.0,65016360000.0,67838360000.0,9.284345047923322,1.2805451448040885,0.18985236784242715,0.4419735030970406,0.03977772327327725,9.284345047923322,0.053596008258774946,10.4026176,13.045016051364366,2.7966431520991053,0.934991974317817,0.5966265060240964,0.017918566957608822,0.11548197557325253,0.5667461669505962,0.023022486650283624,100.95708074534161,0.80192,0.515151515151515,-0.1675921993019262,-0.07093987240993195,0.6683573156591179,0.019735503560528993,0.5139732685297691,0.4216666666666667,-0.07615412239641385,-0.09172925244147226,0.20602068554719222,Drug Manufacturers—General,Healthcare,AZN
2013Q2,2013,Q2,2013-06-30,2013-06-30,823000000.0,6232000000.0,1200000000.0,0.33,4915000000.0,0.7886713736,53987000000.0,23216000000.0,19394000000.0,15197000000.0,30575000000.0,2089000000.0,17184000000.0,59933240000.0,62067240000.0,9.271565495207668,1.2761729288675396,0.19237964695204401,0.44736388697450036,0.027250476145503768,9.271565495207668,0.03544968986905583,9.61701540436457,18.205722964763062,2.5815489317711924,0.0,0.6304451890856869,0.0,0.11543519736232796,0.5982101730604724,0.01524441069146276,49.045204582651394,0.7886713735558408,-0.19512195121951212,-0.4128500571924427,-0.09469092789897149,0.6797239603813064,-0.03985153350263723,-0.18595450049455983,-0.14101646385110952,-0.549184522609103,-0.12048377279649211,0.21292944100086722,Drug Manufacturers—General,Healthcare,AZN
2013Q1,2013,Q1,2013-03-31,2013-03-31,1011000000.0,6385000000.0,1397000000.0,0.41,5119000000.0,0.8017227878,52329000000.0,22292000000.0,18344000000.0,13862000000.0,29841000000.0,2039000000.0,16368000000.0,62537280000.0,65512280000.0,8.931089743589743,1.3233299668157552,0.19509258728429743,0.4579669836712722,0.033358199643880704,8.931089743589743,0.045352592858424544,9.794405638214565,15.464213649851631,2.8053687421496503,2.2710187932739863,0.620892594409024,0.03671410077317082,0.12201647270156128,0.5792093493002453,0.019320071088688873,35.054529147982066,0.8017227877838684,-0.3278688524590164,-0.21469720814780696,-0.029010960979014844,0.768015999512263,-0.13001359619306593,-0.33530571992110453,-0.28869653767820774,-0.5764279382842581,-0.13378009292479903,0.2513091434064078,Drug Manufacturers—General,Healthcare,AZN
2012Q4,2012,Q4,2012-12-31,2012-12-31,1521000000.0,7282000000.0,1964000000.0,0.61,5884000000.0,0.8080197748,53534000000.0,23737000000.0,19048000000.0,13903000000.0,29582000000.0,2061000000.0,17961000000.0,58898420000.00001,61507420000.00001,9.525280898876405,1.3700640149607999,0.19258788807113236,0.43434300880481946,0.04761108739071431,9.525280898876405,0.06407717908750053,8.088220269156826,9.680871137409598,2.4812916543792394,0.0,0.6783114992721979,0.0,0.13602570329136623,0.6131050852334029,0.02841185041282176,25.78739929947461,0.8080197747871464,0.0,0.4048728442865512,0.04224573715448799,0.8782425591640172,0.08801775147928995,-0.002622950819672131,-0.08905380333951762,0.1413171214208715,-0.0513218374819546,0.3388874990482613,Drug Manufacturers—General,Healthcare,AZN
2012Q3,2012,Q3,2012-09-30,2012-09-30,1525000000.0,6682000000.0,2156000000.0,0.61,5408000000.0,0.8093385214,52448000000.0,22038000000.0,18029000000.0,14128000000.0,30187000000.0,2090000000.0,16334000000.0,59337500000.0,64233500000.0,8.8152,1.2761183465458663,0.20807275777913362,0.49519012614574826,0.04897702032942854,8.8152,0.06919865686541428,8.88020053876085,9.727459016393443,2.6925083945911603,0.760655737704918,0.6095693779904306,0.01954918896144934,0.12740237949969493,0.4824462061155153,0.02907641854789506,-26.220724701723377,0.8093385214007782,-0.04687500000000004,0.32355919583023074,0.08930618181818188,0.7577318188038868,0.017689123071132858,-0.05338299193047796,0.15417558886509636,-0.16417021276595745,-0.05539336585365845,0.31723469114159025,Drug Manufacturers—General,Healthcare,AZN
2012Q2,2012,Q2,2012-06-30,2012-06-30,1611000000.0,6660000000.0,1868000000.0,0.64,5314000000.0,0.7978978979,51390000000.0,22026000000.0,19777000000.0,14801000000.0,29150000000.0,2039000000.0,16412000000.0,56698250000.0,58375250000.0,8.692186266771902,1.3361935004391594,0.18131932282545243,0.42304549169163713,0.05469512991365535,8.692186266771902,0.07314083356033778,8.513250750750752,8.79861111111111,2.574151003359666,0.0,0.6601275134870034,0.0,0.1295971978984238,0.6213093709884467,0.031348511383537656,58.45180412371134,0.7978978978978979,0.0,0.29914896537524455,0.05303687260109764,0.7060032856047231,-0.11047874121191831,-0.01768292682926829,-0.13518518518518519,0.0785839819231735,-0.04355006642013431,0.4145072729024178,Drug Manufacturers—General,Healthcare,AZN
2012Q1,2012,Q1,2012-03-31,2012-03-31,1640000000.0,7349000000.0,2160000000.0,0.64,5974000000.0,0.8128997142,50763000000.0,21516000000.0,21560000000.0,15800000000.0,29042000000.0,2040000000.0,16026000000.0,56991690000.0,60042690000.0,8.398126463700235,1.3645569620253164,0.18483935149616848,0.43609406952965235,0.05591051983752921,8.398126463700235,0.07622234616099646,7.755026534222343,8.687757621951219,2.648805075292805,1.5274390243902438,0.6740196078431373,0.04395377641898319,0.14477079762819375,0.6309493670886076,0.03230699525244765,42.594686098654705,0.8128997142468363,0.10344827586206906,0.25316759742989264,0.2575772857257163,0.8442423398389673,-0.1519023282226008,0.10363391655450875,-0.003230272265805261,-0.13595080802078588,0.07795473706436933,0.5799374625202158,Drug Manufacturers—General,Healthcare,AZN
2011Q4,2011,Q4,2011-12-31,2011-12-31,1486000000.0,8656000000.0,2167000000.0,0.58,7044000000.0,0.8137707948,52830000000.0,23246000000.0,23506000000.0,15752000000.0,29358000000.0,1852000000.0,17894000000.0,59297490000.0,61054490000.0,9.073380171740828,1.4922549517521584,0.17656634487980313,0.401273337348361,0.048402776057298716,9.073380171740828,0.06392497634001548,6.850449399260628,9.976024562584119,2.550868536522412,0.0,0.8704103671706264,0.0,0.16384629945106946,0.7503174200101574,0.028127957599848572,22.035484949832775,0.8137707948243993,-0.5433070866141733,0.2369886043986236,0.4423086869729125,0.8106444749409624,0.06404833836858007,-0.5726200747771067,-0.49155326137963395,0.34500415340579277,0.1934210512525068,0.6502238698477851,Drug Manufacturers—General,Healthcare,AZN
2011Q3,2011,Q3,2011-09-30,2011-09-30,3477000000.0,8213000000.0,4262000000.0,1.27,6620000000.0,0.8060392061,52576000000.0,23931000000.0,22467000000.0,14657000000.0,28422000000.0,1955000000.0,18614000000.0,60063440000.0,59652440000.0,8.837149187592319,1.5328511973800913,0.17972078514911746,0.39484350842004096,0.10673282398645255,8.837149187592319,0.1452927165601103,7.31321563375137,4.3186252516537245,2.5098591784714386,0.32154155881507046,0.8148337595907928,0.018613652498092017,0.15621195982958003,0.7357576584567102,0.06613283627510651,35.773341274568196,0.8060392061366127,0.6493506493506493,1.4708599877699067,0.42148119887598573,0.8380885118100484,-0.04720782959124928,0.645527685754851,0.43743676222596967,1.1478722859265202,0.12888913164281607,0.587998121632547,Drug Manufacturers—General,Healthcare,AZN
2011Q2,2011,Q2,2011-06-30,2011-06-30,2113000000.0,8430000000.0,2965000000.0,0.77,6948000000.0,0.8241992883,53406000000.0,23606000000.0,22691000000.0,13838000000.0,29591000000.0,2021000000.0,18340000000.0,69146670000.0,69115670000.0,8.54670528602462,1.6397600809365516,0.17941804291652624,0.40591375074133695,0.06636382141883888,8.54670528602462,0.08951114123527916,8.202451957295374,8.181101514434454,2.9291989324747942,0.0,0.7333003463631865,0.0,0.15784743287271094,0.7437490966902731,0.039564842901546646,129.2461121495327,0.8241992882562278,-0.2524271844660194,0.46115534736364444,0.406977169947946,0.7506128734754656,-0.0007191140514885661,-0.2731338149294806,-0.12819758894442812,0.3666563860505448,0.1102164365997054,0.5484014710000782,Drug Manufacturers—General,Healthcare,AZN
2011Q1,2011,Q1,2011-03-31,2011-03-31,2907000000.0,8292000000.0,3401000000.0,1.03,6953000000.0,0.8385190545,54534000000.0,22349000000.0,23467000000.0,16016000000.0,31987000000.0,1897000000.0,17332000000.0,64429640000.0,64813640000.0,7.998926270579814,1.4652222777222776,0.18274837715920345,0.44592599221441676,0.09330592483585207,7.998926270579814,0.13007293391203187,7.770096478533526,5.5409047127622975,2.882886930063985,0.9102167182662538,0.705851344227728,0.04106805501318959,0.15205193090549016,0.6731393606393606,0.05330619430080317,39.79594811612106,0.8385190545103715,0.7758620689655175,1.3057695060844665,0.5165493324808362,0.6505886802464095,0.013852435112277631,0.7933374460209747,0.4106180008295313,1.0172011024479315,0.12649922809526243,0.5834830945971181,Drug Manufacturers—General,Healthcare,AZN
2010Q4,2010,Q4,2010-12-31,2010-12-31,1621000000.0,8617000000.0,2411000000.0,0.58,6858000000.0,0.7958686318,56127000000.0,23213000000.0,25131000000.0,16787000000.0,32717000000.0,1682000000.0,18272000000.0,64527430000.0,62681430000.0,8.308160343593414,1.4970512896884494,0.1643059490084986,0.39727738767070175,0.05313706357423225,8.308160343593414,0.06983155990177918,7.488386909597308,9.951793645897594,2.7797970964545726,0.0,1.0457788347205708,0.0,0.1535268230976179,0.747602311312325,0.028880930746343115,19.631101308183755,0.7958686317743995,0.07407407407407393,0.49688115522992765,0.5494138728710745,0.9296293568484227,0.07593347976153123,0.047157622739018086,0.0020781379883624274,0.33540332986166466,0.10001139003056919,0.6382446367053195,Drug Manufacturers—General,Healthcare,AZN
2010Q3,2010,Q3,2010-09-30,2010-09-30,1548000000.0,7898000000.0,2406000000.0,0.54,6374000000.0,0.8070397569,56390000000.0,22125000000.0,24569000000.0,16852000000.0,34078000000.0,1810000000.0,17233000000.0,72855900000.0,73751900000.0,7.698329853862213,1.4579278423925943,0.19340308565348466,0.49292655367231636,0.050130377832521125,7.698329853862213,0.06996610169491525,9.224601164851862,11.766133720930233,3.2929220338983054,0.6421188630490956,0.8419889502762431,0.013643369994743047,0.1400602943784359,0.6840137669119393,0.027451675829047704,27.617854435178167,0.8070397569004811,-0.26027397260273966,0.3908165860669801,0.49912877986025134,0.8313616330317791,-0.05233422539399346,-0.2653061224489796,-0.2069874752801582,0.16868569261165525,0.11998929393501426,0.5350303266836245,Drug Manufacturers—General,Healthcare,AZN
2010Q2,2010,Q2,2010-06-30,2010-06-30,2107000000.0,8178000000.0,3034000000.0,0.73,6726000000.0,0.8224504769,54647000000.0,22091000000.0,23376000000.0,16304000000.0,32382000000.0,1689000000.0,17420000000.0,68102850000.0,60504850000.0,7.643944636678201,1.4337585868498528,0.02726590663714385,0.06744828210583495,0.0933324341164308,7.643944636678201,0.09537820832013037,8.327567865003669,8.080546986236357,3.082832375175411,0.0,0.8596802841918295,0.0,0.14965139897890095,0.6778704612365064,0.03855655388218932,33.01156083373728,0.822450476889215,-0.23157894736842102,0.8887527640501743,0.4573344889930186,0.7911684471788796,-0.028315515746893963,-0.2412675549153763,-0.16716991490529784,0.48982999849556186,0.13377068429138073,0.5002663616407543,Drug Manufacturers—General,Healthcare,AZN
2010Q1,2010,Q1,2010-03-31,2010-03-31,2777000000.0,8576000000.0,3643000000.0,0.95,6922000000.0,0.807136194,54075000000.0,20727000000.0,22347000000.0,16994000000.0,33187000000.0,1780000000.0,16137000000.0,64933440000.0,68132440000.0,7.137396694214876,1.3149935271272213,0.19537679149329634,0.5097216191441115,0.09193801643691192,7.137396694214876,0.13397983306797898,7.571529850746269,5.845646380986676,3.1327949051961212,0.8523586604249189,0.9292134831460674,0.03645271219266991,0.15859454461396208,0.552901023890785,0.05135460009246417,111.95420689655172,0.8071361940298507,0.7924528301886791,2.0159196863742315,0.6866430758441586,0.7217519421214085,-0.049175824175824175,0.7881519639407598,0.5668817204301075,0.8720769760542488,0.2947136386177966,0.5673840155412548,Drug Manufacturers—General,Healthcare,AZN
2009Q4,2009,Q4,2009-12-31,2009-12-31,1553000000.0,8945000000.0,2325000000.0,0.53,7280000000.0,0.813862493,54920000000.0,20660000000.0,23760000000.0,17640000000.0,34099000000.0,1750000000.0,16198000000.0,68156880000.0,60408880000.0,7.1143250688705235,1.346938775510204,0.039512017479970865,0.10503388189738626,0.07350905147182056,7.1143250688705235,0.07516940948693127,7.6195505869200675,10.971809401159048,3.298977734753146,0.0,0.9514285714285714,0.0,0.1628732702112163,0.6477324263038549,0.028277494537509103,32.07382588235294,0.8138624930128563,-0.27397260273972596,1.2175437863289833,0.7422259086182332,0.618462076979839,0.04944500504540868,-0.2657210401891253,-0.2743445692883895,0.1405146244055588,0.31493362090675736,0.41970391795155376,Drug Manufacturers—General,Healthcare,AZN
2009Q3,2009,Q3,2009-09-30,2009-09-30,2115000000.0,8200000000.0,3204000000.0,0.73,6937000000.0,0.8459756098,51899000000.0,19394000000.0,20540000000.0,15116000000.0,32346000000.0,1898000000.0,14988000000.0,65132550000.00001,68842550000.0,6.692201518288475,1.3588250860015878,0.2216613036860055,0.5931731463339177,0.07253934172033576,6.692201518288475,0.10905434670516655,7.942993902439025,7.698882978723405,3.35838661441683,0.4132387706855792,0.6654373024236038,0.013418789837032328,0.15799919073585234,0.5182587986239746,0.040752230293454594,34.88620782003214,0.8459756097560975,0.23728813559322037,1.1501482898696913,0.7939214718602801,0.6755602061241323,0.06821681552202033,0.2390158172231986,0.12381620484040687,0.4044429311134333,0.3261829139801754,0.39194874595470963,Drug Manufacturers—General,Healthcare,AZN
2009Q2,2009,Q2,2009-06-30,2009-06-30,1707000000.0,7958000000.0,2851000000.0,0.59,6494000000.0,0.8160341794,50200000000.0,17796000000.0,19126000000.0,15143000000.0,32258000000.0,1866000000.0,13437000000.0,63914720000.0,68539720000.0,6.145027624309392,1.2630258205111273,0.2354581673306773,0.6641942009440324,0.06337726943734609,6.145027624309392,0.09592043155765341,8.03150540336768,9.360679554774459,3.591521690267476,0.0,0.7845659163987139,0.0,0.15852589641434264,0.47791058574919104,0.03400398406374502,22.449848963821566,0.8160341794420709,-0.20270270270270274,1.4405898522388976,0.7449967506958318,0.6239082995538632,0.027856916745805635,-0.20382462686567165,-0.09864053114132153,0.12578519378478942,0.26674304180131364,0.25867970252453965,Drug Manufacturers—General,Healthcare,AZN
2009Q1,2009,Q1,2009-03-31,2009-03-31,2144000000.0,7701000000.0,3163000000.0,0.74,6318000000.0,0.8204129334,46515000000.0,15383000000.0,15852000000.0,14049000000.0,30986000000.0,1702000000.0,11022000000.0,51296150000.00001,58622150000.00001,5.3154803040774015,1.1283365364082854,0.25297215951843494,0.7649353182084119,0.08317614859051323,5.3154803040774015,0.13937463433660535,6.660972600960915,5.981360774253732,3.334599882987714,0.9808768656716418,0.8125734430082256,0.04099722883686203,0.1655594969364721,0.31959570076162,0.04609265828227453,26.400488934637163,0.8204129333852747,0.7209302325581396,2.138125954360642,0.7705189184860198,0.45669790620710354,0.038973852984706465,0.717948717948718,0.6717758985200846,0.641812340110816,0.359791265490704,0.09685616834007013,Drug Manufacturers—General,Healthcare,AZN
2008Q4,2008,Q4,2008-12-31,2008-12-31,1248000000.0,8193000000.0,1892000000.0,0.43,6081000000.0,0.7422189674,46784000000.0,15912000000.0,16152000000.0,13320000000.0,30724000000.0,1636000000.0,11572000000.0,59370410000.0,66932410000.0,5.498272287491361,1.2126126126126127,0.25324897400820795,0.7445952740070387,0.0472510600616994,5.498272287491361,0.0784313725490196,7.246479921884536,11.893110977564103,3.7311720713926597,0.0,1.2909535452322738,0.0,0.17512397400820792,0.3509009009009009,0.02667578659370725,25.835687554395125,0.7422189674112046,-0.2833333333333333,1.2926870146760334,0.9605243740364681,0.4085724117901681,-0.017609046849757674,-0.2786127167630058,-0.24980174464710547,0.11261975419054968,0.42227041762598777,0.2770128619473208,Drug Manufacturers—General,Healthcare,AZN
2008Q3,2008,Q3,2008-09-30,2008-09-30,1730000000.0,7775000000.0,2522000000.0,0.6,6190000000.0,0.7961414791,48204000000.0,16105000000.0,15570000000.0,14456000000.0,31972000000.0,2083000000.0,11823000000.0,63494360000.0,73325360000.0,5.56496199032481,1.0770614277808523,0.27740436478300556,0.8303011487115802,0.06086787021735769,5.56496199032481,0.10742005588326607,8.166477170418007,9.175485549132949,3.942524681775846,0.423121387283237,0.7609217474795967,0.011528583011152485,0.16129366857522198,0.24875484228002215,0.035889137830885404,46.75578792341679,0.7961414790996785,0.07142857142857129,1.5272620348852552,0.8984916834572368,0.3849842741862557,-0.05134099616858238,0.06790123456790123,0.01981399110392236,0.5435945800401316,0.4655830953612546,0.32385310474167606,Drug Manufacturers—General,Healthcare,AZN
2008Q2,2008,Q2,2008-06-30,2008-06-30,1620000000.0,7956000000.0,2473000000.0,0.56,6525000000.0,0.8201357466,50202000000.0,15974000000.0,16476000000.0,15991000000.0,34107000000.0,2269000000.0,11801000000.0,61540910000.0,72073910000.0,5.51969592259848,1.0303295603777125,0.29626309708776544,0.9310754976837361,0.05726921870177164,5.51969592259848,0.10141479904845374,7.735157114127702,9.497054012345679,3.8525672968573934,0.0,0.630674305861613,0.0,0.15847974184295446,0.27502970420861733,0.0322696306920043,38.60784818067754,0.8201357466063348,0.07692307692307698,1.8251779296512334,1.0838800908539217,0.463666564107394,0.05123247945867569,0.07784431137724551,0.09570225963668587,0.4501900058563644,0.41581408055265157,0.2934035559520665,Drug Manufacturers—General,Healthcare,AZN
2008Q1,2008,Q1,2008-03-31,2008-03-31,1503000000.0,7677000000.0,2257000000.0,0.52,6207000000.0,0.8085189527,48458000000.0,14720000000.0,14452000000.0,15682000000.0,33591000000.0,2169000000.0,10585000000.0,55351430000.0,67433430000.0,5.051475634866163,0.9215661267695447,0.30958768418011473,1.0191576086956522,0.05332954251471946,5.051475634866163,0.10210597826086956,7.210033867396119,9.206824683965403,3.760287364130435,1.3353293413173652,0.677731673582296,0.03625922582307268,0.15842585331627387,0.18970794541512562,0.03101655041479219,-101.19091407678245,0.8085189527159047,0.20930232558139542,0.8973115708828285,0.9075109750789704,0.424898712828167,0.029523967490462762,0.1872037914691943,0.17003628823224468,0.6267092550551713,0.5046553047600187,0.21856586617349524,Drug Manufacturers—General,Healthcare,AZN
2007Q4,2007,Q4,2007-12-31,2007-12-31,1266000000.0,8170000000.0,1929000000.0,0.43,6029000000.0,0.7379436965,47957000000.0,14778000000.0,17082000000.0,15187000000.0,33042000000.0,2119000000.0,10624000000.0,62388740000.0,71677740000.0,5.071379547014413,1.124777770461579,0.3160331129970599,1.02557856272838,0.0447268694448418,5.071379547014413,0.08566788469346326,7.636320685434517,12.320051342812006,4.221730951414265,0.0,1.0103822557810287,0.0,0.17036094834956314,0.3923092118259037,0.02639864878954063,24.688856351404826,0.7379436964504283,-0.06521739130434788,0.934243394443358,1.0411545579118648,0.5588182388513688,0.049434290687554394,-0.0573343261355175,-0.04599406528189911,0.8015300823349852,0.5858176385462998,0.15370543169699505,Drug Manufacturers—General,Healthcare,AZN
2007Q3,2007,Q3,2007-09-30,2007-09-30,1343000000.0,7150000000.0,2022000000.0,0.46,5745000000.0,0.8034965035,45950000000.0,14614000000.0,14691000000.0,15528000000.0,31208000000.0,2558000000.0,10510000000.0,73942750000.0,84911750000.0,5.015099519560741,0.9460973724884081,0.3133188248095756,0.9851512248528808,0.04987372557107211,5.015099519560741,0.09189817982756261,10.341643356643356,13.764473194341027,5.0597201313808675,0.5681310498883098,0.5492572322126661,0.010318793931791826,0.15560391730141457,0.22733127253992788,0.029227421109902067,84.506,0.8034965034965035,-0.06122448979591831,1.3985868063190872,0.9728595153881847,0.49086798323295827,-0.01016540317022743,-0.05820476858345021,0.02483527622909275,0.3578221460024075,0.5556233423998237,0.25565573029506117,Drug Manufacturers—General,Healthcare,AZN
2007Q2,2007,Q2,2007-06-30,2007-06-30,1426000000.0,7273000000.0,1973000000.0,0.49,5804000000.0,0.7980200742,47600000000.0,14847000000.0,16078000000.0,24933000000.0,32633000000.0,2563000000.0,10763000000.0,77920360000.0,88368360000.0,5.095058339052848,0.6448481931576625,0.32350840336134457,1.0371792281268943,0.047080887999170234,5.095058339052848,0.09604633932781033,10.713647738209817,13.660652173913043,5.248222536539369,0.0,0.573156457276629,0.0,0.15279411764705883,0.21301086912926642,0.02995798319327731,120.4333230293663,0.7980200742472158,-0.03921568627450984,1.1923404255319145,1.0096711798839457,0.5999421822913492,0.04350952894642215,-0.0858974358974359,-0.09078341013824885,1.0262350132486815,0.5849416765222302,0.34643943515695785,Drug Manufacturers—General,Healthcare,AZN
2007Q1,2007,Q1,2007-03-31,2007-03-31,1560000000.0,6966000000.0,2170000000.0,0.51,5562000000.0,0.7984496124,29565000000.0,13907000000.0,16286000000.0,10349000000.0,15543000000.0,2294000000.0,9941000000.0,81923550000.0,77502550000.0,4.5537000654878845,1.5736786162914291,0.03876204972095383,0.0824045444740059,0.09945391889987534,4.5537000654878845,0.11217372546199755,11.760486649440137,13.128774038461538,5.890813978571942,1.2038461538461538,0.6120313862249346,0.022923811285033426,0.2356164383561644,0.6199632814764712,0.05276509386098427,45.972811447811445,0.7984496124031008,0.08510638297872349,0.8579834291434625,0.7978209938171443,0.514392939923252,-0.002510760401721664,0.0893854748603352,0.08337493759360959,1.1637131384144372,0.5176317804934899,0.24793338916203417,Drug Manufacturers—General,Healthcare,AZN
