Year,Date,FillingDate,NetIncome,Revenue,OperatingIncome,EPSDiluted,GrossProfit,GrossProfitRatio,TotalAssets,CommonStockEquity,CurrentAssets,CurrentLiability,TotalLiability,Inventory,RetainedEarnings,EnterpriseValue,bookValuePerShare,currentRatio,debtToAssets,debtToEquity,roic,shareholdersEquityPerShare,roe,priceToSalesRatio,peRatio,pbRatio,payoutRatio,inventoryTurnover,dividendYield,assetTurnover,quickRatio,returnOnAssets,priceToFreeCashFlowsRatio,grossProfitMargin,epsdilutedGrowth,fiveYNetIncomeGrowthPerShare,fiveYRevenueGrowthPerShare,fiveYShareholdersEquityGrowthPerShare,grossProfitGrowth,netIncomeGrowth,operatingIncomeGrowth,threeYNetIncomeGrowthPerShare,threeYRevenueGrowthPerShare,threeYShareholdersEquityGrowthPerShare,Industry,Sector,Price,MarketCap,AvgVolume,Symbol
2022,2022-12-31,2023-03-30,2230000.0,25744000.0,6838000.0,1.1,25744000.0,1.0,615757000.0,42093000.0,49532000.0,8234000.0,573664000.0,0.0,27023000.0,90275880.52000001,20.704024380706542,6.01554529997571,0.08616710812869362,1.2604946190578006,0.052582782267655205,20.704024380706542,0.052977929822060676,2.2459944266625236,25.928645973094174,1.3736459867436392,0.0,0.0,0.0,0.041808700510103824,8.562788438183143,0.003621558504410019,1.903630753934286,1.0,-0.4444444444444444,1.8726325946882116,1.3851447119712872,0.35906577879232765,-0.07790393638740642,-0.44965449160908194,-0.11528011385690258,1.5345218171455324,1.070949199121072,0.251594291261404,Banks—Regional,Financial Services,34.6,77407466,5368,HVBC
2021,2021-12-31,2022-03-28,4052000.0,27919000.0,7729000.0,1.98,27919000.0,1.0,560124000.0,42636000.0,165225000.0,0.0,45457000.0,0.0,24793000.0,-30655426.0,21.485262770669664,26.148218227688428,0.11512272282566004,1.5124073552866122,0.04888245525890511,21.485262770669664,0.0950370578853551,1.5495029907947993,10.67635093780849,1.0146489820808706,0.0,0.0,0.0,0.049844320186244476,8.684169031851152,0.007234112446529697,1.0334091538865797,1.0,-0.3028169014084507,2.6257257547901447,0.45270292157507,-0.30957281316124874,0.013393829401088929,-0.29750346740638,-0.30463337831758885,3.7182389624500916,1.3009787221378972,0.29882151100440574,Banks—Regional,Financial Services,34.6,77407466,5368,HVBC
2020,2020-12-31,2021-03-30,5768000.0,27550000.0,11115000.0,2.84,27550000.0,1.0,861607000.0,38927000.0,437485000.0,0.0,34215000.0,0.0,20741000.0,-343354964.89,19.146783481048242,0.0,0.03971068015928376,0.8789529118606623,0.09917697091754843,19.146783481048242,0.14817478870706707,1.2670793143375683,6.052017182732317,0.8967563673029003,0.0,0.0,0.0,0.03197513483525552,0.0,0.006694467431207035,-0.9132730322057402,1.0,5.604651162790697,4.246921498327809,1.5935783023213113,1.8009422292258916,1.2183750704565586,5.562002275312856,1.77875,6.430199464646461,1.552468024192393,0.25684445325942423,Banks—Regional,Financial Services,34.6,77407466,5368,HVBC
2019,2019-06-30,2019-09-26,879000.0,12419000.0,4000000.0,0.43,12419000.0,1.0,354586000.0,33599000.0,42748000.0,0.0,33120000.0,0.0,14973000.0,46927006.0,16.5421211372259,0.0,0.09313114448963015,0.9828566326378761,0.04510694521873116,16.5421211372259,0.026161492901574452,2.7803370641758596,39.28214562002275,1.0276795737968392,0.0,0.0,0.0,0.03502394341570169,0.0,0.0024789472793624113,-1.8046833220090943,1.0,0.13157894736842102,0.3076028574592627,0.263697916085289,1.7399332103601735,0.16000373622267888,0.14155844155844155,0.6913319238900634,-0.23155105461055867,-0.3686586896269396,-0.46842027100026273,Banks—Regional,Financial Services,34.6,77407466,5368,HVBC
2018,2018-06-30,2018-09-27,770000.0,10706000.0,2365000.0,0.38,10706000.0,1.0,297762000.0,30721000.0,46532000.0,0.0,267041000.0,0.0,13277000.0,37133034.49600001,15.234011998377472,0.0,0.0738845117912964,0.7161225220533186,0.03406436330552104,15.234011998377472,0.02506428827186615,2.7907747521016257,38.802642202597404,0.9725606098759806,1.4168831168831169,0.0,0.036515119498441585,0.03595489014716451,0.0,0.002585957912695374,78.0105339321149,1.0,-0.3214285714285715,0.15369712664283486,0.09723077770188619,1.5232662156879586,0.09412365866121615,0.3532513181019332,0.42900302114803623,0.15369712664283486,0.09723077770188619,1.5232662156879586,Banks—Regional,Financial Services,34.6,77407466,5368,HVBC
2017,2017-06-30,2017-09-28,569000.0,9785000.0,1655000.0,0.56,9785000.0,1.0,216765000.0,31441000.0,29197000.0,0.0,185324000.0,0.0,13547000.0,-4947074.08,31.118795986357256,0.0,0.04151961801951422,0.286250437327057,0.030478600394006863,31.118795986357256,0.018097388759899493,1.495138060296372,25.711644850615112,0.4653136325180497,0.0,0.0,0.0,0.04514105136899407,0.0,0.00262496251701151,1.18336374019251,1.0,0.03703703703703707,0.7016131849807982,1.0016081560361831,4.1543222227752175,-0.013011902360298568,-0.44541910331384016,-0.27949499346974316,0.7016131849807982,1.0016081560361831,4.1543222227752175,Banks—Regional,Financial Services,34.6,77407466,5368,HVBC
2016,2016-06-30,2016-06-30,1026000.0,9914000.0,2297000.0,0.54,9914000.0,1.0,182023000.0,12971000.0,15954000.0,0.0,169052000.0,0.0,12978000.0,30511825.0,6.835836627140975,0.0,0.10987622443317603,1.541901164135379,0.046085514337756636,6.835836627140975,0.07909952972014495,2.616383397216058,25.281505847953216,1.9997552231901934,0.0,0.0,0.0,0.05446564445152536,0.0,0.00563665031342193,-4.059284037558686,1.0,0.8620689655172417,0.6337579617834395,0.07983879751661035,0.13224511173184353,0.0798387975166104,0.6337579617834395,0.4838501291989664,0.6337579617834395,0.07983879751661035,0.13224511173184353,Banks—Regional,Financial Services,34.6,77407466,5368,HVBC
2015,2015-06-30,2015-06-30,628000.0,9181000.0,1548000.0,0.29,9181000.0,1.0,167298000.0,11456000.0,16121000.0,0.0,155842000.0,0.0,11952000.0,17342825.0,6.0374176548089595,0.0,0.041841504381403244,0.6110335195530726,0.06903486511222043,6.0374176548089595,0.054818435754189945,2.825272301492212,41.30386146496815,2.2642130761173185,0.0,0.0,0.0,0.05487812167509474,0.0,0.0037537806787887483,14.458653846153846,1.0,0.0,0.0,0.0,0.0,0.0,0.0,0.0,0.0,0.0,0.0,Banks—Regional,Financial Services,34.6,77407466,5368,HVBC
TTM,,,,,,,,,,,,,,,,114213466.0,21.693860900978773,0.0,0.08737800442820945,1.2603011367566694,0.09016825758166169,21.693860900978773,0.053233386876078294,2.9131215565256663,30.92093884666965,1.5949212617307291,0.0,0.0,0.0,0.042478838114573925,0.0,0.003576138825165658,4.517506040268456,1.0,,,,,,,,,,,Banks—Regional,Financial Services,34.6,77407466,5368,HVBC
