Quarters,Year,Quarter,FillingDate,Date,NetIncome,Revenue,OperatingIncome,EPSDiluted,GrossProfit,GrossProfitRatio,TotalAssets,CommonStockEquity,CurrentAssets,CurrentLiability,TotalLiability,Inventory,RetainedEarnings,MarketCap,EnterpriseValue,bookValuePerShare,currentRatio,debtToAssets,debtToEquity,roic,shareholdersEquityPerShare,roe,priceToSalesRatio,peRatio,pbRatio,payoutRatio,inventoryTurnover,dividendYield,assetTurnover,quickRatio,returnOnAssets,priceToFreeCashFlowsRatio,grossProfitMargin,epsdilutedGrowth,fiveYNetIncomeGrowthPerShare,fiveYRevenueGrowthPerShare,fiveYShareholdersEquityGrowthPerShare,grossProfitGrowth,netIncomeGrowth,operatingIncomeGrowth,threeYNetIncomeGrowthPerShare,threeYRevenueGrowthPerShare,threeYShareholdersEquityGrowthPerShare,Industry,Sector,Symbol
2023Q1,2023,Q1,2023-05-23,2023-03-31,3600665.0,0.0,-948555.0,0.0963,0.0,0.0,313319134.0,297317440.0,813634.0,2545694.0,16001694.0,0.0,-13478060.0,77590500.0,77094366.0,39.77490836120401,0.31961186222696053,0.0,0.0,-0.002679559869005665,39.77490836120401,0.012110507207380772,0.0,5.38723402482597,0.26096854594200736,0.0,0.0,0.0,0.0,0.19489145199698,0.0114920048259804,-336.7409381292966,0.0,1.283235294117647,356.10217164046634,0.0,57847.110743608704,0.0,2.5626303582948444,-1.6114517287991872,356.10217164046634,0.0,57847.110743608704,Shell Companies,Financial Services,JUN
2022Q4,2022,Q4,2023-04-06,2022-12-31,1010676.0,0.0,-363229.0,-0.34,0.0,0.0,310462121.0,293716775.0,1199849.0,1375096.0,16745346.0,0.0,-14497222.0,304083000.0,303433889.0,9.823303511705685,0.8725565342347007,0.0,0.0,-0.000794483760086686,9.823303511705685,0.003440988346681935,0.0,75.21772556190115,1.0352932684896872,0.0,0.0,0.0,0.0,0.4720477697557116,0.003255392305974744,-1097.1665469975069,0.0,-5.857142857142857,1.1065594165883645,0.0,11337.717539439333,0.0,-0.6074594953596626,-0.13940255153094994,1.1065594165883645,0.0,11337.717539439333,Shell Companies,Financial Services,JUN
2022Q3,2022,Q3,2022-11-14,2022-09-30,2574705.0,0.0,-318789.0,0.07,0.0,0.0,308035238.0,292706099.0,1343367.0,751489.0,15329139.0,0.0,-13391804.0,373376250.0,372572597.0,7.831601311036789,1.7876070042276069,0.0,0.0,-0.0009633523780795304,7.831601311036789,0.008796212339941711,0.0,36.25427476157463,1.2756011961336002,0.0,0.0,0.0,0.0,1.0694141896953915,0.008358475532594748,-1151.6280812791472,0.0,-0.5882352941176471,0.0,0.0,0.0,0.0,-0.5988394458769292,0.17379213468585913,0.0,0.0,0.0,Shell Companies,Financial Services,JUN
2022Q2,2022,Q2,2022-08-15,2022-06-30,6418141.0,0.0,-385846.0,0.17,0.0,0.0,306805700.0,290131394.0,1444853.0,526406.0,16674306.0,0.0,-14849354.0,371133750.0,370210498.0,7.762712882943144,2.744750249807183,0.0,0.0,-0.0013324969004658304,7.762712882943144,0.022121497820397885,0.0,14.456434892907462,1.2791919718967055,0.0,0.0,0.0,0.0,1.7538781852790433,0.02091923650701405,-1178.2547478300623,0.0,-0.721311475409836,0.0,0.0,0.0,0.0,-0.7165145339867225,0.04131923394189964,0.0,0.0,0.0,Shell Companies,Financial Services,JUN
2022Q1,2022,Q1,2022-05-16,2022-03-31,22640106.0,0.0,-402476.0,0.61,0.0,0.0,307000003.0,283713253.0,1761647.0,558650.0,23286750.0,0.0,-21267495.0,74376250.0,73048812.0,37.95495023411371,3.1534001611026583,0.0,0.0,-0.0028885528393982887,37.95495023411371,0.07979925421390167,0.0,0.8212886679947522,0.2621528928012397,0.0,0.0,0.0,0.0,2.376153226528238,0.07374627289498756,-1646.6215767451129,0.0,2.9062499999999996,2233.7961103769308,0.0,55200.27876571073,0.0,2.9096260220753085,-0.45884894485403394,2233.7961103769308,0.0,55200.27876571073,Shell Companies,Financial Services,JUN
2021Q4,2021,Q4,2022-03-31,2021-12-31,-11855780.0,0.0,-275886.0,-0.32,0.0,0.0,307589.83,-32385.562,2251.115,751.892,34995.392,0.0,-32386.31,375618750.0,375616945.168,-0.000866503331103679,2.993933969240263,0.0,0.0,16.65014066438366,-0.000866503331103679,366.08226838861094,0.0,-7.920582829640901,-11598.339716939296,0.0,0.0,0.0,0.0,2.400387289663941,-38.544122216264434,-61769.24025653675,0.0,0.0,0.0,0.0,0.0,0.0,0.0,0.0,0.0,0.0,0.0,Shell Companies,Financial Services,JUN
2021Q1,2021,Q1,2021-03-31,2021-03-31,-50699.0,0.0,-50699.0,-0.001356,0.0,0.0,12507198.0,-25699.0,12110602.0,12532897.0,12532897.0,0.0,-50699.0,366275000.0,366409115.0,-0.0006875986622073578,0.9663050769506842,0.9790136048058086,-476.466671854936,-0.00414918776615273,-0.0006875986622073578,1.972800498073855,0.0,-1806.125367364248,-14252.500097280052,0.0,0.0,0.0,0.0,0.9663050769506842,-0.0040535857831626235,0.0,0.0,0.0,0.0,0.0,0.0,0.0,0.0,0.0,0.0,0.0,0.0,Shell Companies,Financial Services,JUN
2021Q3,2021,Q3,2021-09-30,2021-09-30,,,,,,,630791.0,-25758.0,40.0,656549.0,656549.0,0.0,-50758.0,0.0,253235.0,0.0,6.092462253388551e-05,0.40151967925984994,-9.832867458653622,,0.0,,0.0,0.0,0.0,0.0,0.0,,,6.092462253388551e-05,,0.0,0.0,0.0,0.0,0.0,0.0,0.0,0.0,0.0,0.0,0.0,0.0,Shell Companies,Financial Services,JUN
