Quarters,Year,Quarter,FillingDate,Date,NetIncome,Revenue,OperatingIncome,EPSDiluted,GrossProfit,GrossProfitRatio,TotalAssets,CommonStockEquity,CurrentAssets,CurrentLiability,TotalLiability,Inventory,RetainedEarnings,MarketCap,EnterpriseValue,bookValuePerShare,currentRatio,debtToAssets,debtToEquity,roic,shareholdersEquityPerShare,roe,priceToSalesRatio,peRatio,pbRatio,payoutRatio,inventoryTurnover,dividendYield,assetTurnover,quickRatio,returnOnAssets,priceToFreeCashFlowsRatio,grossProfitMargin,epsdilutedGrowth,fiveYNetIncomeGrowthPerShare,fiveYRevenueGrowthPerShare,fiveYShareholdersEquityGrowthPerShare,grossProfitGrowth,netIncomeGrowth,operatingIncomeGrowth,threeYNetIncomeGrowthPerShare,threeYRevenueGrowthPerShare,threeYShareholdersEquityGrowthPerShare,Industry,Sector,Symbol
2023Q1,2023,Q1,2023-04-04,2023-03-31,-30074000.0,139000.0,-23431000.0,-0.58,-195000.0,-1.4028776978,251408000.0,113735000.0,137365000.0,60468000.0,130919000.0,26960000.0,-469294000.0,99303031.64,89901031.64,2.2104919293479086,2.2716974267381094,0.29479173295996947,0.6516287862135666,-0.10362717182442292,2.2104919293479086,-0.26442168198004135,714.4102995683453,-0.8254890573252643,0.8731088199762606,0.0,0.012388724035608308,0.0,0.0005528861452300642,1.8196732155851028,-0.11962228727805002,-3.479555402782158,-1.4028776978417266,-0.017543859649122823,0.1668410107867812,-0.9275880803355486,-0.47369459232967653,-1.0127168383983305,-0.17010349389152596,-3.1397526501766784,0.1668410107867812,-0.9275880803355486,-0.47369459232967653,Biotechnology,Healthcare,CLLS
2022Q4,2022,Q4,2022-12-31,2022-12-31,-25702000.0,16024000.0,-5660000.0,-0.57,15334000.0,0.9569395906,261216000.0,117968000.0,143811000.0,62995000.0,135275000.0,21768000.0,-439504000.0,95443221.3,80595221.3,2.595603926876261,2.2828954678942774,0.3171666360406713,0.7023006238980063,-0.022008486408486187,2.595603926876261,-0.21787264342872645,5.956266930853719,-0.9283637586569139,0.8090602646480402,0.0,0.03169790518191841,0.0,0.06134386867573196,1.9187554567822842,-0.09839366654416269,56.9130717352415,0.9569395906140788,-0.05555555555555539,0.24987837750099878,1.1962712067942645,-0.650248852785409,103.22666666666667,-0.04162107396149949,0.8293227187745009,0.3578884466869518,2.3756005298719263,-0.6503287604311001,Biotechnology,Healthcare,CLLS
2022Q3,2022,Q3,2022-09-30,2022-09-30,-24675000.0,217000.0,-33162000.0,-0.54,-150000.0,-0.6912442396,279580000.0,136641000.0,140272000.0,53030000.0,133968000.0,0.0,-409921000.0,104287321.35000001,81920321.35000001,3.0004403790355862,2.645144257967188,0.34566492596036913,0.7072620955642889,-0.08585122106798841,3.0004403790355862,-0.18058269479877928,480.5867343317973,-1.056609132218845,0.7632212977803149,0.0,0.0,0.0,0.0007761642463695543,2.891212521214407,-0.08825738607911868,-3.8719581699710406,-0.6912442396313364,-4.68421052631579,0.2558939159360566,-0.9720435371465377,-0.6183858553382883,-1.1472031403336604,-4.706521739130435,0.026850955189717404,-0.4374795522475737,-0.9761717737164632,-0.6261237826219805,Biotechnology,Healthcare,CLLS
2022Q2,2022,Q2,2022-08-31,2022-06-30,-4324000.0,1348000.0,-34077000.0,-0.095,1019000.0,0.7559347181,320883000.0,168933000.0,175167000.0,55282000.0,140362000.0,30194000.0,-371670000.0,128787416.43,93303416.43,3.712166943420685,3.1686082269093014,0.29280454246563387,0.5561731574055987,-0.022437424148421353,3.712166943420685,-0.025595946321914604,95.53962643175075,-7.446080968432008,0.7623579551064623,0.0,0.010896204543949128,0.0,0.0042009081191586965,2.622408740638906,-0.013475316548399261,-5.179049198938352,0.7559347181008902,0.8642857142857143,0.8773660366217684,-0.843986414915069,-0.5072136408674498,-0.22332317073170732,0.8644981354391903,0.03322174307762143,0.8794348768325972,0.09126591917005675,-0.5669716508941951,Biotechnology,Healthcare,CLLS
2022Q1,2022,Q1,2022-03-31,2022-03-31,-31911000.0,1697000.0,-35248000.0,-0.7,1312000.0,0.7731290513,347191000.0,191044000.0,195175000.0,52337000.0,144137000.0,6548000.0,-727973000.0,206508605.58,150386605.58,4.200017512897294,3.729197317385406,0.2844140545117817,0.5168756935575051,-0.08795218880305006,4.200017512897294,-0.16703481920395302,121.69039810253389,-1.617848121180784,1.0809478736835494,0.0,0.058796579108124615,0.0,0.004887799510932023,3.604104171045341,-0.09191194472206941,-5.491958022977501,0.7731290512669416,-0.11111111111111104,0.0,0.0,0.0,-0.8682334036356332,-0.1814950572031545,-0.3521040316084238,0.0,0.0,0.0,Biotechnology,Healthcare,CLLS
2021Q4,2021,Q4,2021-12-31,2021-12-31,-27009000.0,12205000.0,-26069000.0,-0.63,9957000.0,0.8158131913,382076000.0,221293000.0,225429000.0,49348000.0,145602000.0,0.0,-698326000.0,347082993.32,262317993.32,5.17714550866315,4.568148658506931,0.2640076843350538,0.4558255344723963,-0.06236748955236365,5.17714550866315,-0.12205085565291265,28.437770857845145,-3.2126605327853675,1.5684318677951854,0.0,0.0,0.0,0.031943906447931825,4.401556294074735,-0.07069012447785257,-16.00124444792771,0.8158131913150348,0.2317073170731707,-1.2967534373273255,0.775201606726457,-0.32787853317836524,12.03880266075388,0.2780851575655521,0.3847007175226586,-0.15224699961613827,12.941648964821837,-0.4633130849462918,Biotechnology,Healthcare,CLLS
2021Q3,2021,Q3,2021-09-30,2021-09-30,-37413000.0,8312000.0,-42368000.0,-0.82,-902000.0,-0.10851780558229067,412886000.0,237967000.0,235849000.0,49603000.0,150739000.0,1674000.0,-675924000.0,573401629.97,465981629.97,5.233267073476924,4.75473257665867,0.2501634833828224,0.43404757802552457,-0.10014536773309066,5.233267073476924,-0.15721927830329416,68.98479667589028,-3.831566768035175,2.409584648165502,0.0,5.5041816009557945,0.0,0.02013146485954961,4.4620889865532325,-0.09061338965234957,-15.973970079396034,-0.10851780558229067,0.06818181818181825,-1.058228807695582,-0.4294835423698513,-0.3500605513565844,-0.5578583765112263,0.06277712367544278,-0.13038606227155092,-0.5302938017807378,7.5672081200704175,-0.4845617274944014,Biotechnology,Healthcare,CLLS
2021Q2,2021,Q2,2021-06-30,2021-06-30,-39919000.0,11176000.0,-37481000.0,-0.88,-579000.0,-0.05180744452397996,457565000.0,275865000.0,280352000.0,51446000.0,155242000.0,2468000.0,-638071000.0,703286465.7,560651465.7,6.068126941348589,5.449442133499203,0.23076721340137465,0.382763308139851,-0.0806199049278355,6.068126941348589,-0.14470483751110144,62.928280753400145,-4.404459440993011,2.5493863509325214,0.0,4.762965964343598,0.0,0.024424945089768668,5.1231777008902535,-0.08724224973501032,-40.01402285502959,-0.05180744452397996,0.0,-3.454491708458892,-0.5070351719807444,-0.2444861254808563,0.0,0.0,0.0,-4.108893810517386,1.0555380432379915,-0.4278276789669428,Biotechnology,Healthcare,CLLS
2020Q4,2020,Q4,2020-12-31,2020-12-31,-39469000.0,13912000.0,-38174000.0,-0.95,-4204000.0,-0.30218516388729155,469471000.0,275573000.0,315362000.0,52015000.0,160625000.0,1606000.0,-587035000.0,1152471761.76,1018002761.76,6.47044520085422,6.062904931269826,0.2272323530100901,0.3871170252528368,-0.08214550086935564,6.47044520085422,-0.1432252071139045,82.84012088556642,-7.299854073830094,4.182092446502378,0.0,11.280199252801992,0.0,0.029633353284867436,5.525963664327598,-0.0840712205865751,-22.214610184467702,-0.30218516388729155,-0.3380281690140845,-4.278744169511085,-0.6010490990762181,-0.20917050706328136,-1.5634146341463415,-0.302736244512658,-0.30051442782679794,-0.22926122147994585,1.0348288853922958,-0.12812366765393915,Biotechnology,Healthcare,CLLS
2020Q3,2020,Q3,2020-09-30,2020-09-30,-30297000.0,6180000.0,-29353000.0,-0.71,-1640000.0,-0.26537216828478966,484957000.0,290369000.0,345718000.0,56613000.0,158747000.0,6262000.0,-550191000.0,785993460.5,628213460.5,6.834441722432117,6.106689276314627,0.2127219526679685,0.35527552872379625,-0.05961694694938663,6.834441722432117,-0.10433965058253464,127.18340784789645,-6.485736710730436,2.706878008671725,0.0,1.2488022995847972,0.0,0.01274339786826461,5.556727253457686,-0.06247358013184674,-24.60458477069964,-0.26537216828478966,0.06578947368421058,-0.7422341387901731,-0.4030518434272133,-0.10925591002987581,0.43969935087119916,0.06093667668846667,0.11134994399200751,0.020676565350392494,-0.1465859483074243,-0.1307543884659489,Biotechnology,Healthcare,CLLS
2020Q2,2020,Q2,2020-06-30,2020-06-30,-32263000.0,2900000.0,-33031000.0,-0.76,-2927000.0,-1.0093103448275862,472696000.0,307606000.0,347927000.0,53052000.0,127637000.0,5710000.0,-520754000.0,756010322.0,570581322.0,7.2424762475663655,6.558225891578075,0.15925880481324148,0.24473189729719186,-0.07315382434754877,7.2424762475663655,-0.10488417000968772,260.6932144827586,-5.858183693394911,2.4577229377840486,0.0,1.020490367775832,0.0,0.006135021239866637,6.10557566161502,-0.06825316905579908,-20.883686141266814,-1.0093103448275862,0.0,-0.07071627387476868,-0.7088816898854312,-0.0690090907568465,0.0,0.0,0.0,0.01958691263748442,-0.6403750660068859,-0.03856869706041566,Biotechnology,Healthcare,CLLS
2019Q4,2019,Q4,2019-12-31,2019-12-31,-37388000.0,4434000.0,-38614000.0,-0.88,-1260000.0,-0.28416779431664413,467469000.0,315123000.0,391520000.0,62604000.0,111999000.0,2897000.0,-508481000.0,726783992.32,433868992.32000005,7.422983743462315,6.253913487956041,0.10183990810085802,0.15107434239963444,-0.09410313961451197,7.422983743462315,-0.11864573515738298,163.9115905096978,-4.859741042045576,2.3063501944320155,0.0,1.9654815326199517,0.0,0.009485120938500735,6.009200690051754,-0.07997963501323083,-131.40191508226363,-0.28416779431664413,-1.3157894736842106,0.0,0.0,0.0,-1.2977315689981097,-1.3368960560035001,-0.448876214776181,-2.2012074303372686,-0.35064632997640427,-0.03631321285050276,Biotechnology,Healthcare,CLLS
2019Q3,2019,Q3,2019-09-30,2019-09-30,-15999000.0,8488000.0,-26651000.0,-0.38,4232000.0,0.49858623939679547,480475000.0,340636000.0,410734000.0,51381000.0,98704000.0,3344000.0,-471050000.0,441434957.6,146411957.60000002,8.025223963368324,7.993888791576653,0.09878141422550601,0.1393334820747073,-0.061187896041877125,8.025223963368324,-0.046968024518841224,52.00694599434496,-6.897852328270517,1.2959139891262228,0.0,1.2727272727272727,0.0,0.017665851501118685,7.675619392382398,-0.03329829855871794,-15.700489315692133,0.49858623939679547,0.5189873417721519,0.07909771160250101,-0.17933231556467288,0.04594070830895919,11.557863501483679,0.52166113552785,0.2412742697716791,0.05708094895641917,-0.37586510143655133,-0.0033167494113493907,Biotechnology,Healthcare,CLLS
2019Q2,2019,Q2,2019-06-30,2019-06-30,-33447000.0,1152000.0,-35126000.0,-0.79,337000.0,0.2925347222222222,505323000.0,363824000.0,439163000.0,51821000.0,100215000.0,986000.0,-454869000.0,679047504.0,329894504.0,8.572572560402195,8.474614538507554,0.09462066836459057,0.13142068692554643,-0.07645194710220002,8.572572560402195,-0.09193181318439685,589.4509583333333,-5.075548659072562,1.8664175645366992,0.0,0.8265720081135902,0.0,0.0022797299944787787,8.202832828390035,-0.06618934819907267,-28.01351089108911,0.2925347222222222,0.0,0.0,0.0,9.680787589397784,0.0,0.0,0.0,-2.9979507813592114,-0.945569315996666,0.06733059019799745,Biotechnology,Healthcare,CLLS
2018Q4,2018,Q4,2018-12-31,2018-12-31,-23268000.0,869000.0,-29449000.0,-0.53,146000.0,0.16800920598388952,500840000.0,409301000.0,487641000.0,46869000.0,50569000.0,275000.0,-405321000.0,706460165.9999999,256310165.99999988,9.646491023812374,10.404339755488703,0.0026974682533343983,0.0033007493262904317,-0.07147763487159074,9.646491023812374,-0.0568481386559036,812.9576133486765,-7.590469378545642,1.7260162227798124,0.0,2.629090909090909,0.0,0.0017350850571040651,10.112377050929185,-0.046457950642919896,-30.618479001430238,0.16800920598388952,0.018518518518518535,0.0,0.0,0.0,2.945945945945946,-0.02030256522692392,-0.018855521727096595,-2.9401688288760774,-0.9749862550601555,0.17901154683653173,Biotechnology,Healthcare,CLLS
2018Q3,2018,Q3,2018-09-30,2018-09-30,-22805000.0,905000.0,-28904000.0,-0.54,37000.0,0.04088397790055249,519799000.0,430648000.0,509491000.0,45362000.0,48479000.0,223000.0,-381909000.0,1185941769.72,710652769.72,10.153043250043256,11.231669679467396,0.0009349767891050194,0.0011285318868310083,-0.0669970469748877,10.153043250043256,-0.05295508164440564,1310.432894718232,-13.000896401227802,2.753854121509911,0.0,3.89237668161435,0.0,0.0017410576011111989,10.915215378510648,-0.0438727277274485,-73.0214746456499,0.04088397790055249,-2.176470588235294,-0.3135843781803706,-0.9124375861392101,0.32326291414608216,-0.9917594654788419,-2.1429162072767367,-0.33222713864306785,-0.3135843781803706,-0.9124375861392101,0.32326291414608216,Biotechnology,Healthcare,CLLS
2018Q2,2018,Q2,2018-06-30,2018-06-30,-7256000.0,5049000.0,-21696000.0,-0.17,4490000.0,0.8892850069320658,534066000.0,447728000.0,524576000.0,42008000.0,45292000.0,231000.0,-359278000.0,1194316383.8999999,724104383.8999999,10.605418539632579,12.487526185488479,0.0018780450356323001,0.0022401994067826896,-0.04832480254453606,10.605418539632579,-0.01620626809134117,236.54513446226971,-41.14926901529768,2.667504341698531,0.0,2.41991341991342,0.0,0.009453887721742257,12.158112740430393,-0.013586335771234267,-91.20400029782358,0.8892850069320658,0.0,0.0,0.0,0.0,0.0,0.0,0.0,0.7577363759298033,-0.49008454577486027,0.36328348366133273,Biotechnology,Healthcare,CLLS
2017Q4,2017,Q4,2017-12-31,2017-12-31,-27102000.0,5771000.0,-27565000.0,-0.76,4899000.0,0.8488996707676313,332882000.0,266791000.0,323221000.0,43534000.0,46978000.0,250000.0,-351295000.0,1047925622.15,791579622.15,7.42128781434338,7.424564708044287,0.0001021382952517709,0.0001274405808291884,-0.10329424902289223,7.42128781434338,-0.10158513593037247,181.5847551810778,-9.666497141816102,3.9278897044877823,0.0,3.488,0.0,0.017336473585234408,7.159369688059908,-0.08141623758569103,-104.41666223096851,0.8488996707676313,-0.04109589041095894,0.0,0.0,0.0,-0.11777417612101566,-0.03624684560679055,-0.07244290549741275,0.0,0.0,0.0,Biotechnology,Healthcare,CLLS
2017Q3,2017,Q3,2017-09-30,2017-09-30,-26154000.0,6122000.0,-25703000.0,-0.73,5553000.0,0.9070565174779484,349395000.0,282405000.0,338707000.0,48543000.0,49257000.0,125000.0,-323679000.0,1021866388.75,758050388.75,7.862497816204839,6.977463279978576,0.00013165614848523877,0.00016288663444344117,-0.09098568116249846,7.862497816204839,-0.09261167472247304,166.91708408199935,-9.767783023151335,3.618442976399143,0.0,4.552,0.0,0.017521716109274603,6.715654162289105,-0.07485510668441163,-69.85709371543261,0.9070565174779484,0.061553116736364634,-0.7790181232756139,-0.30051754433986677,0.02473234049250178,-0.09939406122446012,0.050735221922349326,-0.24549842073172615,-0.7790181232756139,-0.30051754433986677,0.02473234049250178,Biotechnology,Healthcare,CLLS
2017Q2,2017,Q2,2017-06-30,2017-06-30,-27551849.182653,6751547.181898,-20636718.258462,-0.777881,6165848.747955,0.9132497458488696,328638594.323759,267874669.686674,308602445.748539,56524474.64452,57197112.689751,130409.416933,-298739375.636318,918161472.16,686425082.2129639,7.533014813874307,5.45962519226099,0.0002749872948883489,0.00033736462710231283,-0.07699727692557137,7.533014813874307,-0.10285350688394568,135.9927506130359,-8.331214595371755,3.42757855094679,0.0,4.491228070162389,0.0,0.02054398752462621,5.20907876629158,-0.0838363164233542,-68.35231351696822,0.9132497458488696,0.0,0.0,0.0,0.0,0.0,0.0,0.0,0.0,0.0,8.385575982923326,Biotechnology,Healthcare,CLLS
2016Q4,2016,Q4,2016-12-31,2016-12-31,-9721262.221175,5683536.187723,-16864697.736565,-0.368096,5156702.0455249995,0.9073052190050247,330678137.226032,272175129.359303,311786420.428253,56043077.699718,56632030.625552,117790.585167,-229766311.892642,598929267.0,346696504.39009696,7.702693284214121,5.563335084822115,0.005308152737403947,0.006449119959813859,-0.06155050204137545,7.702693284214121,-0.03571693800259684,105.37968743715338,-15.402559188646388,2.2005290064888454,0.0,4.4726337122026365,0.0,0.01718751724985698,5.4318983636090845,-0.029397958700033804,192.84156643266195,0.9073052190050247,0.08859380454940491,0.0,0.0,0.0,-0.5300124810532487,0.31174390043952915,-0.30095343785933976,0.0,0.0,0.0,Biotechnology,Healthcare,CLLS
2016Q3,2016,Q3,2016-09-30,2016-09-30,-14124483.934662,11320902.889966,-12963336.923353,-0.403877,10971997.845988,0.9691804578336907,352469260.455933,284503455.394005,333471324.717286,65621073.415904,66315517.860348,118919.404057,-231490082.570454,850832413.76,644020351.293657,8.051930198113142,5.081771866238102,0.0062353386785165416,0.00772491571206172,-0.045202757153027864,8.051930198113142,-0.049646089236776374,75.15587952919498,-15.05953098350068,2.9905872762834944,0.0,2.933962264146263,0.0,0.03211883747059804,4.964319906995813,-0.040072952507663843,-183.5360840830107,0.9691804578336907,-1.0171661172710018,0.023349578759401093,0.31488831392737643,0.04942137604019799,-0.3649690476069189,-1.0300643168824655,-0.16332297139780025,0.023349578759401093,0.31488831392737643,0.04942137604019799,Biotechnology,Healthcare,CLLS
2016Q2,2016,Q2,2016-06-30,2016-06-30,-6957653.418761,17601583.964583,-11143368.81681,-0.20022,17277894.572919,0.9816102123357018,358602240.242044,283488504.02109,339454511.073292,73147128.508025,73816753.984939,139041.834907,-215289040.166405,938515774.03,738534683.7195469,8.031787563412683,4.640708637469621,0.006858216987657439,0.008675385212999806,-0.03895644328995041,8.031787563412683,-0.024542982590374775,53.31996119885762,-33.72242470066612,3.310595529334691,0.0,2.3280000000036245,0.0,0.04908386504418529,4.529105839416101,-0.019402147108910493,-72.8340744812687,0.9816102123357018,0.0,0.0,0.0,0.0,0.0,0.0,0.0,0.0,0.0,0.0,Biotechnology,Healthcare,CLLS
2015Q4,2015,Q4,2015-12-31,2015-12-31,9929234.611691,28763206.521126,2247731.871942,0.25146,27354639.91111,0.9510288740241309,372883913.148055,287422648.853126,365401351.321803,84118688.911727,84668620.033674,172741.783832,-172448778.781186,1090062644.45,748677867.593026,8.181846097856619,4.343878346763704,0.00582592021392042,0.0075581793422448765,0.00775736220834281,8.181846097856619,0.034545762664531264,37.89781377988476,27.44578729075767,3.792542615550892,0.0,8.154174275437038,0.0,0.0771371612100237,4.28692487652715,0.02662821929716383,39.35214494446538,0.9510288740241309,1.6207785282616425,0.0,0.0,0.0,2.3458421591244933,1.691243042178292,1.1485555697591285,0.0,0.0,0.0,Biotechnology,Healthcare,CLLS
2015Q3,2015,Q3,2015-09-30,2015-09-30,-14364317.621775,8551528.585735,-15130579.591102,-0.405072,8175711.408415001,0.9560526315790011,339955892.115716,269270757.14784,332832243.763573,69886242.165787,70390332.271894,200285.801087,-186698997.445793,925091099.0799999,614196901.7422249,7.672733167010231,4.7624859120914635,0.010111574857096252,0.012765921883421174,-0.05548266244161719,7.672733167010231,-0.053345256551153956,108.17844901122888,-16.100505492820034,3.4355423844709927,0.0,1.8764044943792737,0.0,0.025154817975104212,4.643761069071017,-0.04225347450923309,-168.93685578207723,0.9560526315790011,0.42673974789523517,0.0,0.0,0.0,0.05093725166007093,0.42222600806541377,-0.11249564174783655,0.0,0.0,0.0,Biotechnology,Healthcare,CLLS
2015Q2,2015,Q2,2015-06-30,2015-06-30,-24861481.863658,8219116.62442,-13600574.261424,-0.706611,7779447.722022001,0.9465065502183423,344649947.284596,272612665.156239,337073509.948631,71311604.118531,71854460.620472,199645.573028,-171783799.546872,1264360496.08,949449887.9461249,7.7793200509918154,4.726769424347295,0.010166524018573686,0.0128530050687882,-0.04920307732260142,7.7793200509918154,-0.09119709038246429,153.83167727824062,-12.714050021372781,4.637937475705222,0.0,2.202247191007521,0.0,0.02384772343409945,4.612315193457065,-0.07213545819326221,-67.49753476023425,0.9465065502183423,0.0,0.0,0.0,0.0,0.0,0.0,0.0,0.0,0.0,0.0,Biotechnology,Healthcare,CLLS
2014Q2,2014,Q2,2014-06-30,2014-06-30,0.0,0.0,0.0,0.0,0.0,0.0,58593686.048733,28126279.025349,50145979.426451,26959807.907446,31376026.631013,376545.062621,-6181614.778029,1454294916.5,1432179715.539537,0.8026161449846362,1.8600273265523244,0.09322902114184574,0.1942180830422953,,0.8026161449846362,0.0,0.0,0.0,51.70591229608819,0.0,0.0,,0.0,1.6644400587015156,0.0,0.0,0.0,0.0,0.0,0.0,0.0,0.0,0.0,0.0,0.0,0.0,0.0,Biotechnology,Healthcare,CLLS
2014Q4,2014,Q4,2014-12-31,2014-12-31,,,,,,,167340337.565057,73916532.905297,160514859.672163,91036772.216547,94954764.336787,164161.681016,24320.249039,0.0,-132133129.043242,0.0,1.7631870700594496,0.026785065472988204,0.06063896291908999,,0.0,,0.0,0.0,0.0,0.0,,,,1.7164095371669117,,0.0,0.0,0.0,0.0,0.0,0.0,0.0,0.0,0.0,0.0,0.0,0.0,Biotechnology,Healthcare,CLLS
2013Q4,2013,Q4,2013-12-31,2013-12-31,,,,,,,44113341.986799,6948548.703361,27541495.208374,32200557.872352,37463061.669751,506780.0823,-84278770.47143,0.0,-4823386.450883,0.0,0.8553111196878251,0.1272772804106791,0.8080286168520652,,0.0,,0.0,0.0,0.0,0.0,,,,0.8252069128178776,,0.0,0.0,0.0,0.0,0.0,0.0,0.0,0.0,0.0,0.0,0.0,0.0,Biotechnology,Healthcare,CLLS
2013Q2,2013,Q2,2013-06-30,2013-06-30,,,,,,,90933336.802664,53888686.511241,31014519.150708,29584721.065779,34701550.791007,493078.68443,-22810418.401332,0.0,-11150863.863448,0.0,1.0483289357959458,0.01390657414692994,0.023466357644664707,,0.0,,0.0,0.0,0.0,0.0,,,,1.0317062445030798,,0.0,0.0,0.0,0.0,0.0,0.0,0.0,0.0,0.0,0.0,0.0,0.0,Biotechnology,Healthcare,CLLS
2012Q4,2012,Q4,2012-12-31,2012-12-31,,,,,,,115105668.262491,78927182.796837,51466659.613299,28355860.025921,33419737.085725,935012.034808,-28904700.187796,0.0,-23166344.856772,0.0,1.815027284175182,0.04930143848522573,0.07190013404825872,,0.0,,0.0,0.0,0.0,0.0,,,,1.782006436266952,,0.0,0.0,0.0,0.0,0.0,0.0,0.0,0.0,0.0,0.0,0.0,0.0,Biotechnology,Healthcare,CLLS
2012Q2,2012,Q2,2012-06-30,2012-06-30,,,,,,,117350517.160617,87633721.151046,54361999.77212,22358809.454481,26812594.15868,840623.377939,-79457899.201155,0.0,-29748445.986149002,0.0,2.4313459034029714,0.04679914557577332,0.06266884327011656,,0.0,,0.0,0.0,0.0,0.0,,,,2.393748938338692,,0.0,0.0,0.0,0.0,0.0,0.0,0.0,0.0,0.0,0.0,0.0,0.0,Biotechnology,Healthcare,CLLS
2011Q4,2011,Q4,2011-12-31,2011-12-31,,,,,,,131886462.316117,37021579.936491,70626660.618236,26958719.460826,94864882.379625,811353.768388,-67181647.33329,0.0,14149439.440089002,0.0,2.619807692307654,0.5238067159998863,1.8660201652430037,,0.0,,0.0,0.0,0.0,0.0,,,,2.445144230769198,,0.0,0.0,0.0,0.0,0.0,0.0,0.0,0.0,0.0,0.0,0.0,0.0,Biotechnology,Healthcare,CLLS
2010Q4,2010,Q4,2010-12-31,2010-12-31,,,,,,,69231280.75542,50127676.552733,47567495.677617,17019550.472137,19103604.202687,203484.505918,-10723500.465487,0.0,-30162255.619099,0.0,2.794873798546593,0.026299106714047882,0.036321668302771816,,0.0,,0.0,0.0,0.0,0.0,,,,2.5886535906853503,,0.0,0.0,0.0,0.0,0.0,0.0,0.0,0.0,0.0,0.0,0.0,0.0,Biotechnology,Healthcare,CLLS
2010Q2,2010,Q2,2010-06-30,2010-06-30,,,,,,,72336355.217624,59699273.772969,54937369.011064,10787395.818102,12637081.444656,171808.743968,0.0,0.0,-46508992.542769,0.0,5.092736925336074,0.0,0.0,,0.0,,0.0,0.0,0.0,0.0,,,,4.9577544335253485,,0.0,0.0,0.0,0.0,0.0,0.0,0.0,0.0,0.0,0.0,0.0,0.0,Biotechnology,Healthcare,CLLS
2009Q4,2009,Q4,2009-12-31,2009-12-31,,,,,,,91339045.217491,73220528.397043,74757865.780274,15442145.681701,18118516.820448,169064.12975,0.0,0.0,-62709897.415325,0.0,4.841157914269799,0.028642687957833073,0.035730359064667094,,0.0,,0.0,0.0,0.0,0.0,,,,4.393765077008728,,0.0,0.0,0.0,0.0,0.0,0.0,0.0,0.0,0.0,0.0,0.0,0.0,Biotechnology,Healthcare,CLLS
2009Q2,2009,Q2,2009-06-30,2009-06-30,,,,,,,58934283.629833,43094449.744655,44446938.66098,14233402.547842,15839833.885179,169762.612941,-3882092.14883,0.0,-37983332.398002,0.0,3.1227205519961094,0.0,0.0,,0.0,,0.0,0.0,0.0,0.0,,,,2.922227698373582,,0.0,0.0,0.0,0.0,0.0,0.0,0.0,0.0,0.0,0.0,0.0,0.0,Biotechnology,Healthcare,CLLS
2008Q4,2008,Q4,2008-12-31,2008-12-31,,,,,,,60831918.033243,46210708.021271,48142940.668764,12780855.862127,14621210.011972,168443.912353,0.0,0.0,-39780605.284406,0.0,3.766801002069357,0.0,0.0,,0.0,,0.0,0.0,0.0,0.0,,,,3.5060450931270135,,0.0,0.0,0.0,0.0,0.0,0.0,0.0,0.0,0.0,0.0,0.0,0.0,Biotechnology,Healthcare,CLLS
