Quarters,Year,Quarter,FillingDate,Date,NetIncome,Revenue,OperatingIncome,EPSDiluted,GrossProfit,GrossProfitRatio,TotalAssets,CommonStockEquity,CurrentAssets,CurrentLiability,TotalLiability,Inventory,RetainedEarnings,MarketCap,EnterpriseValue,bookValuePerShare,currentRatio,debtToAssets,debtToEquity,roic,shareholdersEquityPerShare,roe,priceToSalesRatio,peRatio,pbRatio,payoutRatio,inventoryTurnover,dividendYield,assetTurnover,quickRatio,returnOnAssets,priceToFreeCashFlowsRatio,grossProfitMargin,epsdilutedGrowth,fiveYNetIncomeGrowthPerShare,fiveYRevenueGrowthPerShare,fiveYShareholdersEquityGrowthPerShare,grossProfitGrowth,netIncomeGrowth,operatingIncomeGrowth,threeYNetIncomeGrowthPerShare,threeYRevenueGrowthPerShare,threeYShareholdersEquityGrowthPerShare,Industry,Sector,Symbol
2023Q1,2023,Q1,2023-05-12,2023-03-31,-8350000.0,2529000.0,-6770000.0,-0.3,1682000.0,0.6650850138,24846000.0,6620000.0,15453000.0,8213000.0,18226000.0,4841000.0,-451091000.0,21367400.0,24047400.0,0.23546149742130534,1.8815292828442713,0.4054173710053932,1.5216012084592145,-0.4000857506072822,0.23546149742130534,-1.2613293051359518,8.448952155001978,-0.63974251497006,3.2277039274924473,0.0,0.1749638504441231,0.0,0.10178700796908959,1.0135151588944356,-0.33607019238509217,-4.292366412213741,0.6650850138394623,0.11764705882352951,0.0,0.0,0.0,0.09433962264150944,0.08302218317592797,0.15364420552569072,0.0,0.0,0.0,Health Information Services,Healthcare,OTRKP
2022Q4,2022,Q4,2023-04-17,2022-12-31,-9106000.0,2510000.0,-7999000.0,-0.34,1537000.0,0.6123505976,25757000.0,5677000.0,14259000.0,9469000.0,20080000.0,4633000.0,-442741000.0,11083120.0,17315120.0,0.21001035809411067,1.50586123138663,0.43731801063788484,1.9841465562797251,-0.4384553976219995,0.21001035809411067,-1.6040162057424696,4.415585657370518,-0.3042806940478805,1.9522846573894663,0.0,0.21001510900064752,0.0,0.09744923710059401,0.682014996303728,-0.35353496136972473,-6.9356195244055066,0.6123505976095618,0.34615384615384615,0.0,0.0,0.0,0.0923951670220327,0.28658727671576306,0.21028729390857934,0.0,0.0,0.0,Health Information Services,Healthcare,OTRKP
2022Q3,2022,Q3,2022-11-21,2022-09-30,-12764000.0,2843000.0,-10129000.0,-0.52,1407000.0,0.4948997538,30658000.0,13205000.0,19056000.0,7516000.0,17453000.0,0.0,-433635000.0,26529510.000000004,29868510.000000004,0.5425448868071819,2.535391165513571,0.34548894252723594,0.8021204089360091,-0.4030390571678669,0.5425448868071819,-0.9666035592578569,9.33151952163208,-0.5196159119398308,2.00905035971223,0.0,0.0,0.0,0.09273272881466502,1.6305215540180946,-0.4163350512101246,-3.1010531852717715,0.49489975378121703,0.27777777777777773,0.0,0.0,0.0,-0.1708898055391868,0.15234426882720148,0.14953820319059613,0.0,0.0,0.0,Health Information Services,Healthcare,OTRKP
2022Q2,2022,Q2,2022-08-09,2022-06-30,-15058000.0,3903000.0,-11910000.0,-0.72,1697000.0,0.4347937484,34943000.0,19732000.0,22100000.0,8137000.0,15211000.0,0.0,-420871000.0,62860839.99999999,60527839.99999999,0.9448381536104195,2.715988693621728,0.22087399479151762,0.39114129333063047,-0.4112216776084772,0.9448381536104195,-0.763125886884249,16.1057750448373,-1.0436452384114756,3.185730792621123,0.0,0.0,0.0,0.1116961909395301,1.7696939904141575,-0.43093037232063647,-14.885351645749465,0.4347937483986677,-0.014084507042253534,0.0,0.0,0.0,-0.29643449419568824,-0.02820075110959372,0.09395207303157094,0.0,0.0,0.0,Health Information Services,Healthcare,OTRKP
2022Q1,2022,Q1,2022-05-11,2022-03-31,-14645000.0,5258000.0,-13145000.0,-0.71,2412000.0,0.458729555,59683000.0,32083000.0,46631000.0,10440000.0,27600000.0,0.0,-405813000.0,214787678.1,205316678.1,1.5481831781112774,4.466570881226054,0.29785701120922203,0.5540940685098027,-0.25651442330386165,1.5481831781112774,-0.45647227503662374,40.84969153670597,-3.6665701280300445,6.694750431692796,-0.15288494366678046,0.0,0.010424247888920218,0.08809878859976877,3.5623563218390806,-0.24537975637953857,-19.98768640424344,0.4587295549638646,0.29702970297029707,0.0,0.0,0.0,-0.6136472849591542,0.2696124881552042,-0.45570321151716503,0.0,0.0,0.0,Health Information Services,Healthcare,OTRKP
2021Q4,2021,Q4,2022-04-15,2021-12-31,-20051000.0,10332000.0,-9030000.0,-1.01,6243000.0,0.6042392567,93682000.0,45555000.0,80332000.0,10333000.0,48127000.0,0.0,-391168000.0,209568060.0,188199060.0,2.288965933072053,7.774315300493564,0.3998099955167482,0.8221929535726046,-0.10746558656736188,2.288965933072053,-0.44014927011305016,20.283397212543555,-2.612937758715276,4.600330589397431,-0.11181487207620568,0.0,0.010698195135270138,0.11028799555944578,6.580567115068228,-0.21403257829679126,-13.383233922983587,0.604239256678281,-0.9423076923076923,0.0,0.0,0.0,-0.5098916627414036,-0.9470771023499709,-0.6514264813460132,0.0,0.0,0.0,Health Information Services,Healthcare,OTRKP
2021Q3,2021,Q3,2021-11-05,2021-09-30,-10298000.0,18594000.0,-5468000.0,-0.52,12738000.0,0.6850596967,115821000.0,52299000.0,98661000.0,15895000.0,63522000.0,0.0,-371117000.0,327387900.0,300257900.0,2.627826349110642,6.207046240956275,0.4159263000664819,0.921107478154458,-0.0698309896378357,2.627826349110642,-0.19690625059752576,17.607179735398514,-7.947851524567877,6.259926576033958,-0.2208195766168188,0.0,0.00694588895924376,0.16054083456368015,5.395784837999371,-0.08891306412481328,-20.96490138319672,0.6850596966763473,0.0,0.0,0.0,0.0,-0.2909940999666036,-0.7807366418813765,-2.311932162325863,0.0,0.0,0.0,Health Information Services,Healthcare,OTRKP
2021Q2,2021,Q2,2021-08-05,2021-06-30,-5783000.0,26485000.0,-1651000.0,0.0,17966000.0,0.6783462337,133372000.0,59033000.0,115185000.0,26726000.0,74339000.0,0.0,-363234000.0,0.0,-43399000.0,0.0,4.30984808800419,0.36094532585550193,0.8154760896447749,-0.02352603309672204,0.0,-0.09796215675977843,0.0,0.0,0.0,-0.38699636866678194,0.0,,0.19857991182557058,3.8133278455436654,-0.04335992562156975,0.0,0.6783462337171984,0.0,0.0,0.0,0.0,0.1248434760831455,0.28657784357266225,0.4267361111111111,0.0,0.0,0.0,Health Information Services,Healthcare,OTRKP
2021Q1,2021,Q1,2021-05-06,2021-03-31,-8106000.0,28722000.0,-2880000.0,0.0,15972000.0,0.5560894088,144928000.0,56667000.0,125622000.0,40644000.0,88261000.0,0.0,-359517000.0,0.0,-44349000.0,0.0,3.090788308237378,0.3320131375579598,0.8491361815518732,-0.03972524616999065,0.0,-0.1430462173751919,0.0,0.0,0.0,-0.27140389834690354,0.0,,0.19818116582026937,2.7233786044680643,-0.055931221020092736,0.0,0.5560894088155421,0.0,0.0,0.0,0.0,0.00928909952606635,-1.5103747290182719,-0.5789473684210527,0.0,0.0,0.0,Health Information Services,Healthcare,OTRKP
2020Q4,2020,Q4,2021-03-09,2020-12-31,-3229000.0,29251000.0,-1824000.0,0.0,15825000.0,0.5410071451,144701000.0,60751000.0,123638000.0,36410000.0,83950000.0,0.0,-354024000.0,0.0,-38933000.0,0.0,3.395715462784949,0.3315388283425823,0.7896824743625619,-0.013698989795051604,0.0,-0.053151388454511034,0.0,0.0,0.0,0.0,0.0,,0.20214787734708123,2.9666300466904696,-0.022314980546091597,0.0,0.5410071450548699,1.0,0.0,0.0,0.0,0.44467774329012233,0.6127368673542816,0.39361702127659576,0.0,0.0,0.0,Health Information Services,Healthcare,OTRKP
2020Q3,2020,Q3,2020-11-05,2020-09-30,-8338000.0,24022000.0,-3008000.0,-0.36,10954000.0,0.4559986679,83263000.0,15111000.0,74082000.0,20652000.0,68152000.0,0.0,-350795000.0,0.0,-9657000.0,0.0,3.5871586287042416,0.5755017234545957,3.17106743431937,-0.06757662286194328,0.0,-0.5517834689960955,0.0,0.0,0.0,0.0,0.0,,0.2885075003302788,3.2015301181483635,-0.10014051859769646,0.0,0.45599866788776955,0.0,0.0,0.0,0.0,0.4903401360544218,-0.34202478673748593,0.2640078297039393,0.0,0.0,0.0,Health Information Services,Healthcare,OTRKP
2020Q2,2020,Q2,2020-08-05,2020-06-30,-6213000.0,17226000.0,-4087000.0,0.0,7350000.0,0.4266805991,25047000.0,-30044000.0,20863000.0,18260000.0,55091000.0,0.0,-345122000.0,0.0,24584000.0,0.0,1.142552026286966,1.4865652573162456,-1.239315670350153,-0.5712885979646456,0.0,0.20679669817600851,0.0,0.0,0.0,0.0,0.0,,0.6877470355731226,1.0093099671412924,-0.2480536591208528,0.0,0.4266805990943922,0.0,0.0,0.0,0.0,0.4397649363369246,0.18196181698485847,0.3192871419053964,0.0,0.0,0.0,Health Information Services,Healthcare,OTRKP
2020Q1,2020,Q1,2020-05-07,2020-03-31,-7595000.0,12338000.0,-6004000.0,0.0,5105000.0,0.4137623602,22887000.0,-27453000.0,19535000.0,15159000.0,50340000.0,0.0,-338909000.0,0.0,23713000.0,0.0,1.2886733953427008,1.560449163280465,-1.3009142898772448,-0.6770832117191564,0.0,0.2766546461224638,0.0,0.0,0.0,0.0,0.0,,0.5390833224101018,1.1677551289662906,-0.3318477738454144,0.0,0.41376236018803697,0.0,0.0,0.0,0.0,0.05019543303846945,0.26788124156545207,0.14179531160663236,0.0,0.0,0.0,Health Information Services,Healthcare,OTRKP
2019Q4,2019,Q4,2020-03-16,2019-12-31,-10374000.0,11758000.0,-6996000.0,0.0,4861000.0,0.4134206498,23855000.0,-23909000.0,20392000.0,14098000.0,47764000.0,0.0,-331314000.0,0.0,20575000.0,0.0,1.4464463044403462,1.4330329071473487,-1.4297963110125893,-0.6496062433944269,0.0,0.43389518591325443,0.0,0.0,0.0,0.0,0.0,,0.4928945713686858,1.3702652858561497,-0.43487738419618527,0.0,0.41342064977036913,0.0,0.0,0.0,0.0,0.7831988261188555,-0.21149129977811515,-0.25017869907076484,0.0,0.0,0.0,Health Information Services,Healthcare,OTRKP
2019Q3,2019,Q3,2019-11-14,2019-09-30,-8563000.0,8845000.0,-5596000.0,0.0,2726000.0,0.3081967213,24450000.0,-17721000.0,21053000.0,9513000.0,42171000.0,0.0,-322629000.0,0.0,16447000.0,0.0,2.2130768422159153,1.3229856850715747,-1.8253484566333729,-0.44051225057070514,0.0,0.48321200835167316,0.0,0.0,0.0,0.0,0.0,,0.36175869120654397,2.129927467675812,-0.3502249488752556,0.0,0.3081967213114754,0.0,0.0,0.0,0.0,-0.1779252110977081,-0.5597449908925318,-0.14041165681679232,0.0,0.0,0.0,Health Information Services,Healthcare,OTRKP
2019Q2,2019,Q2,2019-08-14,2019-06-30,-5490000.0,7681000.0,-4907000.0,0.0,3316000.0,0.4317146205,16060000.0,-12155000.0,11414000.0,11875000.0,28215000.0,0.0,-314066000.0,0.0,10781000.0,0.0,0.961178947368421,1.1108343711083437,-1.4677087618264089,-0.6793603798919872,0.0,0.4516659810777458,0.0,0.0,0.0,0.0,0.0,,0.4782689912826899,0.9002105263157895,-0.34184308841843086,0.0,0.43171462049212345,0.0,0.0,0.0,0.0,-0.12367864693446089,-0.8794933242040397,-0.9510934393638171,0.0,0.0,0.0,Health Information Services,Healthcare,OTRKP
2019Q1,2019,Q1,2019-05-09,2019-03-31,-2921000.0,6811000.0,-2515000.0,0.0,3784000.0,0.555571869,7217000.0,-10676000.0,5845000.0,8480000.0,17893000.0,0.0,-308576000.0,0.0,8732000.0,0.0,0.6892688679245284,1.389497020922821,-0.9393031097789434,4.420630618636439,0.0,0.2736043461970776,0.0,0.0,0.0,0.0,0.0,,0.9437439379243453,0.5774764150943397,-0.40473881114036303,0.0,0.5555718690353839,0.0,0.0,0.0,0.0,0.2740740740740741,-1.0270645385149202,-1.1205733558178752,0.0,0.0,0.0,Health Information Services,Healthcare,OTRKP
2018Q4,2018,Q4,2019-03-22,2018-12-31,-1441000.0,5624000.0,-1186000.0,0.0,2970000.0,0.5280938834,6323000.0,-8965000.0,5486000.0,7730000.0,15288000.0,0.0,-305655000.0,0.0,4310000.0,0.0,0.7097024579560155,1.1817175391428119,-0.8334634690462911,0.794925392572747,0.0,0.1607361963190184,0.0,0.0,0.0,0.0,0.0,,0.8894512098687332,0.5878395860284605,-0.2278981496125257,0.0,0.5280938833570412,0.0,0.0,0.0,0.0,1.6236749116607774,0.6689639329198254,0.7069434148752162,0.0,0.0,0.0,Health Information Services,Healthcare,OTRKP
2018Q3,2018,Q3,2018-11-14,2018-09-30,-4353000.0,4369000.0,-4047000.0,0.0,1132000.0,0.2590981918,8479000.0,-7710000.0,7874000.0,8650000.0,16189000.0,0.0,-304218000.0,0.0,2560000.0,0.0,0.9102890173410405,0.8745135039509376,-0.9617380025940337,14.683014636311604,0.0,0.564591439688716,0.0,0.0,0.0,0.0,0.0,,0.5152730274796556,0.8376878612716763,-0.5133860125014742,0.0,0.25909819180590526,0.0,0.0,0.0,0.0,2.4096385542168677,-0.023031727379553467,0.023642943305186973,0.0,0.0,0.0,Health Information Services,Healthcare,OTRKP
2018Q2,2018,Q2,2018-08-14,2018-06-30,-4255000.0,3273000.0,-4145000.0,0.0,332000.0,0.1014359914,7896000.0,-4629000.0,6944000.0,7601000.0,12525000.0,0.0,-299865000.0,0.0,-738000.0,0.0,0.9135640047362189,0.6161347517730497,-1.0509829336789804,-17.79355831315577,0.0,0.9192050118816159,0.0,0.0,0.0,0.0,0.0,,0.41451367781155013,0.8871201157742402,-0.5388804457953394,0.0,0.10143599144515734,0.0,0.0,0.0,0.0,1.8829787234042554,-0.015755550250656482,0.024016953143395338,0.0,0.0,0.0,Health Information Services,Healthcare,OTRKP
2018Q1,2018,Q1,2018-05-15,2018-03-31,-4189000.0,1911000.0,-4247000.0,0.0,-376000.0,-0.1967556253,3782000.0,-917000.0,2919000.0,4659000.0,4699000.0,0.0,-295665000.0,0.0,-1354000.0,0.0,0.6265292981326465,0.0,0.0,4.599564467181985,0.0,4.568157033805889,0.0,0.0,0.0,0.0,0.0,,0.505288207297726,0.5505473277527366,-1.1076150185087255,0.0,-0.1967556253270539,0.0,0.0,0.0,0.0,-1.3741293532338308,-0.5624766878030586,-0.5293482175009002,0.0,0.0,0.0,Health Information Services,Healthcare,OTRKP
2017Q4,2017,Q4,2018-03-07,2017-12-31,-2681000.0,3035000.0,-2777000.0,0.0,1005000.0,0.3311367381,6604000.0,898000.0,5656000.0,5649000.0,5706000.0,0.0,-293324000.0,0.0,-4777000.0,0.0,1.0012391573729864,0.0003028467595396729,0.0022271714922048997,-3.081012374309837,0.0,-2.985523385300668,0.0,0.0,0.0,0.0,0.0,,0.45956995760145364,0.9364489290139848,-0.40596608116293154,0.0,0.3311367380560132,0.0,0.0,0.0,0.0,3.142857142857143,0.12954545454545455,0.1015852474927208,0.0,0.0,0.0,Health Information Services,Healthcare,OTRKP
2017Q3,2017,Q3,2017-11-14,2017-09-30,-3080000.0,1195000.0,-3091000.0,0.0,-469000.0,-0.3924686192,8866000.0,3304000.0,7942000.0,5466000.0,5562000.0,0.0,-290643000.0,0.0,-6920000.0,0.0,1.4529820709842665,0.0006767426122264832,0.0018159806295399517,-0.9327528489274832,0.0,-0.9322033898305084,0.0,0.0,0.0,0.0,0.0,,0.13478457026844123,1.3968166849615806,-0.34739454094292804,0.0,-0.39246861924686194,0.0,0.0,0.0,0.0,-2.4084084084084085,-1.221184919210054,-0.16553544494720965,0.0,0.0,0.0,Health Information Services,Healthcare,OTRKP
2017Q2,2017,Q2,2017-08-15,2017-06-30,13925000.0,1665000.0,-2652000.0,0.0,333000.0,0.2,11212000.0,6353000.0,10387000.0,4735000.0,4859000.0,0.0,-287562000.0,0.0,-9208000.0,0.0,2.193664202745512,0.0012486621476988941,0.002203683299228711,-0.4155789946470365,0.0,2.191877852982843,0.0,0.0,0.0,0.0,0.0,,0.14850160542276133,2.1560718057022177,1.2419728861933643,0.0,0.2,0.0,0.0,0.0,0.0,-0.2713347921225383,1.6397004777655273,-0.1994572591587517,0.0,0.0,0.0,Health Information Services,Healthcare,OTRKP
2017Q1,2017,Q1,2017-05-15,2017-03-31,-21768000.0,1822000.0,-2211000.0,0.0,457000.0,0.2508232711,2940000.0,-44600000.0,2150000.0,34530000.0,47540000.0,0.0,-301487000.0,0.0,9777000.0,0.0,0.06226469736461048,3.4244897959183676,-0.22573991031390134,0.06407132934743118,0.0,0.4880717488789238,0.0,0.0,0.0,0.0,0.0,,0.6197278911564625,0.04500434404865335,-7.404081632653061,0.0,0.2508232711306257,0.0,0.0,0.0,0.0,-0.8171268507402961,-13.406353408338848,-16.792857142857144,0.0,0.0,0.0,Health Information Services,Healthcare,OTRKP
2016Q4,2016,Q4,2017-02-28,2016-12-31,-1511000.0,3788000.0,140000.0,0.0,2499000.0,0.6597148891,3104000.0,-25328000.0,2323000.0,22977000.0,28432000.0,0.0,-279719000.0,0.0,8976000.0,0.0,0.1011011011011011,3.1659149484536084,-0.3879895767530006,-0.009061768154271954,0.0,0.059657296272899556,0.0,0.0,0.0,0.0,0.0,,1.2203608247422681,0.08282195238716977,-0.48679123711340205,0.0,0.659714889123548,0.0,0.0,0.0,0.0,29.10843373493976,0.796168892486173,1.0651162790697675,0.0,0.0,0.0,Health Information Services,Healthcare,OTRKP
2016Q3,2016,Q3,2016-11-14,2016-09-30,-7413000.0,1336000.0,-2150000.0,0.0,83000.0,0.0621257485,3853000.0,-24581000.0,3037000.0,23815000.0,28434000.0,0.0,-278208000.0,0.0,6844000.0,0.0,0.127524669326055,2.2546067998961847,-0.3534030348643261,0.13564906134691448,0.0,0.30157438672145154,0.0,0.0,0.0,0.0,0.0,,0.3467427978198806,0.11471761494856184,-1.9239553594601608,0.0,0.06212574850299401,0.0,0.0,0.0,0.0,0.36065573770491804,-0.5705508474576271,-0.02040816326530612,0.0,0.0,0.0,Health Information Services,Healthcare,OTRKP
2016Q2,2016,Q2,2016-08-15,2016-06-30,-4720000.0,1223000.0,-2107000.0,0.0,61000.0,0.0498773508,2069000.0,-17387000.0,1291000.0,17323000.0,19456000.0,0.0,-270795000.0,0.0,6109000.0,0.0,0.07452519771402182,2.9777670372160463,-0.3543452004371082,0.18875022798924024,0.0,0.27146718812906195,0.0,0.0,0.0,0.0,0.0,,0.5911068148864186,0.055475379553195175,-2.2812953117448043,0.0,0.04987735077677841,0.0,0.0,0.0,0.0,1.2563025210084033,-0.09972041006523766,0.14245014245014245,0.0,0.0,0.0,Health Information Services,Healthcare,OTRKP
2016Q1,2016,Q1,2016-05-13,2016-03-31,-4292000.0,728000.0,-2457000.0,0.0,-238000.0,-0.3269230769,2067000.0,-12841000.0,1306000.0,13739000.0,14908000.0,0.0,-266075000.0,0.0,4452000.0,0.0,0.0950578644733969,2.280599903241413,-0.3671053656257301,0.3038874341136672,0.0,0.3342418814734055,0.0,0.0,0.0,0.0,0.0,,0.3522012578616352,0.06346895698376884,-2.0764392839864536,0.0,-0.3269230769230769,0.0,0.0,0.0,0.0,-1.4917355371900827,-4.88768115942029,-0.672566371681416,0.0,0.0,0.0,Health Information Services,Healthcare,OTRKP
2015Q4,2015,Q4,2016-03-30,2015-12-31,1104000.0,1262000.0,-1469000.0,0.0,484000.0,0.383518225,2880000.0,-8724000.0,2081000.0,4821000.0,11604000.0,0.0,-261783000.0,0.0,2812000.0,0.0,0.43165318398672475,1.2944444444444445,-0.42732691425951397,0.2974327749432379,0.0,-0.1265474552957359,0.0,0.0,0.0,0.0,0.0,,0.43819444444444444,0.3123833229620411,0.38333333333333336,0.0,0.38351822503961963,0.0,0.0,0.0,0.0,3.659340659340659,1.1475935828877006,0.32614678899082566,0.0,0.0,0.0,Health Information Services,Healthcare,OTRKP
2015Q3,2015,Q3,2015-11-13,2015-09-30,-7480000.0,538000.0,-2180000.0,0.0,-182000.0,-0.3382899628,1926000.0,-12095000.0,1242000.0,12530000.0,14021000.0,0.0,-262822000.0,0.0,1800000.0,0.0,0.099122106943336,1.0514018691588785,-0.16742455560148822,0.21693769843422211,0.0,0.6184373708143861,0.0,0.0,0.0,0.0,0.0,,0.2793354101765317,0.05131683958499601,-3.8836967808930427,0.0,-0.3382899628252788,0.0,0.0,0.0,0.0,-2.192982456140351,-11.742759795570699,0.13112793941809486,0.0,0.0,0.0,Health Information Services,Healthcare,OTRKP
2015Q2,2015,Q2,2015-08-14,2015-06-30,-587000.0,472000.0,-2509000.0,0.0,-57000.0,-0.1207627119,1914000.0,-5264000.0,987000.0,5967000.0,7178000.0,0.0,-255342000.0,0.0,2197000.0,0.0,0.16540975364504776,1.2272727272727273,-0.4462386018237082,0.8675319702886897,0.0,0.11151215805471125,0.0,0.0,0.0,0.0,0.0,,0.24660397074190177,0.06720294955589073,-0.306687565308255,0.0,-0.12076271186440678,0.0,0.0,0.0,0.0,-3.111111111111111,-1.2576923076923077,0.08464064210142284,0.0,0.0,0.0,Health Information Services,Healthcare,OTRKP
2015Q1,2015,Q1,2015-05-15,2015-03-31,-260000.0,433000.0,-2741000.0,0.0,27000.0,0.0623556582,1339000.0,-40418000.0,524000.0,3601000.0,41757000.0,0.0,-254755000.0,0.0,134000.0,0.0,0.14551513468480978,0.16280806572068707,-0.0053936364985897375,0.06874341899396506,0.0,0.006432777475382255,0.0,0.0,0.0,0.0,0.0,,0.32337565347274083,0.053596223271313526,-0.1941747572815534,0.0,0.06235565819861432,0.0,0.0,0.0,0.0,-0.9628099173553719,0.8577680525164114,-1.8404145077720206,0.0,0.0,0.0,Health Information Services,Healthcare,OTRKP
2014Q4,2014,Q4,2015-03-31,2014-12-31,-1828000.0,1149000.0,-965000.0,0.0,726000.0,0.6318537859,2352000.0,-41224000.0,1510000.0,2960000.0,43576000.0,0.0,-254560000.0,0.0,-685000.0,0.0,0.5101351351351351,0.00977891156462585,-0.0005579274209198525,0.023460511804679677,0.0,0.04434310110615176,0.0,0.0,0.0,0.0,0.0,,0.4885204081632653,0.4043918918918919,-0.7772108843537415,0.0,0.6318537859007833,0.0,0.0,0.0,0.0,29.25,-7.704761904761905,0.3976279650436954,0.0,0.0,0.0,Health Information Services,Healthcare,OTRKP
2014Q3,2014,Q3,2014-11-14,2014-09-30,-210000.0,370000.0,-1602000.0,0.0,24000.0,0.0648648649,2645000.0,-41179000.0,1780000.0,3323000.0,43824000.0,0.0,-252733000.0,0.0,-1509000.0,0.0,0.5356605476978634,0.008695652173913044,-0.0005585371184341533,0.03951127783785155,0.0,0.005099686733529226,0.0,0.0,0.0,0.0,0.0,,0.13988657844990549,0.5127896479085164,-0.07939508506616257,0.0,0.06486486486486487,0.0,0.0,0.0,0.0,-0.4666666666666667,0.9923511200145693,0.05319148936170213,0.0,0.0,0.0,Health Information Services,Healthcare,OTRKP
2014Q2,2014,Q2,2014-08-14,2014-06-30,-27455000.0,312000.0,-1692000.0,0.0,45000.0,0.1442307692,2301000.0,-42919000.0,1443000.0,2983000.0,45220000.0,0.0,-252522000.0,0.0,-1121000.0,0.0,0.4837412001340932,0.008691873098652759,-0.0004659940818751602,0.03946275018579996,0.0,0.6396933758941261,0.0,0.0,0.0,0.0,0.0,,0.13559322033898305,0.441837076768354,-11.931768796175575,0.0,0.14423076923076922,0.0,0.0,0.0,0.0,1.391304347826087,-13.835437120149603,-0.02669902912621359,0.0,0.0,0.0,Health Information Services,Healthcare,OTRKP
2014Q1,2014,Q1,2014-05-15,2014-03-31,2139000.0,218000.0,-1648000.0,0.0,-115000.0,-0.5275229358,2092000.0,-15891000.0,1246000.0,4165000.0,17983000.0,0.0,-225075000.0,0.0,-699000.0,0.0,0.2991596638655462,0.011472275334608031,-0.0015102888427411742,0.10392353294587303,0.0,-0.13460449310930717,0.0,0.0,0.0,0.0,0.0,,0.10420650095602295,0.243937575030012,1.0224665391969407,0.0,-0.5275229357798165,0.0,0.0,0.0,0.0,-1.5450236966824644,2.4279038718291055,-0.2755417956656347,0.0,0.0,0.0,Health Information Services,Healthcare,OTRKP
2013Q4,2013,Q4,2014-03-31,2013-12-31,-1498000.0,468000.0,-1292000.0,0.0,211000.0,0.4508547009,2623000.0,-18043000.0,1699000.0,4133000.0,20666000.0,0.0,-227214000.0,0.0,-1110000.0,0.0,0.4110815388337769,0.009912314144109797,-0.0014410020506567644,0.07200595686806664,0.0,0.08302388738014743,0.0,0.0,0.0,0.0,0.0,,0.17842165459397635,0.34454391483184127,-0.571101791841403,0.0,0.45085470085470086,0.0,0.0,0.0,0.0,3.318681318681319,-3.2029411764705884,0.165374677002584,0.0,0.0,0.0,Health Information Services,Healthcare,OTRKP
2013Q3,2013,Q3,2013-11-13,2013-09-30,680000.0,130000.0,-1548000.0,0.0,-91000.0,-0.7,2087000.0,-16593000.0,923000.0,4466000.0,18680000.0,0.0,-225716000.0,0.0,-404000.0,0.0,0.20667263770712047,0.008624820316243412,-0.0010847947929849937,0.09322101893804341,0.0,-0.04098113662387754,0.0,0.0,0.0,0.0,0.0,,0.06229036895064686,0.1800268696820421,0.32582654528030663,0.0,-0.7,0.0,0.0,0.0,0.0,-0.3,1.1050355267222738,0.09947643979057591,0.0,0.0,0.0,Health Information Services,Healthcare,OTRKP
2013Q2,2013,Q2,2013-08-14,2013-06-30,-6474000.0,133000.0,-1719000.0,0.0,-70000.0,-0.5263157895,3366000.0,-17322000.0,2162000.0,4240000.0,20688000.0,0.0,-226396000.0,0.0,-1604000.0,0.0,0.5099056603773585,0.0059417706476530005,-0.0011546010853250202,0.09948302075299009,0.0,0.37374437131970906,0.0,0.0,0.0,0.0,0.0,,0.039512774806892456,0.47429245283018867,-1.9233511586452763,0.0,-0.5263157894736842,0.0,0.0,0.0,0.0,-0.014492753623188406,-3.4776119402985075,0.01489971346704871,0.0,0.0,0.0,Health Information Services,Healthcare,OTRKP
2013Q1,2013,Q1,2013-05-15,2013-03-31,2613000.0,135000.0,-1745000.0,0.0,-69000.0,-0.5111111111,3333000.0,-10926000.0,2098000.0,4075000.0,14259000.0,0.0,-219922000.0,0.0,-1593000.0,0.0,0.5148466257668711,0.004500450045004501,-0.0013728720483250961,0.16002802789733914,0.0,-0.23915431081823174,0.0,0.0,0.0,0.0,0.0,,0.0405040504050405,0.46355828220858897,0.783978397839784,0.0,-0.5111111111111111,0.0,0.0,0.0,0.0,-2.6315789473684212,1.454118873826903,0.22787610619469026,0.0,0.0,0.0,Health Information Services,Healthcare,OTRKP
2012Q4,2012,Q4,2013-04-01,2012-12-31,-5754000.0,179000.0,-2260000.0,0.0,-19000.0,-0.1061452514,4934000.0,-13758000.0,3622000.0,3998000.0,18692000.0,0.0,-222535000.0,0.0,-3135000.0,0.0,0.9059529764882441,0.0036481556546412645,-0.0013083296990841692,0.1640433063914098,0.0,0.41822939380723945,0.0,0.0,0.0,0.0,0.0,,0.03627888123226591,0.8491745872936468,-1.1661937576003243,0.0,-0.10614525139664804,0.0,0.0,0.0,0.0,0.6666666666666666,-21.389105058365757,-0.09073359073359073,0.0,0.0,0.0,Health Information Services,Healthcare,OTRKP
2012Q3,2012,Q3,2012-11-14,2012-09-30,-257000.0,140000.0,-2072000.0,0.0,-57000.0,-0.4071428571,3671000.0,-8213000.0,1843000.0,3997000.0,11884000.0,0.0,-216786000.0,0.0,-1475000.0,0.0,0.4610958218663998,0.005720512122037592,-0.0025569219530013395,0.25556859385536124,0.0,0.031291854377206864,0.0,0.0,0.0,0.0,0.0,,0.038136747480250616,0.4303227420565424,-0.07000817216017434,0.0,-0.40714285714285714,0.0,0.0,0.0,0.0,0.3522727272727273,0.8862328463922089,0.14837648993012742,0.0,0.0,0.0,Health Information Services,Healthcare,OTRKP
2012Q2,2012,Q2,2012-08-14,2012-06-30,-2259000.0,129000.0,-2433000.0,0.0,-88000.0,-0.6821705426,3476000.0,-8479000.0,1610000.0,3805000.0,11955000.0,0.0,-216529000.0,0.0,-1188000.0,0.0,0.4231274638633377,0.0,0.0,0.28989578799437354,0.0,0.2664229272319849,0.0,0.0,0.0,0.0,0.0,,0.03711162255466053,0.36557161629434953,-0.6498849252013809,0.0,-0.6821705426356589,0.0,0.0,0.0,0.0,0.2072072072072072,0.3302697895048918,0.1298283261802575,0.0,0.0,0.0,Health Information Services,Healthcare,OTRKP
2012Q1,2012,Q1,2012-05-15,2012-03-31,-3373000.0,93000.0,-2796000.0,0.0,-111000.0,-1.1935483871,2635000.0,-6938000.0,509000.0,4519000.0,9573000.0,0.0,-214265000.0,0.0,513000.0,0.0,0.11263553883602567,0.22922201138519924,-0.08705678869991353,0.4405130198066974,0.0,0.4861631594119343,0.0,0.0,0.0,0.0,0.0,,0.03529411764705882,0.05421553441026776,-1.2800759013282732,0.0,-1.1935483870967742,0.0,0.0,0.0,0.0,-0.3373493975903614,0.5037516551419744,0.1394275161588181,0.0,0.0,0.0,Health Information Services,Healthcare,OTRKP
2011Q4,2011,Q4,2012-03-30,2011-12-31,-6797000.0,60000.0,-3249000.0,0.0,-83000.0,-1.3833333333,3580000.0,-4496000.0,1359000.0,3530000.0,8076000.0,0.0,-210892000.0,0.0,-771000.0,0.0,0.384985835694051,0.0,0.0,0.7229614431092118,0.0,1.511788256227758,0.0,0.0,0.0,0.0,0.0,,0.01675977653631285,0.26940509915014166,-1.8986033519553072,0.0,-1.3833333333333333,0.0,0.0,0.0,0.0,0.20192307692307693,-1.9209282337773959,-0.26666666666666666,0.0,0.0,0.0,Health Information Services,Healthcare,OTRKP
2011Q3,2011,Q3,2011-11-14,2011-09-30,-2327000.0,57000.0,-2565000.0,0.0,-104000.0,-1.8245614035,3044000.0,-1957000.0,456000.0,3929000.0,5001000.0,0.0,-204095000.0,0.0,160000.0,0.0,0.11606006617459913,0.06997371879106438,-0.10884006131834441,1.4720220479431785,0.0,1.1890648952478282,0.0,0.0,0.0,0.0,0.0,,0.018725361366622863,0.041740900992618984,-0.764454664914586,0.0,-1.8245614035087718,0.0,0.0,0.0,0.0,-0.2682926829268293,-1.7869462292864389,0.16747809152872445,0.0,0.0,0.0,Health Information Services,Healthcare,OTRKP
2011Q2,2011,Q2,2011-08-12,2011-06-30,2957000.0,63000.0,-3081000.0,0.0,-82000.0,-1.3015873016,3481000.0,-652000.0,825000.0,3244000.0,4133000.0,0.0,-201767000.0,0.0,-632000.0,0.0,0.2543156596794081,0.0,0.0,4.722266165198407,0.0,-4.535276073619632,0.0,0.0,0.0,0.0,0.0,,0.018098247629991383,0.2222564734895191,0.8494685435219764,0.0,-1.3015873015873016,0.0,0.0,0.0,0.0,-1.3428571428571427,2.5148565573770494,0.02807570977917981,0.0,0.0,0.0,Health Information Services,Healthcare,OTRKP
2011Q1,2011,Q1,2011-05-16,2011-03-31,-1952000.0,87000.0,-3170000.0,0.0,-35000.0,-0.4022988506,6259000.0,-3853000.0,3582000.0,3186000.0,10112000.0,0.0,-204725000.0,0.0,-2594000.0,0.0,1.1242937853107344,0.00031953986259785906,-0.0005190760446405398,0.826554622073239,0.0,0.5066182195691669,0.0,0.0,0.0,0.0,0.0,,0.01389998402300687,0.8361581920903954,-0.3118709058955105,0.0,-0.40229885057471265,0.0,0.0,0.0,0.0,-2.206896551724138,0.843338683788122,0.13811854268624252,0.0,0.0,0.0,Health Information Services,Healthcare,OTRKP
2010Q4,2010,Q4,2011-03-31,2010-12-31,-12460000.0,110000.0,-3678000.0,0.0,29000.0,0.2636363636,7944000.0,-10177000.0,4861000.0,3407000.0,18121000.0,0.0,-202773000.0,0.0,1219000.0,0.0,1.4267684179630173,0.7331319234642497,-0.5722708067210376,1.440457403041905,0.0,1.2243293701483737,0.0,0.0,0.0,0.0,0.0,,0.013846928499496475,1.3730554740240681,-1.5684793554884189,0.0,0.2636363636363636,0.0,0.0,0.0,0.0,4.8,-5.416065911431514,-0.32302158273381293,0.0,0.0,0.0,Health Information Services,Healthcare,OTRKP
2010Q3,2010,Q3,2010-11-18,2010-09-30,-1942000.0,104000.0,-2780000.0,0.0,5000.0,0.0480769231,3482000.0,-634000.0,493000.0,3949000.0,4116000.0,0.0,-190313000.0,0.0,-356000.0,0.0,0.12484173208407191,0.002010338885697875,-0.011041009463722398,4.488493515131361,0.0,3.0630914826498423,0.0,0.0,0.0,0.0,0.0,,0.02986789201608271,0.11040769815143074,-0.5577254451464676,0.0,0.04807692307692308,0.0,0.0,0.0,0.0,-0.9166666666666666,0.21598708114654824,0.16441238352870455,0.0,0.0,0.0,Health Information Services,Healthcare,OTRKP
2010Q2,2010,Q2,2010-08-16,2010-06-30,-2477000.0,111000.0,-3327000.0,0.0,60000.0,0.5405405405,7486000.0,-588000.0,4294000.0,7783000.0,8074000.0,0.0,-188403000.0,0.0,1551000.0,0.0,0.5517152768855197,0.44536468073737645,-5.670068027210885,-1.2024877157271523,0.0,4.212585034013605,0.0,0.0,0.0,0.0,0.0,,0.014827678332888058,0.532185532570988,-0.33088431739246593,0.0,0.5405405405405406,0.0,0.0,0.0,0.0,-0.4594594594594595,0.2141497461928934,0.09861826063397454,0.0,0.0,0.0,Health Information Services,Healthcare,OTRKP
2010Q1,2010,Q1,2010-05-13,2010-03-31,-3152000.0,123000.0,-3691000.0,0.0,111000.0,0.9024390244,15901000.0,892000.0,12461000.0,14479000.0,15009000.0,0.0,-185927000.0,0.0,7592000.0,0.0,0.8606257338213965,0.5964404754417961,10.632286995515695,-0.3564623685973756,0.0,-3.5336322869955157,0.0,0.0,0.0,0.0,0.0,,0.0077353625558141,0.7767110988327923,-0.19822652663354506,0.0,0.9024390243902439,0.0,0.0,0.0,0.0,-0.3728813559322034,-3.025706940874036,0.10390871570769604,0.0,0.0,0.0,Health Information Services,Healthcare,OTRKP
2009Q4,2009,Q4,2010-04-13,2009-12-31,1556000.0,184000.0,-4119000.0,0.0,177000.0,0.9619565217,19105000.0,2641000.0,15360000.0,15281000.0,16464000.0,0.0,-182777000.0,0.0,5096000.0,0.0,1.0051698187291407,0.5072494111489139,3.6694433926542978,-0.33164834687180145,0.0,0.5891707686482393,0.0,0.0,0.0,0.0,0.0,,0.009630986652708715,0.9404489234997709,0.08144464799790631,0.0,0.9619565217391305,0.0,0.0,0.0,0.0,-0.115,1.1759782854557792,-0.0425208807896735,0.0,0.0,0.0,Health Information Services,Healthcare,OTRKP
2009Q3,2009,Q3,2009-11-09,2009-09-30,-8842000.0,268000.0,-3951000.0,0.0,200000.0,0.7462686567,20834000.0,-414000.0,16847000.0,14982000.0,21248000.0,0.0,-184333000.0,0.0,2565000.0,0.0,1.1244827125884396,0.46236920418546607,-23.268115942028984,-0.42635825121894694,0.0,21.357487922705314,0.0,0.0,0.0,0.0,0.0,,0.012863588365172315,1.1067948204512081,-0.4244024191225881,0.0,0.746268656716418,0.0,0.0,0.0,0.0,-0.047619047619047616,-0.7949654892407633,0.1444348202685145,0.0,0.0,0.0,Health Information Services,Healthcare,OTRKP
2009Q2,2009,Q2,2009-08-10,2009-06-30,-4926000.0,371000.0,-4618000.0,0.0,210000.0,0.5660377358,18229000.0,2026000.0,13938000.0,15885000.0,16203000.0,0.0,-175491000.0,0.0,8078000.0,0.0,0.8774315391879132,0.5999780569422349,5.39832181638697,-0.35466572323078643,0.0,-2.431391905231984,0.0,0.0,0.0,0.0,0.0,,0.02035218607712985,0.8630154233553667,-0.2702287563772012,0.0,0.5660377358490566,0.0,0.0,0.0,0.0,-0.5161290322580645,0.33387423935091276,0.17136192356002153,0.0,0.0,0.0,Health Information Services,Healthcare,OTRKP
2009Q1,2009,Q1,2009-05-11,2009-03-31,-7395000.0,707000.0,-5573000.0,0.0,434000.0,0.6138613861,21743000.0,5702000.0,6776000.0,15383000.0,16041000.0,0.0,-170566000.0,0.0,4642000.0,0.0,0.4404862510563609,0.4841098284505358,1.8460189407225536,-0.34229311416120933,0.0,-1.2969133637320238,0.0,0.0,0.0,0.0,0.0,,0.032516212114243666,0.42683481765585385,-0.34010946051602814,0.0,0.6138613861386139,0.0,0.0,0.0,0.0,-0.33537519142419603,0.6170774647887324,0.35587147480351367,0.0,0.0,0.0,Health Information Services,Healthcare,OTRKP
2008Q4,2008,Q4,2009-03-31,2008-12-31,-19312000.0,8620000.0,-8652000.0,0.0,653000.0,0.0757540603,31866000.0,1108000.0,13990000.0,25464000.0,30758000.0,0.0,-173619000.0,0.0,1427000.0,0.0,0.5494030788564248,0.3866189669239942,11.11913357400722,-0.6375549746538515,0.0,-17.42960288808664,0.0,0.0,0.0,0.0,0.0,,0.27050775120818427,0.5219132893496701,-0.6060377832172221,0.0,0.07575406032482598,0.0,0.0,0.0,0.0,-0.6493018259935553,-2.0766289628803567,0.083765752409192,0.0,0.0,0.0,Health Information Services,Healthcare,OTRKP
2008Q3,2008,Q3,2008-11-10,2008-09-30,-6277000.0,9658000.0,-9443000.0,0.0,1862000.0,0.192793539,48425000.0,17554000.0,19626000.0,24461000.0,30871000.0,0.0,-154284000.0,0.0,-2140000.0,0.0,0.8023384162544459,0.23921528136293238,0.6599065740002279,-0.32215851168498816,0.0,-0.3575823174205309,0.0,0.0,0.0,0.0,0.0,,0.199442436757873,0.7430603818323045,-0.12962312854930305,0.0,0.19279353903499688,0.0,0.0,0.0,0.0,4.0129449838187705,0.5546015752501242,0.2540485030413145,0.0,0.0,0.0,Health Information Services,Healthcare,OTRKP
2008Q2,2008,Q2,2008-08-11,2008-06-30,-14093000.0,11613000.0,-12659000.0,0.0,-618000.0,-0.0532162232,50205000.0,21543000.0,30792000.0,21684000.0,28662000.0,0.0,-148007000.0,0.0,880000.0,0.0,1.420033204205866,0.1452644158948312,0.3385322378498816,-0.4358053134652244,0.0,-0.6541800120688854,0.0,0.0,0.0,0.0,0.0,,0.2313116223483717,1.376406567054049,-0.2807090927198486,0.0,-0.05321622319814002,0.0,0.0,0.0,0.0,-1.552278820375335,-0.3157501633834376,0.03174238947529448,0.0,0.0,0.0,Health Information Services,Healthcare,OTRKP
2008Q1,2008,Q1,2008-05-12,2008-03-31,-10711000.0,11339000.0,-13074000.0,0.0,1119000.0,0.0986859511,58486000.0,34192000.0,38341000.0,18564000.0,24294000.0,0.0,-133914000.0,0.0,-3963000.0,0.0,2.0653415212238744,0.12315767876072907,0.21066331305568553,-0.31413970262421337,0.0,-0.3132604117922321,0.0,0.0,0.0,0.0,0.0,,0.1938754573744144,2.002370178840767,-0.18313784495434804,0.0,0.09868595114207603,0.0,0.0,0.0,0.0,-0.13723978411719354,-0.2419990723562152,-0.16048286880880525,0.0,0.0,0.0,Health Information Services,Healthcare,OTRKP
2007Q4,2007,Q4,2008-03-17,2007-12-31,-8624000.0,11784000.0,-11266000.0,0.0,1297000.0,0.1100644942,70646000.0,43264000.0,50342000.0,19228000.0,27382000.0,0.0,-123201000.0,0.0,-4019000.0,0.0,2.6181610151861867,0.10092574243410808,0.1648021449704142,-0.22310851190067837,0.0,-0.19933431952662722,0.0,0.0,0.0,0.0,0.0,,0.16680349913653994,2.5436342833368006,-0.12207343657107267,0.0,0.11006449422946368,0.0,0.0,0.0,0.0,-0.36296660117878193,0.377013653109875,0.16380909968084317,0.0,0.0,0.0,Health Information Services,Healthcare,OTRKP
2007Q3,2007,Q3,2007-11-08,2007-09-30,-13843000.0,12020000.0,-13473000.0,0.0,2036000.0,0.1693843594,43896000.0,14627000.0,23182000.0,17127000.0,29269000.0,0.0,-114580000.0,0.0,-155000.0,0.0,1.3535353535353536,0.26558228540185896,0.7970192110480618,-0.5061492839857079,0.0,-0.9464004922403774,0.0,0.0,0.0,0.0,0.0,,0.27382905048295975,1.2983593157003561,-0.315359030435575,0.0,0.16938435940099833,0.0,0.0,0.0,0.0,0.29764181007010837,-0.12985634998367612,-0.12088186356073212,0.0,0.0,0.0,Health Information Services,Healthcare,OTRKP
2007Q2,2007,Q2,2007-08-09,2007-06-30,-12252000.0,11340000.0,-12020000.0,0.0,1569000.0,0.1383597884,53125000.0,24884000.0,32032000.0,16295000.0,28241000.0,0.0,-100735000.0,0.0,-4705000.0,0.0,1.9657563669837372,0.21500235294117648,0.4590098054975084,-0.32801127067169367,0.0,-0.492364571612281,0.0,0.0,0.0,0.0,0.0,,0.21345882352941176,1.8969008898435102,-0.23062588235294118,0.0,0.13835978835978835,0.0,0.0,0.0,0.0,0.14692982456140352,-0.14046355766545657,-0.11585592276271815,0.0,0.0,0.0,Health Information Services,Healthcare,OTRKP
2007Q1,2007,Q1,2007-05-09,2007-03-31,-10743000.0,8857000.0,-10772000.0,0.0,1368000.0,0.1544541041,64590000.0,36125000.0,43022000.0,16713000.0,28465000.0,0.0,-88483000.0,0.0,-3185000.0,0.0,2.5741638245677017,0.17326211487846416,0.3097854671280277,-0.22584437562121012,0.0,-0.2973840830449827,0.0,0.0,0.0,0.0,0.0,,0.13712649016875678,2.471249925207922,-0.16632605666511843,0.0,0.1544541040984532,0.0,0.0,0.0,0.0,0.35445544554455444,-0.028825895422332888,0.030946383591219862,0.0,0.0,0.0,Health Information Services,Healthcare,OTRKP
