Quarters,Year,Quarter,FillingDate,Date,NetIncome,Revenue,OperatingIncome,EPSDiluted,GrossProfit,GrossProfitRatio,TotalAssets,CommonStockEquity,CurrentAssets,CurrentLiability,TotalLiability,Inventory,RetainedEarnings,MarketCap,EnterpriseValue,bookValuePerShare,currentRatio,debtToAssets,debtToEquity,roic,shareholdersEquityPerShare,roe,priceToSalesRatio,peRatio,pbRatio,payoutRatio,inventoryTurnover,dividendYield,assetTurnover,quickRatio,returnOnAssets,priceToFreeCashFlowsRatio,grossProfitMargin,epsdilutedGrowth,fiveYNetIncomeGrowthPerShare,fiveYRevenueGrowthPerShare,fiveYShareholdersEquityGrowthPerShare,grossProfitGrowth,netIncomeGrowth,operatingIncomeGrowth,threeYNetIncomeGrowthPerShare,threeYRevenueGrowthPerShare,threeYShareholdersEquityGrowthPerShare,Industry,Sector,Symbol
2023Q1,2023,Q1,2023-05-08,2023-03-31,17670000.0,116644000.0,23159000.0,0.9,60122000.0,0.5154315696,663809000.0,463406000.0,57017000.0,113325000.0,200403000.0,6933000.0,420279000.0,1424792250.0,1455073250.0,24.11688784803539,0.5031281711890581,0.09748436673802253,0.13964212806912296,0.033459917542135516,24.11688784803539,0.038130710435341796,12.214878176331402,20.158351018675724,3.0746089821884053,5.410752688172043,8.15260349055243,0.06710311626133564,0.17571922043840923,0.3744451797926318,0.026619102784083977,30.47227687832838,0.5154315695620864,-0.2105263157894736,1.424148727635344,0.9171141136186636,0.5903526403743191,-0.06940531839148066,-0.21232113404359648,-0.17513178515458042,7.266331223286263,1.1608578084822518,0.2726593592001796,Resorts & Casinos,Consumer Cyclical,MCRI
2022Q4,2022,Q4,2023-02-28,2022-12-31,22433000.0,120536000.0,28076000.0,1.14,64606000.0,0.535989248,692942000.0,538954000.0,89429000.0,117744000.0,153988000.0,7558000.0,498217000.0,1470675030.0,1452456030.0,28.17765462435301,0.7595206549802962,0.029670592921196868,0.038147968101173754,0.039404773590602,28.17765462435301,0.04162321830805597,12.201126883254796,16.389638367583473,2.7287579830560675,0.0,7.400105848107965,0.0,0.173948180367188,0.6228257915477646,0.03237356084636232,57.60124667084443,0.5359892480254862,-0.1914893617021277,3.725787813401817,0.9917645485167835,0.8734417128112398,-0.15090421617074967,-0.1840468482886553,-0.22774782704367919,2.4274852222021917,0.8380812747026252,0.495343777665247,Resorts & Casinos,Consumer Cyclical,MCRI
2022Q3,2022,Q3,2022-11-04,2022-09-30,27493000.0,133727000.0,36356000.0,1.41,76088000.0,0.5689800863,688665000.0,515370000.0,81988000.0,140555000.0,173295000.0,6534000.0,475784000.0,1066603860.0,1073362860.0,27.126164534975526,0.5833161395894846,0.05793528057909143,0.07741622523623805,0.049508880599251306,27.126164534975526,0.053346139666647266,7.975979869435491,9.698867529916706,2.069588567436987,0.0,8.82139577594123,0.0,0.19418294816783196,0.4816975561168226,0.039922168253069344,26.11536800352578,0.5689800862952133,0.4242424242424242,1.8230004062112732,0.9672929016801607,0.8365951705445313,0.23653974290218258,0.41461281193722666,0.4167803281243911,1.8016735126876717,0.9377840741572837,0.4721981732213125,Resorts & Casinos,Consumer Cyclical,MCRI
2022Q2,2022,Q2,2022-08-05,2022-06-30,19435000.0,115289000.0,25661000.0,0.99,61533000.0,0.5337282828,693735000.0,486336000.0,80263000.0,130698000.0,207399000.0,7695000.0,448291000.0,1113967290.0,1161075290.0,25.614157054826986,0.614110391895821,0.11198512400268114,0.15974141334386102,0.034575003672395604,25.614157054826986,0.03996208382681932,9.662390080580108,14.329396578338052,2.2905301890051324,0.0,6.985834957764783,0.0,0.16618593555175967,0.507100338184211,0.028015020144579704,83.80104491085534,0.5337282828370443,0.07608695652173908,1.4783189897206335,0.8276783891404955,0.8093637381104006,0.0726575437984834,0.07269014239982338,0.2019766733804862,0.9853045435429973,0.7411724372941805,0.4355094885658895,Resorts & Casinos,Consumer Cyclical,MCRI
2022Q1,2022,Q1,2022-05-06,2022-03-31,18118000.0,108318000.0,21349000.0,0.92,57365000.0,0.5295980354,691104000.0,465189000.0,79004000.0,134414000.0,225915000.0,6972000.0,428856000.0,1645855640.0,1705259640.0,24.654918380326478,0.5877661553112027,0.1339205097930268,0.19895784294125612,0.032681834732749555,24.654918380326478,0.0389476105410919,15.194664229398622,22.71022795010487,3.538036454000417,0.0,7.3082329317269075,0.0,0.1567318377552438,0.48358801910515276,0.026216025373894523,79.80293056633049,0.5295980354142432,-0.09803921568627448,2.444641221024607,0.8783933805366362,0.7977962547113675,-0.04802602100930981,-0.088219012631473,-0.17264765152689507,1.4553110622910326,0.7530351771340617,0.42584326965993374,Resorts & Casinos,Consumer Cyclical,MCRI
2021Q4,2021,Q4,2022-02-28,2021-12-31,19871000.0,111068000.0,25804000.0,1.02,60259000.0,0.5425415061,690459000.0,448014000.0,84064000.0,141178000.0,242445000.0,7159000.0,410738000.0,1386562500.0,1455431500.0,23.89408,0.5954468826587712,0.14829989905265917,0.22855312557196875,0.03620171072147564,23.89408,0.04435352466663988,12.483906255627183,17.44454858839515,3.094908864455129,0.0,7.097220282162313,0.0,0.16086110833517994,0.49124509484480583,0.028779406163146545,116.61585365853658,0.5425415061043685,-0.11304347826086948,1.8345607831014943,0.8438081780463822,0.7682099441938036,-0.018535107578546182,-0.10948283588778346,-0.11143250688705233,1.6139165835514533,0.7741449646196825,0.4204023093013525,Resorts & Casinos,Consumer Cyclical,MCRI
2021Q3,2021,Q3,2021-11-08,2021-09-30,22314000.0,111630000.0,29040000.0,1.15,61397000.0,0.5500044790826839,672428000.0,424395000.0,75776000.0,135402000.0,248033000.0,6117000.0,390867000.0,1248693600.0,1335638600.0,22.767972103004293,0.559637228401353,0.1784295121559483,0.2827106822653424,0.04121329622616001,22.767972103004293,0.052578376276817586,11.186003762429454,13.990024200053776,2.9422910260488457,0.0,8.21203204185058,0.0,0.16601033865335768,0.46518515236111724,0.03318422195387462,47.50232434283106,0.5500044790826839,0.23655913978494608,1.6493964626515212,0.8181489512149681,0.7536153932213945,0.12595132865080966,0.22948922805664224,0.22273684210526315,0.9717639133220326,0.664328138025655,0.3915091953389513,Resorts & Casinos,Consumer Cyclical,MCRI
2021Q2,2021,Q2,2021-08-06,2021-06-30,18149000.0,97719000.0,23750000.0,0.93,54529000.0,0.5580183996970907,666848000.0,401087000.0,75191000.0,123902000.0,265761000.0,6077000.0,368553000.0,1230431150.0,1348927150.0,21.56961548803442,0.6068586463495343,0.22012812514995922,0.3659854345815247,0.03411067027646118,21.56961548803442,0.045249534390294374,12.591524166231746,16.949021295939172,3.067741288049725,0.0,7.1071252262629585,0.0,0.14653864148951484,0.5006456715791513,0.027216097221555737,44.62773022378586,0.5580183996970907,1.2142857142857144,1.9578654754634213,0.6618079912686244,0.7221327565041358,0.31471212267335325,1.2257787588913416,1.1049366303288133,0.8826241308858209,0.5632298203139688,0.36985445038010817,Resorts & Casinos,Consumer Cyclical,MCRI
2021Q1,2021,Q1,2021-05-07,2021-03-31,8154000.0,74960000.0,11283000.0,0.42,41476000.0,0.5533084311632871,664974000.0,379910000.0,69538000.0,115530000.0,285064000.0,6968000.0,350404000.0,1120318220.0,1268225220.0,20.556788052594555,0.6019042672898814,0.25873192034575787,0.45287041667763417,0.01680336639867268,20.556788052594555,0.02146297807375431,14.945547225186766,34.34873129752268,2.9489042668000316,0.0,4.805396096440872,0.0,0.11272621185189195,0.4782134510516749,0.012262133557101481,72.62061450703312,0.5533084311632871,-0.47500000000000003,0.6598171449454958,0.4032203035788545,0.6928610418963186,0.32642553327576834,-0.4656618610747051,1.1643967005563016,0.16307666033653878,0.28094375250322395,0.35558710406833066,Resorts & Casinos,Consumer Cyclical,MCRI
2020Q4,2020,Q4,2021-03-12,2020-12-31,15260000.0,58377000.0,5213000.0,0.8,31269000.0,0.5356390359216815,671877000.0,368067000.0,73156000.0,109444000.0,303810000.0,7823000.0,342250000.0,1121121860.0,1287270860.0,20.09867307377273,0.6684331713022185,0.289426487288596,0.528325006045095,0.027893078553034755,20.09867307377273,0.04145984290903559,19.204855679462803,18.367002948885975,3.0459722278824235,0.0,3.465166815799565,0.0,0.08688643903571636,0.5202660721464859,0.022712490530260747,-24.2294711590413,0.5356390359216815,0.40350877192982476,1.7566976604226041,0.04934915136961491,0.6704294904069764,-0.12222440558066418,0.4201954397394137,-0.6117813523979744,2.3575984658453644,0.007512302855774719,0.33629618967715974,Resorts & Casinos,Consumer Cyclical,MCRI
2020Q3,2020,Q3,2020-11-06,2020-09-30,10745000.0,59869000.0,13428000.0,0.57,35623000.0,0.5950157844627436,599146000.0,353530000.0,50266000.0,59563000.0,245616000.0,7348000.0,326990000.0,812522800.0,978849800.0,19.40553298935119,0.8439131675704716,0.32855597800869907,0.556821203292507,0.01900518596605421,19.40553298935119,0.03039346024382655,13.57167816399138,18.904671940437414,2.2983135801770715,0.0,3.299673380511704,0.0,0.0999238916724805,0.6011953729664389,0.01793385919291792,47.160183411689594,0.5950157844627436,3.375,0.5661927111310614,0.041461281526393716,0.68612939269328,3.2514619883040936,3.471819645732689,3.4499178981937604,0.15060239425868113,-0.0814940536883176,0.31386463147533705,Resorts & Casinos,Consumer Cyclical,MCRI
2020Q2,2020,Q2,2020-08-07,2020-06-30,-4347000.0,15156000.0,-5481000.0,-0.24,8379000.0,0.5528503562945368,597505000.0,340422000.0,56616000.0,61007000.0,257083000.0,6994000.0,316245000.0,619608480.0,803152480.0,18.724052582366205,0.9280246529086826,0.37131739483351606,0.6517322617222153,-0.007527715917473929,18.724052582366205,-0.012769444982991698,40.88205859065717,-35.634258109040715,1.820118793732485,0.0,0.9689734057763798,0.0,0.025365478113153865,0.7425213500090153,-0.007275252926753751,-62.7388092345079,0.5528503562945368,-3.1818181818181817,-1.7921717508862718,-0.7184105280418742,0.6768578640194586,-0.6570200573065903,-3.151980198019802,-3.596399810516343,-1.5788964461129718,-0.7490801122011953,0.3226522231627136,Resorts & Casinos,Consumer Cyclical,MCRI
2020Q1,2020,Q1,2020-06-22,2020-03-31,2020000.0,51011000.0,2111000.0,0.11,24430000.0,0.47891631216796376,594465000.0,344094000.0,55928000.0,62727000.0,250371000.0,6889000.0,320592000.0,509695060.0,681269060.0,18.94999449278555,0.8916096736652478,0.3548266087995088,0.6130069109022535,0.0035413185977079603,18.94999449278555,0.005870488878039141,9.99186567603066,63.08107178217821,1.4812669212482636,0.0,3.8584700246770214,0.0,0.08580992993700218,0.6958088223571987,0.0033980133397256357,-27.844581261950285,0.47891631216796376,-0.6666666666666667,-0.5371594221029102,0.0017804527424598437,0.7554485431548597,-0.2227418790366199,-0.6739832149774048,-0.7257729280332554,-0.600935620572638,-0.080805092230263,0.38180255153940496,Resorts & Casinos,Consumer Cyclical,MCRI
2019Q4,2019,Q4,2020-03-12,2019-12-31,6196000.0,62080000.0,7698000.0,0.33,31431000.0,0.506298324742268,610878000.0,341201000.0,79155000.0,79465000.0,269677000.0,6735000.0,318572000.0,879094850.0,1029558850.0,18.843596399182637,0.9960989114704587,0.3454093943471528,0.6184126072315146,0.01091102942654786,18.843596399182637,0.018159384058077203,14.160677351804123,35.47025702065849,2.5764720795073868,0.0,4.550705270972531,0.0,0.10162421956593624,0.8328446485874285,0.010142778099718766,-234.7382777036048,0.506298324742268,-0.33999999999999997,0.5025388961274939,0.2510664883236062,0.7820116424542516,-0.08120669999123038,-0.33562084494960326,-0.33194480604009374,-0.08476582062544391,0.06716915486751697,0.39446400687573197,Resorts & Casinos,Consumer Cyclical,MCRI
2019Q3,2019,Q3,2019-11-07,2019-09-30,9326000.0,65585000.0,11523000.0,0.5,34209000.0,0.5215979263551117,565158000.0,332693000.0,45979000.0,61626000.0,232465000.0,4540000.0,312376000.0,752754640.0,895302640.0,18.42562029242357,0.7460974264109305,0.3036956037072819,0.5158990420597969,0.01793064995241437,18.42562029242357,0.028031849182279158,11.477542730807349,20.17892558438773,2.262610394567965,0.0,6.911013215859031,0.0,0.11604719388206484,0.5817512089053322,0.016501580089107824,-50.9306251691475,0.5215979263551117,0.0,1.129914264441897,0.2556910488274397,0.7923962716860022,0.06829679595278246,0.005065200991486152,-0.009455858334049686,0.14311334922730398,0.10275089735240567,0.41916246331762164,Resorts & Casinos,Consumer Cyclical,MCRI
2019Q2,2019,Q2,2019-08-07,2019-06-30,9279000.0,62761000.0,11633000.0,0.5,32022000.0,0.5102213157852806,533181000.0,321125000.0,41079000.0,64366000.0,212056000.0,3700000.0,303050000.0,770271600.0,892237600.0,17.843251653053287,0.6382096137712457,0.27850204714721644,0.4624118333982094,0.0191083589546107,17.843251653053287,0.028895289996107434,12.273093162951515,20.75308761720013,2.398665940054496,0.0,8.307837837837837,0.0,0.11771049606043726,0.5116055060124911,0.017403095759226227,-40.869719318724464,0.5102213157852806,0.3157894736842105,1.8623203073528125,0.22471079517373976,0.7798934553676133,0.09619334520060249,0.3227369921596579,0.3339066620800367,0.5625105501194886,0.102777127444702,0.42461733596113516,Resorts & Casinos,Consumer Cyclical,MCRI
2019Q1,2019,Q1,2019-05-08,2019-03-31,7015000.0,58740000.0,8721000.0,0.38,29212000.0,0.49731018045624786,496614000.0,310157000.0,37513000.0,60555000.0,186457000.0,3617000.0,293771000.0,812546100.0,915427100.0,17.291464570440986,0.6194864173065808,0.25512369768069365,0.40849634217509195,0.015484523202504012,17.291464570440986,0.02261757754943464,13.832926455566906,28.957451888809693,2.6197896549167035,0.0,8.163671551009124,0.0,0.11828099892471819,0.4822888283378747,0.014125658962494009,-32.8314719786658,0.49731018045624786,-0.025641025641025664,0.9740785872245982,0.18994488973691484,0.7225940160902959,-0.034920215401896326,-0.03361344537815126,-0.0375234521575985,0.4712716730779953,0.13293732025989735,0.4239601368529683,Resorts & Casinos,Consumer Cyclical,MCRI
2018Q4,2018,Q4,2019-03-14,2018-12-31,7259000.0,59779000.0,9061000.0,0.39,30269000.0,0.5063483832114957,455127000.0,301182000.0,46681000.0,59445000.0,153945000.0,3692000.0,286756000.0,682858560.0,746896560.0,16.822050938337803,0.7852805113970898,0.2076343526092717,0.3137637707432715,0.018345540105438204,16.822050938337803,0.024101705945242413,11.42305090416367,23.51765256922441,2.267262186983286,0.0,7.992957746478873,0.0,0.13134575623946723,0.6305156026579191,0.015949394344875165,-31.594806829223153,0.5063483832114957,-0.32758620689655166,2.2098976394275613,0.22302226525835928,0.6733563286301424,-0.11798473104493269,-0.33152223961690763,-0.3465310832251551,0.34128425539590246,0.09909773993015135,0.3981047342471721,Resorts & Casinos,Consumer Cyclical,MCRI
2018Q3,2018,Q3,2018-11-07,2018-09-30,10859000.0,64359000.0,13866000.0,0.58,34318000.0,0.53322767600491,425818000.0,292652000.0,49562000.0,63896000.0,133166000.0,3324000.0,279497000.0,810414660.0,844990660.0,16.362070893436208,0.7756667084011518,0.16267513350774274,0.23669751103699957,0.030123187187325474,16.362070893436208,0.03710550414827167,12.59209527804969,18.65767243760936,2.769209368123232,0.0,9.03760529482551,0.0,0.15114203720838482,0.6514805308626518,0.025501505337961288,-26.69789688683907,0.53322767600491,0.15999999999999992,0.8027032584375549,0.20376392250910055,0.6688196918789621,0.09866820335510308,0.1753436519103799,0.22253570798800917,0.6121894806544391,0.14034925577885954,0.4216856952031798,Resorts & Casinos,Consumer Cyclical,MCRI
2018Q2,2018,Q2,2018-08-07,2018-06-30,9239000.0,59909000.0,11342000.0,0.5,31236000.0,0.5213907760102823,373246000.0,280608000.0,40074000.0,55668000.0,92638000.0,3300000.0,268638000.0,785015050.0,794852050.0,15.745917737500701,0.7198749730545376,0.09904995632906984,0.13174962937621165,0.029200195372531153,15.745917737500701,0.03292493442809898,13.10345774424544,21.241883591297757,2.797550497491162,0.0,8.68878787878788,0.0,0.1605080831408776,0.5855428612488324,0.02475311188867396,-37.0762315212771,0.5213907760102823,0.38888888888888895,0.37157855331925277,0.09629568236464651,0.6657273677221427,0.138587154625647,0.37056816496068834,0.32546453196213626,0.717672548056643,0.13555868661960022,0.4101469683543707,Resorts & Casinos,Consumer Cyclical,MCRI
2018Q1,2018,Q1,2018-05-09,2018-03-31,6741000.0,56268000.0,8557000.0,0.36,27434000.0,0.4875595365038743,343405000.0,269473000.0,42971000.0,47732000.0,73932000.0,3244000.0,259399000.0,751493300.0,748325300.0,15.164490714687675,0.9002555937316685,0.0762947540076586,0.09722680936494565,0.023013994668374057,15.164490714687675,0.025015493203400713,13.35560709461861,27.87024551253523,2.788751748783737,0.0,8.888409371146732,0.0,0.16385317627873794,0.7377440710634375,0.019629883082657503,-145.15999613675874,0.4875595365038743,0.5,0.4372218453947318,0.07316413080301222,0.68471461991208,-0.036524548711104866,0.5330907436888788,0.05161607472041293,0.578283327610294,0.12914776346172943,0.40477524375632706,Resorts & Casinos,Consumer Cyclical,MCRI
2017Q4,2017,Q4,2018-03-14,2017-12-31,4397000.0,56056000.0,8137000.0,0.24,28474000.0,0.5079563293849008,332087000.0,266474000.0,46031000.0,39413000.0,65613000.0,3335000.0,257516000.0,794075940.0,791124940.0,15.040582491392447,1.167914140004567,0.07889498836148359,0.09832103694919579,0.015654572621762102,15.040582491392447,0.016500671735328775,14.165761738261738,45.148734364339326,2.9799377800460833,0.0,8.270464767616192,0.0,0.16879913998440169,0.9662801613680765,0.013240506252879517,632.2260668789809,0.5079563293849008,-0.5102040816326531,1.9900801544972282,0.16995069111014663,0.7235355597450867,-0.14671860952951754,-0.5130675526024363,-0.3858867924528302,0.08975054860828549,0.15453500129220413,0.42236612062639506,Resorts & Casinos,Consumer Cyclical,MCRI
2017Q3,2017,Q3,2017-11-07,2017-09-30,9030000.0,63027000.0,13250000.0,0.49,33370000.0,0.5294556301267711,322489000.0,260185000.0,42206000.0,36104000.0,62304000.0,3110000.0,253119000.0,696360480.0,695739480.0,14.76981153496821,1.1690117438510967,0.08124308115935737,0.100697580567673,0.0319188248561519,14.76981153496821,0.03470607452389646,11.04860583559427,19.279083056478406,2.676405173242116,0.0,9.536012861736335,0.0,0.19543922428361898,0.9554896964325282,0.028000955071335768,1961.5788169014083,0.5294556301267711,0.22499999999999992,1.0000004798101905,0.20663186282754498,0.7146785000267307,0.09813084112149532,0.24740986324077913,0.1468882541331256,1.1138234220062362,0.23685604436510288,0.4367687333526301,Resorts & Casinos,Consumer Cyclical,MCRI
2017Q2,2017,Q2,2017-08-08,2017-06-30,7239000.0,58229000.0,11553000.0,0.4,30388000.0,0.5218705456044239,305051000.0,248120000.0,36998000.0,30731000.0,56931000.0,3191000.0,244089000.0,530191750.0,532173750.0,14.156444343013636,1.2039308841235234,0.08588727786501274,0.10559406738674834,0.02686796803854176,14.156444343013636,0.02917539900048364,9.105286884542066,18.310255214808674,2.1368360067709173,0.0,8.724851143842056,0.0,0.19088283598480255,0.974000195242589,0.02373045818568043,-2512.7571090047395,0.5218705456044239,0.48148148148148145,2.7181587952357975,0.16963098958461142,0.6980598341801446,0.1559207273003918,0.4858374384236453,0.4953404090085426,1.2929160995144906,0.16674393749108998,0.41212841287782936,Resorts & Casinos,Consumer Cyclical,MCRI
2017Q1,2017,Q1,2017-05-08,2017-03-31,4872000.0,53414000.0,7726000.0,0.27,26289000.0,0.49217433631632157,299903000.0,239679000.0,35962000.0,34024000.0,60224000.0,2904000.0,236850000.0,516270580.0,517932580.0,13.713966927962465,1.0569597930872325,0.08736158024427898,0.1093128726338144,0.018992780903249802,13.713966927962465,0.020327187613432968,9.665454375257424,26.491716954022987,2.1540084029055526,0.0,9.340564738292011,0.0,0.17810425370869915,0.8507230190453797,0.016245252631684245,-266.6686880165289,0.49217433631632157,-0.27027027027027023,1.7408713980784885,0.4242575607865139,0.671261264335282,-0.10902867213448113,-0.24698608964451313,-0.24195447409733123,0.4071064828059735,0.1105316235536203,0.36619991156514775,Resorts & Casinos,Consumer Cyclical,MCRI
2016Q4,2016,Q4,2017-03-14,2016-12-31,6470000.0,55596000.0,10192000.0,0.37,29506000.0,0.5307216346499748,295165000.0,233845000.0,39411000.0,35120000.0,61320000.0,3097000.0,231978000.0,446122900.0,445939900.0,13.513146489453915,1.1221810933940775,0.08876391171039927,0.11204002651328872,0.025741560362867857,13.513146489453915,0.027667899677136565,8.024370458306352,17.23813369397218,1.9077718146635594,0.0,8.424281562802712,0.0,0.18835566547524266,0.9062357630979498,0.021919943082682566,55.22690022282743,0.5307216346499748,-0.15909090909090912,9.63602171719909,0.5243759045420554,0.6708857652829379,-0.02748846407382993,-0.17411284146030126,-0.16813581456088803,1.9600369557155262,0.17681373765513936,0.3442064395548807,Resorts & Casinos,Consumer Cyclical,MCRI
2016Q3,2016,Q3,2016-11-08,2016-09-30,7834000.0,57109000.0,12252000.0,0.44,30340000.0,0.5312647743788195,284876000.0,225107000.0,31677000.0,29869000.0,59769000.0,2807000.0,225508000.0,436397460.0,446843460.0,12.98344676433268,1.0605309853024876,0.10495794661536949,0.13282572287845335,0.031050183677615553,12.98344676433268,0.03480122786052855,7.641483128753786,13.926393285677815,1.9386223440408341,0.0,9.536515853224083,0.0,0.20046967803535573,0.8232280960192843,0.02749968407307039,60.36761101120487,0.5312647743788195,0.375,645.4991154880577,0.4694619723903208,0.6171346749550931,0.0883133653777172,0.3755926251097454,0.36970374510899945,0.3416282846010358,0.10192191153163238,0.3242230625875417,Resorts & Casinos,Consumer Cyclical,MCRI
2016Q2,2016,Q2,2016-08-08,2016-06-30,5695000.0,54578000.0,8945000.0,0.32,27878000.0,0.510791894169812,281167000.0,216168000.0,31605000.0,29999000.0,64999000.0,2898000.0,217674000.0,379180230.0,394884230.0,12.524943507735095,1.0535351178372612,0.12448118022385272,0.1619111061766774,0.022827183699388423,12.524943507735095,0.026345249990747936,6.947492212979589,16.645312993854258,1.7540997279893416,0.0,9.213250517598343,0.0,0.19411239583592668,0.831294376479216,0.020254866324995464,811.9491006423983,0.510791894169812,0.23076923076923075,0.4966130195581216,0.3733515762040541,0.5645232773174653,0.158397739549572,0.2448087431693989,0.2494761838245565,-0.1270167952855493,0.03126360660089256,0.3249873095881968,Resorts & Casinos,Consumer Cyclical,MCRI
2016Q1,2016,Q1,2016-05-10,2016-03-31,4575000.0,49749000.0,7159000.0,0.26,24066000.0,0.4837484170536091,276578000.0,208997000.0,28423000.0,67581000.0,67581000.0,2838000.0,211979000.0,334926060.0,351917060.0,12.143222357794434,0.42057678933428033,0.12799282661672295,0.16938042172854156,0.018944473272038232,12.143222357794434,0.02189026636745982,6.7323174335162514,18.30197049180328,1.6025400364598537,0.0,9.04968287526427,0.0,0.17987330879534888,0.3238928101093503,0.01654144581275445,182.72016366612112,0.4837484170536091,-0.13333333333333328,1.7871422764165612,0.40143514936488794,0.5649432776675158,-0.08584669148370433,-0.10696857310169823,-0.10366846124953048,0.007098395865354818,-0.020351340942935964,0.34906371891572413,Resorts & Casinos,Consumer Cyclical,MCRI
2015Q4,2015,Q4,2016-03-11,2015-12-31,5123000.0,51485000.0,7987000.0,0.3,26326000.0,0.5113333980771099,274846000.0,203919000.0,31787000.0,70927000.0,70927000.0,2881000.0,207404000.0,385058560.0,404794560.0,12.03203917866415,0.4481650147334583,0.14881060666700624,0.20056983410079493,0.021304432628393762,12.03203917866415,0.025122720295803726,7.479043604933476,18.79067733749756,1.8882917236745962,0.0,8.732731690385283,0.0,0.18732308274451875,0.35958097762488195,0.018639529045356307,-298.2637955073586,0.5113333980771099,-0.1891891891891892,9.422501947780527,0.44800479954496614,0.583375253914376,-0.0702782878937703,-0.19878010634970283,-0.20519454672106677,2.6418533245881965,0.12330553990499062,0.3787795381290349,Resorts & Casinos,Consumer Cyclical,MCRI
2015Q3,2015,Q3,2015-11-06,2015-09-30,6394000.0,53576000.0,10049000.0,0.37,28316000.0,0.5285202329401224,265129000.0,195410000.0,32905000.0,31819000.0,69719000.0,2688000.0,202281000.0,305112630.0,323775630.0,11.508922786972143,1.0341305509286904,0.14294928129325724,0.19395117957115807,0.0277843877435132,11.508922786972143,0.03272094570390461,5.694949790951172,11.929646152643103,1.5613972161097178,0.0,9.397321428571429,0.0,0.20207521621550265,0.7506835538514723,0.02411656212636113,141.25584722222223,0.5285202329401224,0.2758620689655173,1.278836409870204,0.35097919902206176,0.5270063165893584,0.11169565388088415,0.2539713669346931,0.24863320079522863,0.46929897210813154,0.06417642275850156,0.33611064803145635,Resorts & Casinos,Consumer Cyclical,MCRI
2015Q2,2015,Q2,2015-08-07,2015-06-30,5099000.0,50013000.0,8048000.0,0.29,25471000.0,0.5092875852278408,258004000.0,188641000.0,33158000.0,27163000.0,69363000.0,2588000.0,195887000.0,347340640.0,369692640.0,11.16615366402273,1.2207046349814086,0.1635633556068898,0.2237053450734464,0.022597005041910336,11.16615366402273,0.027030179017286805,6.94500709815448,17.02984114532261,1.841278619176107,0.0,9.482998454404946,0.0,0.19384583184756826,0.9159518462614586,0.01976325948434908,-455.23019659239844,0.5092875852278408,0.2083333333333333,0.8298930848394898,0.320626953693248,0.5191399252343724,0.09964166990458921,0.261192184021766,0.24370267346623398,1.7171240456852723,0.04223952206643057,0.3393756638133372,Resorts & Casinos,Consumer Cyclical,MCRI
2015Q1,2015,Q1,2015-05-08,2015-03-31,4043000.0,47171000.0,6471000.0,0.24,23163000.0,0.4910432257107121,251784000.0,181582000.0,30174000.0,28202000.0,70202000.0,2854000.0,190788000.0,321953940.0,345483940.0,10.794958682599132,1.0699241188568187,0.1668096463635497,0.23130045929662632,0.018716271440239515,10.794958682599132,0.022265422784196673,6.825251531661402,19.90810907741776,1.7730498617704398,0.0,8.412053258584443,0.0,0.1873470911575001,0.7573221757322176,0.016057414291615037,701.4247058823529,0.4910432257107121,0.09090909090909087,0.5870495258873121,0.31639760138924866,0.508554512607338,0.037815314306196515,0.060876410390973495,0.3611695414387884,1.363198465730883,0.3068435240910764,0.3155344759904713,Resorts & Casinos,Consumer Cyclical,MCRI
2014Q4,2014,Q4,2015-03-13,2014-12-31,3811000.0,45859000.0,4754000.0,0.22,22319000.0,0.4866874550251859,252301000.0,176951000.0,34262000.0,29050000.0,75350000.0,2846000.0,186745000.0,277617060.0,302334060.0,10.57433966774232,1.1794148020654045,0.18351096507742737,0.26165435629072453,0.018171299836640488,10.57433966774232,0.021537035676543224,6.053709413637454,18.211562581999477,1.5688922922164894,0.0,8.271257905832748,0.0,0.1817630528614631,0.8870567986230636,0.015104973820951958,-1171.38,0.4866874550251859,-0.0833333333333333,42.951702133423694,0.38720714295501557,0.5154103362282103,-0.11189367713182921,-0.06455571919489446,-0.28682868286828683,5.478667962100247,0.30030414924659504,0.3075055200420138,Resorts & Casinos,Consumer Cyclical,MCRI
2014Q3,2014,Q3,2014-11-07,2014-09-30,4074000.0,48597000.0,6666000.0,0.24,25131000.0,0.5171306870794493,242744000.0,172702000.0,33249000.0,26642000.0,70042000.0,2616000.0,182934000.0,200088000.0,225978000.0,10.279880952380953,1.247991892500563,0.1787891770754375,0.25129992704195664,0.019602062557444892,10.279880952380953,0.023589767344906254,4.117291190814248,12.278350515463918,1.1585737281560142,0.0,8.970183486238533,0.0,0.20019856309527734,0.7967870280009008,0.016783113073855584,38.81435499515034,0.5171306870794493,0.3333333333333333,0.9185482023281307,0.3383959985698214,0.48022874670130694,0.024458847988259754,0.3472222222222222,0.2190929041697147,345.9725432219168,0.2904850362609766,0.2803958951927863,Resorts & Casinos,Consumer Cyclical,MCRI
2014Q2,2014,Q2,2014-08-08,2014-06-30,3024000.0,47803000.0,5468000.0,0.18,24531000.0,0.5131686295839173,242372000.0,168298000.0,32128000.0,25174000.0,74074000.0,2426000.0,178860000.0,254170320.0,285904320.0,10.024898737193233,1.276237387781044,0.20175597841334808,0.290556037504902,0.01465725101736205,10.024898737193233,0.017968127963493327,5.317037006045646,21.01275793650794,1.5102396938763385,0.0,9.592745259686728,0.0,0.19722987803871733,0.8145308651783586,0.012476688726420543,147.7734418604651,0.5131686295839173,-0.05263157894736847,0.6152254754651919,0.332354016020314,0.4777791030936102,0.05482456140350877,-0.07692307692307693,0.025698743200150066,-0.1830146938836266,0.23661905500156116,0.2522361811375125,Resorts & Casinos,Consumer Cyclical,MCRI
2014Q1,2014,Q1,2014-05-12,2014-03-31,3276000.0,45508000.0,5331000.0,0.19,23256000.0,0.5110310275116463,242277000.0,165989000.0,31544000.0,27388000.0,76288000.0,2394000.0,175836000.0,306412080.0,338219080.0,10.038038219641994,1.151745289907989,0.20183508958753824,0.29459783479628165,0.01611251419037582,10.038038219641994,0.019736247582671142,6.7331475784477455,23.383095238095237,1.8459782274729049,0.0,9.294903926482874,0.0,0.187834586031691,0.7110048196290346,0.013521712750281703,106.09836565096953,0.5110310275116463,0.5833333333333334,2.4635970346896787,0.3618751428833137,0.5119426324753482,0.04624868156065429,0.5910072153828446,0.28063242246120207,1.0772442934478075,0.3342955596796743,0.29364018626531563,Resorts & Casinos,Consumer Cyclical,MCRI
2013Q4,2013,Q4,2014-03-14,2013-12-31,2059073.0,44504140.0,4162787.0,0.12,22227985.0,0.4994588143934474,244523242.0,163880286.0,33979728.0,26842956.0,80642956.0,2675145.0,172560005.0,327340625.91999996,361811085.91999996,10.05288034026131,1.265871314619746,0.22001998484872043,0.3282884190231399,0.01037317666625199,10.05288034026131,0.012564494792253413,7.355284832377391,39.743688776454256,1.9974374826267998,0.0,8.327083204835626,0.0,0.18200372134768278,0.8406589423310905,0.008420765990007609,92.522944402675,0.4994588143934474,-0.625,4.2198676437866105,0.4043533689968807,0.6144180452732386,-0.14528996119156995,-0.6269463461333246,-0.5343154265488468,3.355135064956213,0.3012835888573831,0.3229247116779519,Resorts & Casinos,Consumer Cyclical,MCRI
2013Q3,2013,Q3,2013-11-08,2013-09-30,5519509.0,48989479.0,8939070.0,0.32,26006463.0,0.5308581256804139,242540582.0,160685592.0,30947026.0,25554990.0,81854990.0,2460004.0,170500932.0,311060088.3,349848590.3,9.804576835388238,1.210997382507291,0.2321261025093112,0.35037366635833783,0.026663889766947585,9.804576835388238,0.03434974431310556,6.349528401802354,14.089119534907907,1.9358306144834692,0.0,9.342674239554082,0.0,0.20198466828120334,0.7889514337512947,0.02275705349795854,48.20558582415861,0.5308581256804139,-0.13513513513513511,0.3487507668287177,0.2424717683872269,0.5105543604709929,-0.043586537383365404,-0.09815540034024788,-0.12090305826767038,1.0380037984228974,0.2798091846500582,0.3008733342160512,Resorts & Casinos,Consumer Cyclical,MCRI
2013Q2,2013,Q2,2013-08-09,2013-06-30,6120244.0,49651094.0,10168469.0,0.37,27191653.0,0.5476546599355897,242585762.0,153059603.0,30244834.0,24726159.0,89526159.0,2270474.0,164981423.0,278499854.4,325531036.4,9.452878089547756,1.2231917622142605,0.2671220250758163,0.423364485010457,0.029595083926494792,9.452878089547756,0.03998601773454227,5.609138328351838,11.376174479318143,1.8195516579250501,0.0,9.891961326137185,0.0,0.20467439469922394,0.8114485553538663,0.025229197087007934,65.73021812059153,0.5476546599355897,0.423076923076923,1.3180340311973884,0.4913347937195828,0.6248852185345853,0.05365171391084455,0.4360021417164985,0.4152527086615094,1.2916347810345694,0.36792421348927606,0.28605112792543985,Resorts & Casinos,Consumer Cyclical,MCRI
2013Q1,2013,Q1,2013-05-08,2013-03-31,4262002.0,47644027.0,7184914.0,0.26,25807060.0,0.5416641208771038,246470211.0,145345652.0,32619596.0,29324559.0,101124559.0,2364866.0,158861185.0,152592211.79999998,205169317.79999998,9.00122224586563,1.1123644178246637,0.2913130950336225,0.49399482552116525,0.021306084561520146,9.00122224586563,0.029323216356000797,3.202756387490083,8.950735581541256,1.0498574240115555,0.0,9.233913042007455,0.0,0.19330541734311252,0.7319108532885353,0.01729215868606531,16.131835730626033,0.5416641208771038,2.1553398058252426,1.111511060241141,0.5854123625717915,0.37702746874907217,0.16784606460730062,2.1814461016853,1.504599315087594,0.742816402927567,0.3850699671846348,0.2578866522083566,Resorts & Casinos,Consumer Cyclical,MCRI
2012Q4,2012,Q4,2013-03-15,2012-12-31,1339643.0,43648567.0,2868688.0,0.0824,22097998.0,0.506270870244148,248119955.0,140847790.0,31945168.0,26172165.0,107272165.0,2382802.0,154599183.0,176088250.98,238145037.98,8.726586699271218,1.2205779689987435,0.32685803122928986,0.5757988818993894,0.007725193607576306,8.726586699271218,0.009511281646662685,4.034227537870831,32.8610404003156,1.2502024417990514,0.0,9.04421307351597,0.0,0.17591719698643343,0.8214871028055952,0.005399174766092473,58.85996943489656,0.506270870244148,-0.6704,-0.609301944188567,0.3970810276057697,0.2850333413186969,-0.15778504841554916,-0.67618642226246,-0.5822234740214206,15.018430623047978,0.3689288042254259,0.250608558036863,Resorts & Casinos,Consumer Cyclical,MCRI
2012Q3,2012,Q3,2012-11-08,2012-09-30,4137081.0,47861711.0,6866561.0,0.25,26237955.0,0.5482034480547509,247619546.0,139038773.0,25158390.0,26480773.0,108580773.0,2139202.0,153259540.0,144143523.56,209234016.56,8.613749769847793,0.9500625227216744,0.33155702498541856,0.5904827713058141,0.020113416291240718,8.613749769847793,0.029754872764879765,3.011666748813054,8.710460561444167,1.0367145829170976,0.0,10.108328245766412,0.0,0.19328729001061976,0.7423983808931862,0.01670740887312668,22.06157308302871,0.5482034480547509,1.272727272727273,-0.3914909975094481,0.29683011800484405,0.19517859002136626,0.06515129777935182,1.307662830119849,1.0288659873012702,1.0277355767004843,0.37192065913623706,0.2403178680067624,Resorts & Casinos,Consumer Cyclical,MCRI
2012Q2,2012,Q2,2012-08-09,2012-06-30,1792758.0,45841782.0,3384433.0,0.11,24633078.0,0.5373499223917604,249073180.0,134548794.0,24732939.0,26524386.0,114524386.0,2265773.0,149122460.0,147511136.36,219135321.36,8.336834814686394,0.9324603781591777,0.3533098184236456,0.6540378206585783,0.009711201030094827,8.336834814686394,0.013324221991911722,3.217831635777161,20.570419482161007,1.0963393425882362,0.0,9.360471680084457,0.0,0.18404945084814028,0.7227325073613391,0.0071977159483811145,50.77783580892453,0.5373499223917604,0.09999999999999995,-0.6926653561807957,0.30478640048825395,0.22843702198874208,0.3694679823035476,0.09223470436532476,0.1865719260184316,-0.003921913774741415,0.3290653074570865,0.22894012179680057,Resorts & Casinos,Consumer Cyclical,MCRI
2012Q1,2012,Q1,2012-05-09,2012-03-31,1641367.0,34630092.0,2852278.0,0.1,17987334.0,0.5194134049658314,175642271.0,132425833.0,22944136.0,23124389.0,43216438.0,1968048.0,147329702.0,166223027.4,174030173.4,8.205758860459786,0.9922050697209773,0.10806054767989193,0.1433255096080838,0.012252691488698644,8.205758860459786,0.012394613368224007,4.799959162684292,25.31777283812822,1.255216022692491,0.0,8.45647972000683,0.0,0.19716262949025523,0.5940006890560439,0.009344942938024299,50.5207221456479,0.5194134049658314,1.857142857142857,-0.6470309483605705,0.08313074106798948,0.2831120775197589,0.03682537999028156,1.8933320171410541,1.2049678061239872,0.7781388228415633,0.06189038776689621,0.23596228480827258,Resorts & Casinos,Consumer Cyclical,MCRI
2011Q4,2011,Q4,2012-03-14,2011-12-31,567293.0,34012130.0,1293569.0,0.035,17348470.0,0.5100671436925591,179599604.0,130515980.0,24862409.0,23291575.0,49083624.0,2165109.0,145688335.0,164447830.01999998,175545171.01999998,8.087414932980579,1.0674421545129515,0.13741678405927887,0.18909561878936204,0.0046231743727187845,8.087414932980579,0.004346540553884666,4.834975934174072,72.47041212389364,1.259982341012955,0.0,7.69645315778559,0.0,0.18937753337139876,0.6818991845763973,0.0031586539578338938,-34.49230619923748,0.5100671436925591,0.0,-0.8345330499887791,0.0887723952090329,0.19091211628329707,-0.09143832655308487,49.29639152407128,7.541510119185182,0.4527049248655531,0.08415669142598389,0.2987788738641966,Resorts & Casinos,Consumer Cyclical,MCRI
2011Q3,2011,Q3,2011-11-08,2011-09-30,11279.0,36174386.0,151445.0,0.0,19094433.0,0.5278440109529433,170787659.0,129568006.0,23741239.0,21121019.0,41219653.0,1907343.0,145121042.0,157831185.23999998,162930409.23999998,8.028673780489694,1.1240574614321401,0.09368358401118432,0.12348727509166113,-0.0013346639304670875,8.028673780489694,8.705081098492787e-05,4.363064662382936,3498.341724443656,1.2181339368609254,0.0,8.954840844043257,0.0,0.21180913311775063,0.6714578969887769,6.604107150388425e-05,26.59950779398656,0.5278440109529433,-1.0,-0.998192886014856,0.019539137310760485,0.3907648691261316,-0.06302484679670112,-0.9968300818181205,-0.9732843845468039,-0.9972010446196996,-0.06829377570195716,0.2369476410388708,Resorts & Casinos,Consumer Cyclical,MCRI
2011Q2,2011,Q2,2011-08-08,2011-06-30,3558136.0,37159873.0,5668782.0,0.22,20378804.0,0.5484088710421589,171352867.0,129195596.0,19103379.0,37899181.0,42157271.0,1965832.0,145109763.0,168482369.51999998,175474787.51999998,8.005597417003848,0.5040578317510344,0.09921047892358871,0.1315834326117432,0.02520405162041613,8.005597417003848,0.027540691092906914,4.53398668827528,11.83782530515978,1.304087559764808,0.0,8.536369842387346,0.0,0.21686169394527843,0.33016048552605926,0.020764963331486013,35.463872744414275,0.5484088710421589,1.4444444444444446,-0.13354614433486794,0.15872213831409035,0.48702049596681013,0.20171838123161898,1.3117598980213703,1.1339778553168358,0.35212292740131784,0.11985839945775349,0.376107550018192,Resorts & Casinos,Consumer Cyclical,MCRI
2011Q1,2011,Q1,2011-05-10,2011-03-31,1539146.0,33285816.0,2656439.0,0.09,16958053.0,0.5094678466046919,173524131.0,125224501.0,18863976.0,44041540.0,48299630.0,1874639.0,141551627.0,167836843.20000002,179581578.20000002,7.75952875167042,0.42832235203401153,0.126783519232838,0.17568446928768355,0.011728246875889792,7.75952875167042,0.01229109309846641,5.042293185782197,27.261358441629323,1.3402875783869166,0.0,8.709817196804291,0.0,0.19182240422803212,0.28523923096240505,0.00886992484059753,54.94450716462482,0.5094678466046919,2.114186851211073,-0.6222440148967436,0.09399884741661754,0.5735184218435997,0.0065767398400202095,2.2898490318416065,1.8013293570029043,-0.23703234685426403,0.10825470286642473,0.18707037152717268,Resorts & Casinos,Consumer Cyclical,MCRI
2010Q4,2010,Q4,2011-03-16,2010-12-31,467847.0,33842481.0,948278.0,0.0289,16847253.0,0.4978137684409131,179733538.0,122581609.0,22990656.0,24293839.0,57151929.0,1883816.0,139373616.0,201641512.5,216440908.5,7.59898144733466,0.946357469480225,0.15912444788128524,0.2333139549506158,0.004638010675475315,7.59898144733466,0.0038166165692930334,5.958236705518132,107.74970903949368,1.6449572994265396,0.0,9.021702756532486,0.0,0.1882925211209051,0.7067246967430714,0.0026030033415355125,31.7426016868601,0.4978137684409131,-0.819375,-0.8884481178126139,0.13330087033327334,0.6358073202815273,-0.18162657569857496,-0.8245093563726374,-0.7848228883142934,-0.863481434630961,0.08380086757922647,0.11898785360176892,Resorts & Casinos,Consumer Cyclical,MCRI
2010Q3,2010,Q3,2010-11-08,2010-09-30,2665937.0,37680098.0,4406965.0,0.16,20586266.0,0.5463432181094646,178010489.0,121589578.0,20532146.0,19713317.0,56420911.0,1800217.0,138905769.0,181006997.82000002,202163259.82000002,7.536918912475668,1.0415368453720903,0.17976468791117134,0.26318045120610584,0.018781057569283655,7.536918912475668,0.02192570320459538,4.803782565002884,16.974050570212274,1.4886719799290693,0.0,9.495428606662419,0.0,0.211673470544761,0.7863063836491849,0.014976291649870138,27.48945726215287,0.5463432181094646,0.0,-0.5600615762839289,0.14918007362785057,0.724305060508805,0.0508223729882213,0.0021072565782227853,-0.012386612365053671,-0.6076586945840327,0.021522786511344212,0.04576570710820768,Resorts & Casinos,Consumer Cyclical,MCRI
2010Q2,2010,Q2,2010-08-09,2010-06-30,2660331.0,36155896.0,4462237.0,0.16,19590624.0,0.5418376023650472,178720715.0,118553585.0,19138487.0,17671473.0,60167130.0,1691634.0,136239832.0,163387306.89000002,191177514.89000002,7.350312817497716,1.0830159432663027,0.21150318249342276,0.31884316277740565,0.018462333538289476,7.350312817497716,0.022439903441131705,4.518967166240328,15.354039299057149,1.3781726372087357,0.0,9.792468110714257,0.0,0.20230389073812735,0.7498811219641962,0.014885409338251583,62.6328250211891,0.5418376023650472,0.06666666666666674,-0.4018900561003,0.20694045525147683,0.8369735188666618,0.05408068771005278,0.08934150538092317,0.058513320855779885,-0.5436529282985257,0.029738148718362695,0.08307248361286292,Resorts & Casinos,Consumer Cyclical,MCRI
2010Q1,2010,Q1,2010-05-10,2010-03-31,2442146.0,34351552.0,4215570.0,0.15,18585507.0,0.5410383495918903,181466640.0,115390525.0,19384577.0,20380458.0,66076115.0,1548243.0,133579501.0,137065798.0,167526682.0,7.1558293667104325,0.9511354945997779,0.22593684436985223,0.3553151352764883,0.017521021393177617,7.1558293667104325,0.021164181374510604,3.9900904040667506,14.031286213027396,1.187842745320727,0.0,10.18318506849377,0.0,0.18929954288016795,0.666311228138249,0.013457823432450174,37.87610896782436,0.5410383495918903,27.846153846153843,-0.26051549366664073,0.27001316394767316,0.9336425590902137,0.11879732297795316,28.232203775301343,12.052916769878623,-0.4744109067305741,0.07526965501521245,0.1189374732103999,Resorts & Casinos,Consumer Cyclical,MCRI
2009Q4,2009,Q4,2010-03-16,2009-12-31,83543.0,31851514.0,322960.0,0.0052,16612041.0,0.5215463541230725,185786714.0,112504422.0,22135606.0,21086635.0,73282292.0,1706867.0,131137355.0,130596518.69999999,164676195.7,6.977872207247436,1.0497457749897032,0.26105203626132273,0.4310941662364169,-0.0010742071747571423,6.977872207247436,0.0007425752562863707,4.100166751885012,390.80628748069853,1.160812316337219,0.0,8.928330678371543,0.0,0.17144129046816556,0.7926834224616682,0.0004496715518634987,31.421439063279312,0.5215463541230725,-0.9600000000000001,-0.9748460736299731,0.18777185904555424,0.9901681876451195,-0.11748652154175977,-0.9590045037485438,-0.9099153880784608,-0.9756094673064113,0.020565147941549088,0.027526425483503827,Resorts & Casinos,Consumer Cyclical,MCRI
2009Q3,2009,Q3,2009-11-09,2009-09-30,2037858.0,34845800.0,3585074.0,0.13,18823555.0,0.540195805520321,182549044.0,111968057.0,19338304.0,17320956.0,70580987.0,1514146.0,131053812.0,173479100.68,210942328.68,6.944792131141684,1.1164686290987633,0.26650372378833165,0.4344989214200618,0.014512060355428109,6.944792131141684,0.018200351552050242,4.978479491933031,21.282039852629573,1.5493624282504073,0.0,10.581704142136887,0.0,0.19088459318362686,0.82745975453087,0.011163345232309187,48.314646359630714,0.540195805520321,0.18181818181818185,-0.5725345319575719,0.15755073864589977,1.1153557135805687,0.006306457390889963,0.1334543622122922,0.08614447574388,-0.673180515060086,-0.016957610462159364,0.20300976019807176,Resorts & Casinos,Consumer Cyclical,MCRI
2009Q2,2009,Q2,2009-08-10,2009-06-30,1797918.0,34455358.0,3300734.0,0.11,18705589.0,0.5428934739264645,180749381.0,109368104.0,18734407.0,17165906.0,71381277.0,1429987.0,129015954.0,117690950.39999999,158764471.39999998,6.783759978881095,1.0913730390927225,0.2882444172796365,0.47637289204538097,0.013287118523925645,6.783759978881095,0.016439143902503787,3.4157517794474805,16.36489406079699,1.076099393658685,0.0,11.013924602111768,0.0,0.1906250400934983,0.8175204967334669,0.009947021616632811,24.18296599247784,0.5428934739264645,0.8333333333333334,-0.5196589489357155,0.2245967759056146,1.2701710625358884,0.11780572293728461,0.9496811833087534,0.7071052020478639,-0.5617453542810068,0.07546332165633046,0.2600671258948862,Resorts & Casinos,Consumer Cyclical,MCRI
2009Q1,2009,Q1,2009-05-11,2009-03-31,922160.0,32579184.0,1933527.0,0.06,16734204.0,0.5136471189701989,182521868.0,107036954.0,19733237.0,18369543.0,75484914.0,1418374.0,127218036.0,83189767.68,127661524.68,6.639166066246671,1.0742366862365602,0.3062646718036,0.5222495400980861,0.007713218692933155,6.639166066246671,0.008615342323736156,2.553463821561645,22.55296469159365,0.7772060449328556,0.0,11.17122846301469,0.0,0.1784946886473899,0.8120255904025484,0.005052326113603001,-35.010141429751,0.5136471189701989,1.4896265560165975,-0.6124299018473239,0.23884477354125117,1.4040258539629793,-0.010283545516909402,1.2473125878846514,1.0169900481942793,-0.7734460861028545,0.07184407618470194,0.3463253304743685,Resorts & Casinos,Consumer Cyclical,MCRI
2008Q4,2008,Q4,2009-03-16,2008-12-31,410339.0,32965112.0,958620.0,0.0241,16908079.0,0.5129082831570541,182501496.0,105594489.0,19946860.0,27291636.0,76907007.0,1564347.0,126295876.0,197557111.8,235800211.8,6.226937545510321,0.7308781342386363,0.2739703569334029,0.4735095597649987,0.004682889610501118,6.226937545510321,0.003885988784888196,5.992914927757564,120.36213460090316,1.8709036207372527,0.0,10.264367816091953,0.0,0.18062927001979207,0.5533322003854954,0.0022484144458739122,-21.05832437414099,0.5129082831570541,-0.9036,-0.7437010815419504,0.29022100013149604,1.3974492786667712,-0.2045000677028066,-0.898070022691734,-0.8446000788817275,-0.9069280014686882,0.05012446038127701,0.3404520185339351,Resorts & Casinos,Consumer Cyclical,MCRI
2008Q3,2008,Q3,2008-11-10,2008-09-30,4025695.0,38787199.0,6168729.0,0.25,21254658.0,0.5479812553621106,172860663.0,104643608.0,19549492.0,65391622.0,68217055.0,1591575.0,125885537.0,183630126.72,215487126.72,6.490714331082502,0.29896019401384477,0.2458627617319737,0.4061404304790408,0.027568435458379854,6.490714331082502,0.038470529418289934,4.734297176756693,11.403628859116253,1.7548145579995675,0.0,11.015843425537597,0.0,0.22438418508206232,0.21544983239596044,0.023288670366837596,-21.251597857968182,0.5479812553621106,0.5625,0.27235110270215884,0.42905836127771124,1.5822461226883529,0.10759896507789274,0.4362591213466895,0.3959242832250911,-0.3352395411691384,0.1837139888939412,0.48495316154679596,Resorts & Casinos,Consumer Cyclical,MCRI
2008Q2,2008,Q2,2008-08-11,2008-06-30,2802903.0,35343765.0,4419100.0,0.16,19189850.0,0.5429486643542362,162187594.0,99999317.0,20446449.0,59362844.0,62188277.0,1471347.0,121859842.0,202832560.0,225159812.0,5.81756666976939,0.344431762736974,0.20963378986927939,0.34000232221586074,0.021327998689581105,5.81756666976939,0.028029221439582433,5.738849836739238,18.09129320565143,2.028339453558468,0.0,10.978997476462045,0.0,0.217919041329388,0.2586225821660431,0.017281858191940377,-14.831927780399273,0.5429486643542362,0.3333333333333334,0.3055359163546424,0.3198828284102165,1.5094452512803842,0.043749093375263476,0.21757830368053255,0.3494077885847387,-0.4087017136607033,0.10706400731149647,0.45391307580372986,Resorts & Casinos,Consumer Cyclical,MCRI
2008Q1,2008,Q1,2008-05-12,2008-03-31,2302031.0,34273393.0,3274844.0,0.12,18385501.0,0.5364365588198402,146237307.0,120378886.0,24554671.0,23032988.0,25858421.0,1411596.0,119056939.0,326144455.56,310406378.56,6.53670493155999,1.0660653754519387,0.0,0.0,0.017781086322212696,6.53670493155999,0.01912321235469815,9.515966381268408,35.4192075997239,2.7093161134586343,0.0,11.255268504586297,0.0,0.23436832709180017,0.846873666586376,0.01574174912835341,-24.740486399480044,0.5364365588198402,-0.42857142857142855,0.28793469836642666,0.2972136714396853,2.0262317566186194,-0.10609808761254422,-0.4314074723216244,-0.41829579726669486,-0.389638182998014,0.10952653886184345,0.7663432432696177,Resorts & Casinos,Consumer Cyclical,MCRI
2007Q4,2007,Q4,2008-03-17,2007-12-31,4048648.0,36890164.0,5629741.0,0.21,20567694.0,0.5575386978491069,154285868.0,129418938.0,49692746.0,22041497.0,24866930.0,1496046.0,116754908.0,458906598.64,420070778.64,6.790941852384954,2.254508666085611,0.0,0.0,0.028533366445493313,6.790941852384954,0.03128327324089153,12.439809122019625,28.33702748670667,3.5458998948051943,0.0,10.910406498195911,0.0,0.23910267659770368,1.9947847462447763,0.026241210893015815,-252.61256683485243,0.5575386978491069,-0.4878048780487805,2.0943459608224626,0.35807022890231854,2.1873642759067686,-0.2227168242476051,-0.49618666382611865,-0.5207730193182474,0.03129877014284901,0.16383737132436507,0.9368535331912689,Resorts & Casinos,Consumer Cyclical,MCRI
2007Q3,2007,Q3,2007-11-08,2007-09-30,8036008.0,43623296.0,11747546.0,0.41,26461005.0,0.60657968164533,160934564.0,137504359.0,64137444.0,19721591.0,23430205.0,1478542.0,112706260.0,553483588.62,500534234.62,7.207081721313134,3.252143500998474,0.0,0.0,0.05574437961193807,7.207081721313134,0.05844184183281055,12.687798478592722,17.218860055266248,4.025207583564678,0.0,11.60757760009523,0.0,0.2710623182227032,2.9175930075824006,0.04993338783333082,796.1593180301269,0.60657968164533,0.13888888888888887,1.3003848020557007,0.41265849319643244,2.5035896984145545,0.0611114419439497,0.16456289082596062,0.16542109209970113,0.42444390109744295,0.22457656581105792,1.1952480663975669,Resorts & Casinos,Consumer Cyclical,MCRI
2007Q2,2007,Q2,2007-08-08,2007-06-30,6900450.0,41561320.0,10080087.0,0.36,24937065.0,0.6000065686075419,154721945.0,129566932.0,60885464.0,21271399.0,25155013.0,1494922.0,104670252.0,512613648.6,461196910.6,6.786538231475408,2.862315920076531,0.0,0.0,0.05088344826950147,6.786538231475408,0.05325780192124947,12.333911641882406,18.571747081712065,3.9563617096374557,0.0,11.1204832091574,0.0,0.26861942564126895,2.5876251016682073,0.04459903861730797,72.3501644278138,0.6000065686075419,0.28571428571428553,2.033568048471088,0.48937103630089995,2.6147832948025087,0.14198598983714344,0.2557432860331145,0.2247491229997152,0.5567955142766257,0.24738354865663267,1.271100798945145,Resorts & Casinos,Consumer Cyclical,MCRI
2007Q1,2007,Q1,2007-05-10,2007-03-31,5495112.0,37781591.0,8230328.0,0.28,21836577.0,0.5779686990947522,145808274.0,121959490.0,52940113.0,19801170.0,23848784.0,1409531.0,97769802.0,495832272.0,451640867.0,6.395200391474317,2.6735850962342123,0.0,0.0,0.04401517261125891,6.395200391474317,0.045056862733683124,13.123647228090526,22.557878347156528,4.065548913003818,0.0,11.312283305581786,0.0,0.2591182925599956,2.392456859872422,0.03768724400372506,71.98945578468336,0.5779686990947522,0.03703703703703707,2.430784259769033,0.4494179405824538,2.655667870892154,0.04744227887408974,0.07347372533697988,0.10334735274888104,0.9524472043565549,0.2145508451376649,1.3156864776346764,Resorts & Casinos,Consumer Cyclical,MCRI
