Quarters,Year,Quarter,FillingDate,Date,NetIncome,Revenue,OperatingIncome,EPSDiluted,GrossProfit,GrossProfitRatio,TotalAssets,CommonStockEquity,CurrentAssets,CurrentLiability,TotalLiability,Inventory,RetainedEarnings,MarketCap,EnterpriseValue,bookValuePerShare,currentRatio,debtToAssets,debtToEquity,roic,shareholdersEquityPerShare,roe,priceToSalesRatio,peRatio,pbRatio,payoutRatio,inventoryTurnover,dividendYield,assetTurnover,quickRatio,returnOnAssets,priceToFreeCashFlowsRatio,grossProfitMargin,epsdilutedGrowth,fiveYNetIncomeGrowthPerShare,fiveYRevenueGrowthPerShare,fiveYShareholdersEquityGrowthPerShare,grossProfitGrowth,netIncomeGrowth,operatingIncomeGrowth,threeYNetIncomeGrowthPerShare,threeYRevenueGrowthPerShare,threeYShareholdersEquityGrowthPerShare,Industry,Sector,Symbol
2023Q1,2023,Q1,2023-03-31,2023-03-31,-10973740.0,17700142.0,-12044699.0,-0.0695,7881423.0,0.4452745633,291044344.0,228248076.0,224102582.0,47814656.0,57511859.0,3420013.0,0.0,151525736.64,-8403049.360000014,1.4460787838345137,4.6869014805836935,0.02201413335144558,0.028070725117525196,-0.04995315733601076,1.4460787838345137,-0.04807812706381805,8.5607074022344,-3.4520076254768197,0.6638642449717735,,2.8709595548321016,,0.06081596280737206,4.104648938601587,-0.037704701109051615,0.0,0.44527456333401166,-7.95,-5.02490137611513,-0.7833881006197703,0.0,-0.7081298635005413,-7.824711339090589,-1.9512352032633908,-5.02490137611513,-0.7833881006197703,0.0,Diagnostics & Research,Healthcare,PRE
2022Q4,2022,Q4,2022-12-31,2022-12-31,1607942.0,52320754.0,12662167.0,0.01,27003184.0,0.5161084643,307976609.0,237064127.0,242137663.0,57195115.0,67938486.0,4861418.0,0.0,230773086.0,90759054.0,2.0545214444980817,4.233537479555728,0.0215800901944472,0.028035296120530292,0.024473463565962354,2.0545214444980817,0.006782730142886612,4.410737008874146,35.880194372682595,0.9734627036168993,,5.2078570491161225,,0.16988547984174993,3.7202273306033216,0.005220987415963139,0.0,0.5161084643390269,1.0476190476190477,1.018036766473264,-0.22241552812546558,1.5688717436639352,-0.4232423524973139,1.1079283262941344,-0.36568108406488364,1.018036766473264,-0.22241552812546558,1.5688717436639352,Diagnostics & Research,Healthcare,PRE
2022Q3,2022,Q3,2022-09-30,2022-09-30,-14898239.0,79680227.0,19961831.0,-0.21,46818944.0,0.5875854746,269602104.0,207354381.0,250092295.0,49546534.0,62332753.0,8210825.0,0.0,266004946.61999997,135406724.61999997,2.9465600927327595,5.0476244211149055,0.05225576800394703,0.06794293388959069,0.11549273319363884,2.9465600927327595,-0.07184916435404372,3.3384059839588556,-4.463697800458162,1.2828518275676075,,4.002190157505488,,0.29554749691419324,4.6620830631664365,-0.05526009915708967,0.0,0.5875854746247147,0.8384615384615385,0.0,0.0,0.0,1.1580597305591054,0.8966671601566392,1.1867548593909805,0.0,0.0,0.0,Diagnostics & Research,Healthcare,PRE
2022Q2,2022,Q2,2022-06-30,2022-06-30,-144177195.0,51716268.0,-106887880.0,-1.3,21694925.0,0.4194990443,278244627.0,219086965.0,231174279.0,47268707.0,59242684.0,11296467.0,0.0,448358307.16,328121443.16,1.9741160684776637,4.890641053498671,0.05082843522437542,0.06455308283630658,-0.4496319484951096,1.9741160684776637,-0.6580820314891851,8.669579698983693,-0.7774431787912089,2.0464855458653144,,2.657586925186432,,0.1858661874538192,4.3106978576756925,-0.5181670408320229,0.0,0.41949904428525275,-3.3333333333333335,-13.75348666713379,-0.34555947835955586,0.0,-0.39799585063841103,-3.3708739941458616,-203.90344100450494,-13.75348666713379,-0.34555947835955586,0.0,Diagnostics & Research,Healthcare,PRE
2022Q1,2022,Q1,2022-03-31,2022-03-31,-32985896.0,92044049.0,-521650.0,-0.3,36037833.0,0.391528115,169577135.0,-424949410.0,127258957.0,73526411.0,594611566.0,15684851.0,0.0,849121073.5305611,831695969.5305611,-3.829085514442611,1.7307924495321825,0.0991985977354789,-0.0395854508893188,0.001362041856837675,-3.829085514442611,0.07762311283124267,9.225159939786668,-6.435485893202363,-1.99816979044767,,3.5707203084045873,,0.5427857299275637,1.4122676408073285,-0.19451853576839825,0.0,0.39152811497894885,0.6103896103896104,-18.206869624140396,0.6020434136059162,0.0,0.5163957951906072,0.6152934458035382,0.9830374950862714,-18.206869624140396,0.6020434136059162,0.0,Diagnostics & Research,Healthcare,PRE
2021Q4,2021,Q4,2021-12-31,2021-12-31,-85743005.0,64716261.0,-30753123.0,-0.77,23765453.0,0.3672253717,148507321.0,-400809938.0,106892532.0,58737734.0,549402234.0,6829226.0,0.0,852562321.122337,822540579.122337,-3.61157232255115,1.8198273021563958,0.035467679064791695,-0.0131414156701873,0.07755692105853823,-3.61157232255115,0.21392434885184908,13.17385009499138,-2.485807212851757,-2.127098757522168,,5.996405449168032,,0.435778253652559,1.577471630076843,-0.5773655091387717,0.0,0.3672253716882686,0.0,0.0,0.0,0.0,0.0,0.0,0.0,0.0,0.0,0.0,Diagnostics & Research,Healthcare,PRE
2021Q2,2021,Q2,2021-06-30,2021-06-30,-9772377.0,79023326.0,14818977.0,-0.088056,34690949.0,0.43899631610038786,,,,,,,,862885952.918318,,,0.0,0.0,0.0,0.0,,0.0,10.919382878396158,-22.074617897936143,0.0,,0.0,,0.0,0.0,0.0,0.0,0.43899631610038786,-6.097603334491142,0.0,0.0,0.0,0.5815237941017204,-6.09769438904883,0.3403026344553369,0.0,0.0,0.0,Diagnostics & Research,Healthcare,PRE
2021Q1,2021,Q1,2021-03-31,2021-03-31,1917019.0,57454154.0,11056441.0,0.017274,21935142.0,0.38178513602341096,,,,,,,,862885952.918318,,,0.0,0.0,0.0,0.0,,0.0,15.01868695026504,112.52965579870596,0.0,,0.0,,0.0,0.0,0.0,0.0,0.38178513602341096,0.0,0.0,0.0,0.0,0.0,0.0,0.0,0.0,0.0,0.0,Diagnostics & Research,Healthcare,PRE
