Quarters,Year,Quarter,FillingDate,Date,NetIncome,Revenue,OperatingIncome,EPSDiluted,GrossProfit,GrossProfitRatio,TotalAssets,CommonStockEquity,CurrentAssets,CurrentLiability,TotalLiability,Inventory,RetainedEarnings,MarketCap,EnterpriseValue,bookValuePerShare,currentRatio,debtToAssets,debtToEquity,roic,shareholdersEquityPerShare,roe,priceToSalesRatio,peRatio,pbRatio,payoutRatio,inventoryTurnover,dividendYield,assetTurnover,quickRatio,returnOnAssets,priceToFreeCashFlowsRatio,grossProfitMargin,epsdilutedGrowth,fiveYNetIncomeGrowthPerShare,fiveYRevenueGrowthPerShare,fiveYShareholdersEquityGrowthPerShare,grossProfitGrowth,netIncomeGrowth,operatingIncomeGrowth,threeYNetIncomeGrowthPerShare,threeYRevenueGrowthPerShare,threeYShareholdersEquityGrowthPerShare,Industry,Sector,Symbol
2023Q1,2023,Q1,2023-05-08,2023-03-31,-27900000.0,395800000.0,10200000.0,-0.17,160300000.0,0.4050025265,6039700000.0,1140400000.0,339700000.0,594100000.0,4895200000.0,29100000.0,-1264200000.0,2669835000.0,7030535000.0,6.9325227963525835,0.5717892610671604,0.7290925045945991,3.861364433532094,0.001436255379712098,6.9325227963525835,-0.02446509996492459,6.745414350682163,-23.92325268817204,2.34113907400912,-1.863799283154122,8.092783505154639,0.0194768590568331,0.06553305627762969,0.5098468271334792,-0.0046194347401360995,-200.73947368421054,0.4050025265285498,-1.5,-3.5869401115601725,-0.011649100334535424,-0.14981961112057018,-0.37186520376175547,-1.4712837837837838,-0.9028571428571428,-5.001006527480194,-0.10138912007144003,-0.03014774412294698,REIT—Specialty,Real Estate,OUT
2022Q4,2022,Q4,2023-02-23,2022-12-31,59200000.0,494700000.0,105000000.0,0.34,255200000.0,0.515868203,5990000000.0,1225400000.0,390400000.0,551600000.0,4760600000.0,28900000.0,-1183400000.0,2720777999.9999995,6893478000.0,7.467397928092627,0.7077592458303118,0.703355592654424,3.4381426472988412,0.012710301471081577,7.467397928092627,0.04831075567161743,5.4998544572468155,11.489771959459459,2.2203182634241876,0.8699324324324325,8.28719723183391,0.018928409447591832,0.08258764607679465,0.6452139231327049,0.009883138564273789,48.4987165775401,0.5158682029512837,0.4782608695652174,0.4084713031387593,0.041183794350262946,-0.12371403536225711,0.15422885572139303,0.45098039215686275,0.41318977119784656,0.15121132101022414,-0.11309120504946424,-0.019639474790545612,REIT—Specialty,Real Estate,OUT
2022Q3,2022,Q3,2022-11-04,2022-09-30,40800000.0,453700000.0,74300000.0,0.23,221100000.0,0.4873264272,5905800000.0,1325800000.0,424000000.0,516100000.0,4575800000.0,31600000.0,-1191100000.0,2491160000.0,6573260000.0,8.084146341463414,0.8215462119744236,0.705001862575773,3.140443505807814,0.010649896516030294,8.084146341463414,0.030773872378941018,5.4907648225699806,15.264460784313725,1.8789862724392818,1.2598039215686274,7.360759493670886,0.02063295813998298,0.07682278438145553,0.7450106568494478,0.0069084628670120895,52.77881355932203,0.48732642715450736,-0.1785714285714286,-0.3199018617405109,-0.022854665473260136,-0.062374323910603074,-0.0116227089852481,-0.15,-0.07008760951188986,-0.07816222348269998,-0.14224680290046143,0.060628165933992326,REIT—Specialty,Real Estate,OUT
2022Q2,2022,Q2,2022-08-04,2022-06-30,48000000.0,450200000.0,79900000.0,0.28,223700000.0,0.496890271,5909000000.0,1215400000.0,441800000.0,506000000.0,4689500000.0,27600000.0,-1180400000.0,2779800000.0,6828600000.0,7.410975609756098,0.8731225296442687,0.7049923844982231,3.427513575777522,0.011253955004472004,7.410975609756098,0.03949317097251934,6.1745890715237675,14.478125,2.2871482639460257,1.0708333333333333,8.206521739130435,0.018490538887689763,0.07618886444406837,0.8011857707509882,0.008123201895413776,52.74762808349146,0.4968902709906708,216.38461538461544,0.09341923607915317,-0.03969232095147806,-0.1309237503069674,0.39203484754200374,241.0,1.8035087719298246,-0.1719924356301217,-0.15061784375182308,-0.03928046891838141,REIT—Specialty,Real Estate,OUT
2022Q1,2022,Q1,2022-05-03,2022-03-31,-200000.0,373500000.0,28500000.0,-0.0013,160700000.0,0.4302543507,5843000000.0,1334500000.0,660700000.0,465800000.0,4504100000.0,28800000.0,-1176800000.0,4321360000.0,8101260000.0,8.779605263157896,1.418419922713611,0.7077870956700325,3.0989883851629823,0.00035485851106349247,8.779605263157896,-0.00014986886474334957,11.569906291834002,-5401.7,3.2381865867366053,-257.5,7.388888888888889,0.011917544476738805,0.06392264247817901,1.332546157148991,-3.422899195618689e-05,2880.9066666666668,0.43025435073627843,-1.003170731707317,-1.0727894736842105,0.02793664628904382,0.02448481935094243,-0.3507070707070707,-1.002828854314003,-0.7301136363636364,-1.0303494391716996,-0.06985950044603023,0.1750123280950404,REIT—Specialty,Real Estate,OUT
2021Q4,2021,Q4,2022-02-24,2021-12-31,70700000.0,464500000.0,105600000.0,0.41,247500000.0,0.5328310011,5924700000.0,1377500000.0,777300000.0,507700000.0,4534200000.0,0.0,-1122000000.0,3904992000.0,7596692000.0,9.460851648351648,1.5310222572385266,0.6948031123938765,2.9883847549909257,0.01457163870840966,9.460851648351648,0.05132486388384755,8.406871905274489,13.808316831683168,2.834839927404719,0.3055162659123055,0.0,0.005531381370307545,0.07840059412290917,1.4482962379357889,0.011933093658750654,233.83185628742515,0.5328310010764262,1.2777777777777777,1.5191584731058416,0.10783623774313249,0.0589646585063893,0.24122367101303913,1.13595166163142,0.6246153846153846,0.18592825443786984,-0.014859546399665784,0.19847748936772322,REIT—Specialty,Real Estate,OUT
2021Q3,2021,Q3,2021-11-05,2021-09-30,33100000.0,399200000.0,65000000.0,0.18,199400000.0,0.499498997995992,5783400000.0,1310300000.0,801200000.0,476800000.0,4459400000.0,0.0,-1171500000.0,3669120000.0,7227320000.0,8.999313186813186,1.6803691275167785,0.7034789224331708,3.1050141189040676,0.009204215808753467,8.999313186813186,0.025261390521254673,9.191182364729459,27.71238670694864,2.800213691521026,0.6525679758308157,0.0,0.005886970172684459,0.06902514092056576,1.585989932885906,0.00572327696510703,267.81897810218976,0.499498997995992,30.12,-0.17658129272302506,-0.011591856419442607,-0.00758732637028949,0.31704095112285335,37.77777777777778,1.2336769759450172,-0.3233378533859303,-0.077916651190432,0.1592420260061742,REIT—Specialty,Real Estate,OUT
2021Q2,2021,Q2,2021-08-06,2021-06-30,-900000.0,341000000.0,29100000.0,-0.006181318681318681,151400000.0,0.4439882697947214,5772000000.0,1293300000.0,782200000.0,467600000.0,4464600000.0,0.0,-1183000000.0,3498768000.0,7050468000.0,8.882554945054945,1.672797262617622,0.706981981981982,3.1552617335498336,0.0008512754505031593,8.882554945054945,-0.0006958942240779402,10.260316715542523,-971.8800000000001,2.705302713987474,-7.777777777777778,0.0,0.0020007042478952593,0.05907830907830908,1.5727117194183062,-0.00015592515592515593,1399.5072,0.4439882697947214,0.9881128486897718,-1.029908906882591,-0.16177953243227053,-0.024447015830617282,0.8553921568627451,0.9867060561299852,1.9387096774193548,0.8345308537616231,-0.18842173509835936,0.1504016080681507,REIT—Specialty,Real Estate,OUT
2021Q1,2021,Q1,2021-05-05,2021-03-31,-67700000.0,259200000.0,-31000000.0,-0.52,81600000.0,0.3148148148148148,5713900000.0,1289800000.0,777500000.0,432700000.0,4409700000.0,0.0,-1175100000.0,3160983999.9999995,6661684000.0,8.907458563535911,1.7968569447654263,0.7106704702567423,3.148317568615289,-0.004264206047287736,8.907458563535911,-0.05248875794696852,12.195154320987653,-11.672762186115213,2.4507551558381144,-0.10782865583456426,0.0,0.0023094074503382496,0.04536306200668545,1.6752946614282413,-0.011848299760233817,-129.5485245901639,0.3148148148148148,-27.0,-26.97117463367764,-0.29302065955813783,0.04739899020897393,-0.48872180451127817,-16.74418604651163,-1.7848101265822784,-8.131291360573128,-0.264694677394829,0.09237961531965419,REIT—Specialty,Real Estate,OUT
2020Q4,2020,Q4,2021-02-26,2020-12-31,4300000.0,335800000.0,39500000.0,0.02,159600000.0,0.4752829064919595,5896900000.0,1357200000.0,974700000.0,534900000.0,4513200000.0,0.0,-1100400000.0,2826420000.0,4816820000.0,9.392387543252594,1.8222097588334267,0.45800335769641676,1.989979369289714,0.006189034967807746,9.392387543252594,0.0031682876510462717,8.41697438951757,164.32674418604648,2.0825375773651635,1.627906976744186,0.0,0.0024766312154598396,0.05694517458325561,1.7191998504393344,0.0007291966965693839,118.2602510460251,0.4752829064919595,1.213925925925926,1.0554082717222844,-0.19757776784047446,0.06580284178752843,0.2616600790513834,1.3185185185185184,0.5737051792828686,-0.8838188995565086,-0.19738565923723675,0.10218009778580106,REIT—Specialty,Real Estate,OUT
2020Q3,2020,Q3,2020-11-05,2020-09-30,-13500000.0,282300000.0,25100000.0,-0.09349030470914127,126500000.0,0.4481048529932696,5870500000.0,1348000000.0,938200000.0,527000000.0,4495100000.0,0.0,-1097700000.0,2101020000.0,4110020000.0,9.335180055401661,1.7802656546489564,0.45985861510944553,2.002670623145401,0.006324640961499392,9.335180055401661,-0.010014836795252226,7.442507970244421,-38.90777777777778,1.5586201780415432,-0.5185185185185185,0.0,0.003331715071727066,0.048087897112682056,1.6736242884250474,-0.0022996337620304914,116.07845303867403,0.4481048529932696,0.7875220347519517,-1.6063640045993832,-0.3048601097288155,-0.037790661455975635,0.6032953105196451,0.7668393782383419,1.9691119691119692,-1.2555770460096052,-0.30947736918346075,0.08272464910348983,REIT—Specialty,Real Estate,OUT
2020Q2,2020,Q2,2020-08-06,2020-06-30,-57900000.0,232900000.0,-25900000.0,-0.44,78900000.0,0.33877200515242595,5887100000.0,1359500000.0,887700000.0,507700000.0,4500400000.0,0.0,-1077200000.0,2046148000.0,4096748000.0,9.414819944598339,1.7484735079771518,0.45835810500925755,1.9848473703567489,-0.004577870264584807,9.414819944598339,-0.0425891872011769,8.785521683125806,-8.834835924006908,1.5050739242368516,-0.09499136442141623,0.0,0.0026879776047480436,0.03956107421311002,1.6698837896395509,-0.009835063104075012,116.2584090909091,0.33877200515242595,-12.0,-3.481676274612563,-0.4239411650766471,-0.05597587361321473,-0.508411214953271,-10.491803278688524,-1.7662721893491125,-2.4979616369623168,-0.435776651038047,0.10406467917872059,REIT—Specialty,Real Estate,OUT
2020Q1,2020,Q1,2020-05-08,2020-03-31,6100000.0,385300000.0,33800000.0,0.04,160500000.0,0.41655852582403324,5804300000.0,1028600000.0,782700000.0,642600000.0,4747300000.0,0.0,-1013800000.0,1939772000.0,4379972000.0,7.148019457956915,1.2180205415499532,0.5044535947487208,2.8465875947890336,0.008752571962275546,7.148019457956915,0.005930390822477153,5.034445886322346,79.49885245901639,1.8858370600816643,9.114754098360656,0.0,0.028663162474765077,0.0663818203745499,1.1649548708372237,0.001050944989059835,-317.99540983606556,0.41655852582403324,-0.870967741935484,4.275696506412282,0.0658828816577051,-0.2949828070646242,-0.3087855297157623,-0.8644444444444445,-0.6551020408163265,1.345045170257123,0.1201019310395276,-0.1659035681442446,REIT—Specialty,Real Estate,OUT
2019Q4,2019,Q4,2020-02-26,2019-12-31,45000000.0,488100000.0,98000000.0,0.31,232200000.0,0.4757221880762139,5382300000.0,1093800000.0,435800000.0,650000000.0,4255900000.0,0.0,-964600000.0,3851352000.0,6209352000.0,7.616991643454039,0.6704615384615384,0.4490831057354662,2.209818979703785,0.018713221949185732,7.616991643454039,0.04114097641250686,7.890497848801475,21.3964,3.5210751508502467,1.1577777777777778,0.0,0.013527717019893274,0.09068613789643833,0.5370769230769231,0.00836073797447188,46.29028846153846,0.4757221880762139,0.14814814814814806,0.3549327668784193,0.034336236380945594,-0.36661197126034206,0.07004608294930875,0.16279069767441862,0.14619883040935672,0.6257565920371959,0.18033583193263167,-0.14742083964907343,REIT—Specialty,Real Estate,OUT
2019Q3,2019,Q3,2019-11-05,2019-09-30,38700000.0,462500000.0,85500000.0,0.27,217000000.0,0.46918918918918917,5320900000.0,1093000000.0,460000000.0,645100000.0,4194700000.0,0.0,-957300000.0,3983652000.0,6347852000.0,7.622036262203626,0.7130677414354364,0.45528012178390875,2.216376944190302,0.01595711465705876,7.622036262203626,0.03540713632204941,8.613301621621622,25.734186046511628,3.6446953339432753,1.3462532299741603,0.0,0.013078451631819244,0.08692138547990001,0.5410013951325376,0.007273205660696499,85.48609442060086,0.46918918918918917,-0.22857142857142848,-0.869573349824834,0.15016133344109622,-0.41630864616181545,-0.011839708561020037,-0.23061630218687873,-0.036076662908680945,-0.022501894376173708,0.16270554338654186,-0.15946859182987017,REIT—Specialty,Real Estate,OUT
2019Q2,2019,Q2,2019-08-06,2019-06-30,50300000.0,459900000.0,88700000.0,0.35,219600000.0,0.4774951076320939,5665000000.0,1097700000.0,846800000.0,959300000.0,4530100000.0,0.0,-943900000.0,3655687000.0,5973187000.0,7.713984539704849,0.8827269884290628,0.49290379523389233,2.543773344265282,0.014918376358836711,7.713984539704849,0.04582308463150223,7.948873668188737,18.16941848906561,3.330315204518539,1.0357852882703777,0.0,0.014251767178098125,0.08118270079435128,0.7846346294172835,0.008879082082965579,238.93379084967322,0.4774951076320939,7.75,0.8889010892480674,0.15687488021465545,-0.32556865867893475,0.4186046511627907,7.245901639344262,1.4037940379403795,0.7103401511508919,0.15670807298216488,-0.1527887320601317,REIT—Specialty,Real Estate,OUT
2019Q1,2019,Q1,2019-05-08,2019-03-31,6100000.0,371700000.0,36900000.0,0.04,154800000.0,0.41646489104116224,5077000000.0,1051300000.0,351700000.0,538500000.0,3985100000.0,0.0,-941900000.0,3343032000.0,5631032000.0,7.471926083866382,0.6531104921077066,0.461039984242663,2.226481499096357,0.009651634095629993,7.471926083866382,0.005802339960049463,8.993898305084747,137.00950819672133,3.179902977266242,8.491803278688524,0.0,0.015494915992428429,0.07321252708292299,0.52330547818013,0.0012014969470159544,186.76156424581006,0.41646489104116224,-0.9,-0.49935695671303343,-0.10992104430953957,-0.436190719459324,-0.2863070539419087,-0.8933566433566433,-0.5958378970427163,3.5937393776459325,0.04337097520434568,-0.12140059037770118,REIT—Specialty,Real Estate,OUT
2018Q4,2018,Q4,2019-02-27,2018-12-31,57200000.0,452400000.0,91300000.0,0.4,216900000.0,0.47944297082228116,3828700000.0,1102800000.0,429500000.0,402600000.0,2683400000.0,0.0,-871600000.0,2531364000.0,4788264000.0,7.894058697208304,1.066815697963239,0.6032334735027555,2.0943054044251,0.025608048781027244,7.894058697208304,0.05186797243380486,5.595411140583554,11.063653846153846,2.2953971708378673,0.8916083916083916,0.0,0.020147240776119117,0.11816021103768903,0.7888723298559364,0.014939796797868728,47.9425,0.47944297082228116,0.21212121212121213,-0.01732283464566935,0.1299917178067987,0.18470115515882501,0.09049773755656108,0.2222222222222222,0.15716096324461343,1.7623837277444514,0.11819178756413859,-0.10422028967849035,REIT—Specialty,Real Estate,OUT
2018Q3,2018,Q3,2018-11-06,2018-09-30,46800000.0,414200000.0,78900000.0,0.33,198900000.0,0.4802028005794302,3816000000.0,1081400000.0,430000000.0,398400000.0,2692300000.0,0.0,-877600000.0,2773463000.0,5050263000.0,7.763101220387653,1.0793172690763053,0.6115041928721174,2.1578509339744776,0.022614085555750157,7.763101220387653,0.04327723321620122,6.695951231289232,14.81550747863248,2.5646966894766043,1.0876068376068375,0.0,0.018352507316665122,0.10854297693920335,0.7969377510040161,0.012264150943396227,55.248266932270916,0.4802028005794302,9.25,0.08375981288933139,0.055034401542221584,-0.6671292265966846,0.048497627833421195,10.0,1.3981762917933132,1.1790217936041394,0.05727388280573138,-0.19983027151176738,REIT—Specialty,Real Estate,OUT
2018Q2,2018,Q2,2018-08-09,2018-06-30,-5200000.0,401700000.0,32900000.0,-0.04,189700000.0,0.47224296738859844,3775100000.0,1074800000.0,387500000.0,303400000.0,2654600000.0,0.0,-873500000.0,2707440000.0,4982240000.0,7.721264367816092,1.2771918259723138,0.6136261291091627,2.155284704131001,-0.03652252042857068,7.721264367816092,-0.004838109415705247,6.739955190440627,-130.1653846153846,2.519017491626349,-9.788461538461538,0.0,0.018800047277132644,0.10640777727742312,0.9281476598549769,-0.0013774469550475485,-96.00851063829788,0.47224296738859844,-1.6666666666666667,-1.1231527093596059,0.04085693852803078,-0.6730702077774493,0.34730113636363635,-1.5714285714285714,0.03785488958990536,-1.2312053432743089,0.030687817645635166,-0.22578871477929569,REIT—Specialty,Real Estate,OUT
2018Q1,2018,Q1,2018-05-03,2018-03-31,9100000.0,337900000.0,31700000.0,0.06,140800000.0,0.41669132879550164,3770700000.0,1131800000.0,354400000.0,304700000.0,2593300000.0,0.0,-817400000.0,2601112000.0,4797012000.0,8.154178674351584,1.163111256974073,0.5962818574800435,1.9865700653825764,0.04864911839536122,8.154178674351584,0.00804028980385227,7.69787511097958,71.45912087912087,2.29820816398657,5.615384615384615,0.0,0.019645443948588144,0.08961200838040682,0.7919264850672793,0.002413345002254223,59.250842824601364,0.41669132879550164,-0.76,-0.604651499572792,0.0463200746472012,-0.6577709006287807,-0.23436650353452965,-0.7436619718309859,-0.5497159090909091,7.1594838878700555,-0.03089686617230899,-0.19574419270984736,REIT—Specialty,Real Estate,OUT
2017Q4,2017,Q4,2018-02-28,2017-12-31,35500000.0,401300000.0,70400000.0,0.25,183900000.0,0.45826065287814605,3808200000.0,1181100000.0,376000000.0,299600000.0,2581600000.0,0.0,-775600000.0,3215520000.0,5392520000.0,8.521645021645021,1.2550066755674232,0.5843443096476025,1.8840911015155364,0.018096720893248423,8.521645021645021,0.030056726780120228,8.012758534762023,22.64450704225352,2.72247904495809,1.4309859154929578,0.0,0.015798377867343387,0.10537786880941127,0.9325767690253671,0.009321989391313481,59.00036697247707,0.45826065287814605,-0.3055555555555555,0.6348899327622732,0.034681022769170476,-0.6404242756083538,0.022803114571746386,-0.29980276134122286,-0.1232876712328767,0.10745170097688099,-0.11892414196211669,-0.29138586537410477,REIT—Specialty,Real Estate,OUT
2017Q3,2017,Q3,2017-11-07,2017-09-30,50700000.0,392400000.0,80300000.0,0.36,179800000.0,0.4582059123343527,3813900000.0,1195000000.0,360800000.0,293800000.0,2573400000.0,0.0,-760300000.0,3489948000.0,5665648000.0,8.621933621933621,1.2280462899931925,0.5814782768294922,1.8558158995815899,0.02261241706317607,8.621933621933621,0.04242677824267783,8.893853211009175,17.208816568047336,2.920458577405858,0.9980276134122288,0.0,0.014498783362961282,0.1028868087784158,0.9618788291354663,0.013293479115865649,40.06828932261768,0.4582059123343527,0.3333333333333332,0.13426625054532026,0.024857495445730612,0.0,-0.01694915254237288,0.3665768194070081,0.2353846153846154,-0.8232134357788808,0.009629300862584596,-0.3397370551167616,REIT—Specialty,Real Estate,OUT
2017Q2,2017,Q2,2017-08-04,2017-06-30,37100000.0,396200000.0,65000000.0,0.27,182900000.0,0.46163553760726905,3800700000.0,1181900000.0,350200000.0,297400000.0,2574100000.0,0.0,-760300000.0,3204432000.0,5409932000.0,8.527417027417027,1.1775386684599864,0.5863656694819376,1.8856079194517303,0.018588846290565196,8.527417027417027,0.03139013452914798,8.087915194346289,21.59320754716981,2.7112547592858958,1.353099730458221,0.0,0.015665802863034695,0.10424395506090983,0.8769334229993275,0.009761359749519825,150.44281690140846,0.46163553760726905,12.5,-0.13652655588139456,0.03509445694116784,0.0,0.3186733958183129,13.84,1.5,0.43039772727272735,0.02324380165289261,-0.2544505016566956,REIT—Specialty,Real Estate,OUT
2017Q1,2017,Q1,2017-05-04,2017-03-31,2500000.0,330600000.0,26000000.0,0.02,138700000.0,0.41954022988505746,3656500000.0,1185200000.0,311500000.0,210700000.0,2471200000.0,0.0,-747400000.0,3671865000.0,5788065000.0,8.569775849602314,1.478405315614618,0.5859428415151101,1.8077117786027674,-0.0059529175735564535,8.569775849602314,0.0021093486331420857,11.106669691470055,367.1865,3.098097367532906,20.08,0.0,0.01367152659479583,0.09041433064405853,0.9881347887992407,0.0006837139340899768,235.37596153846152,0.41954022988505746,-0.8947368421052632,-0.884000139199833,0.0033391527611175598,0.0,-0.23874862788144896,-0.9060150375939849,-0.5532646048109966,-0.7912577901731915,-0.1946016444912256,-0.35335024705451235,REIT—Specialty,Real Estate,OUT
2016Q4,2016,Q4,2017-02-23,2016-12-31,26600000.0,397400000.0,58200000.0,0.19,182200000.0,0.4584801207851032,3738500000.0,1232900000.0,378200000.0,251500000.0,2505500000.0,0.0,-699500000.0,3432060000.0,5503660000.0,8.934057971014493,1.5037773359840954,0.5715661361508626,1.733149484954173,0.01449887413932723,8.934057971014493,0.02157514802498175,8.636285858077503,32.2562030075188,2.7837294184443184,1.763157894736842,0.0,0.013665262262314761,0.10629931790825198,1.141948310139165,0.007115153136284606,47.27355371900826,0.4584801207851032,-0.3214285714285715,0.23034227567067528,0.02908045679364017,-0.6230222734548545,0.004964147821290678,-0.30183727034120733,-0.08346456692913386,-0.5373913043478261,0.004842155833976101,0.34077908519477135,REIT—Specialty,Real Estate,OUT
2016Q3,2016,Q3,2016-11-08,2016-09-30,38100000.0,382800000.0,63500000.0,0.28,181300000.0,0.47361546499477536,3770300000.0,1251400000.0,388200000.0,236600000.0,2518900000.0,0.0,-679100000.0,3263700000.0,5356100000.0,9.068115942028985,1.6407438715131022,0.5743574781847598,1.7304618826913856,0.019376032634578395,9.068115942028985,0.030445900591337702,8.525862068965518,21.41535433070866,2.608038996324117,1.2335958005249343,0.0,0.014400833409933513,0.1015303821977031,1.2240067624683009,0.010105296660743177,40.593283582089555,0.47361546499477536,0.33333333333333354,-0.1439164138860802,0.004131418453669019,0.0,-0.0130647795318454,0.3368421052631579,0.07627118644067797,-0.10939691444600275,-0.015761190959812838,-0.6111720456501543,REIT—Specialty,Real Estate,OUT
2016Q2,2016,Q2,2016-08-05,2016-06-30,28500000.0,385300000.0,59000000.0,0.21,183700000.0,0.47677134700233587,3781100000.0,1255600000.0,369200000.0,225400000.0,2525500000.0,0.0,-670200000.0,3333043000.0,5456343000.0,9.105148658448151,1.6379769299023959,0.5776890322921902,1.7396463841987895,0.01523967290318676,9.105148658448151,0.022698311564192417,8.650513885284195,29.237219298245616,2.654542051608793,1.6701754385964913,0.0,0.01428124389634337,0.10190156303721139,1.2182786157941436,0.007537489090476316,60.2720253164557,0.47677134700233587,11.499999999999998,-0.3333177384266299,0.011727336900651761,0.0,0.23620457604306863,13.391304347826088,1.43801652892562,-0.318665381029413,0.007774089115948312,-0.6144744931322895,REIT—Specialty,Real Estate,OUT
2016Q1,2016,Q1,2016-05-06,2016-03-31,-2300000.0,348400000.0,24200000.0,-0.02,148600000.0,0.42652123995407576,3799300000.0,1170200000.0,360500000.0,292100000.0,2629100000.0,0.0,-651300000.0,2903360000.0,5118360000.0,8.50436046511628,1.234166381376241,0.5943726475929777,1.929755597333789,0.005063840148529166,8.50436046511628,-0.0019654759870107673,8.333409873708382,-315.5826086956522,2.481080157238079,-20.47826086956522,0.0,0.016222583489474262,0.09170110283473272,0.7949332420403972,-0.0006053746742821046,149.6577319587629,0.42652123995407576,0.9629629629629629,-1.1072627782614104,0.06273945191439519,0.0,-0.17398554752640355,0.9688768606224628,1.5094736842105263,-1.1007946710295664,0.08824215366162451,-0.6430738472950638,REIT—Specialty,Real Estate,OUT
2015Q4,2015,Q4,2016-02-29,2015-12-31,-73900000.0,398500000.0,-47500000.0,-0.54,179900000.0,0.45144291091593475,3845200000.0,1212600000.0,416600000.0,265600000.0,2632600000.0,0.0,-602200000.0,3003808000.0,5153908000.0,8.8125,1.5685240963855422,0.5855872256319568,1.8569190169882897,-0.013425259494487656,8.8125,-0.06094342734619825,7.53778670012547,-10.161732070365357,2.4771631205673756,-0.6441136671177267,0.0,0.015846552109855225,0.10363570165401019,1.1713102409638554,-0.019218766254031,29.8886368159204,0.45144291091593475,-4.6000000000000005,-4.428067788223652,0.03492873665110742,-0.6281514821196245,0.014092446448703494,-4.485849056603773,-1.9013282732447818,-4.428067788223652,0.03492873665110742,-0.6281514821196245,REIT—Specialty,Real Estate,OUT
2015Q3,2015,Q3,2015-11-05,2015-09-30,21200000.0,386700000.0,52700000.0,0.15,177400000.0,0.4587535557279545,4010300000.0,1334000000.0,463300000.0,253300000.0,2676300000.0,0.0,-480800000.0,2860000000.0,5055300000.0,9.701818181818181,1.8290564547966839,0.5739470862528988,1.7254122938530734,0.012079287803357448,9.701818181818181,0.015892053973013492,7.3959141453322985,33.72641509433963,2.143928035982009,2.202830188679245,0.0,0.01632867132867133,0.09642670124429593,1.3166206079747336,0.005286387552053462,32.87356321839081,0.4587535557279545,-0.06250000000000006,-0.5219168428470754,0.018050185109008587,0.0,-0.005047672462142457,-0.04504504504504504,-0.0347985347985348,-0.5219168428470754,0.018050185109008587,0.0,REIT—Specialty,Real Estate,OUT
2015Q2,2015,Q2,2015-08-12,2015-06-30,22200000.0,384700000.0,54600000.0,0.16,178300000.0,0.4634780348323369,4029300000.0,1370300000.0,439200000.0,236300000.0,2659000000.0,0.0,-455300000.0,3467976000.0,5701276000.0,9.973071324599708,1.8586542530681338,0.5712406621497531,1.6797051740494782,0.012255540236928104,9.973071324599708,0.016200831934612858,9.014754354042111,39.053783783783786,2.5308151499671605,2.1216216216216215,0.0,0.01358140886788144,0.09547564093018639,1.2391028353787559,0.005509641873278237,64.58055865921787,0.4634780348323369,15.0,-0.4787998309621074,0.0138277994903189,0.0,0.22880771881461062,19.181818181818183,1.0526315789473684,-0.4787998309621074,0.0138277994903189,0.0,REIT—Specialty,Real Estate,OUT
2015Q1,2015,Q1,2015-05-07,2015-03-31,1100000.0,343900000.0,26600000.0,0.01,145100000.0,0.4219249781913347,4057200000.0,1388000000.0,425900000.0,249300000.0,2669200000.0,0.0,-430800000.0,4096048000.0,6341748000.0,10.138787436084733,1.708383473726434,0.5673124322192645,1.65828530259366,-0.001966161328711129,10.138787436084733,0.000792507204610951,11.910578656586218,930.9200000000002,2.951043227665706,49.90909090909091,0.0,0.013403163244180732,0.08476289066351178,1.03088648215002,0.00027112294193039533,-561.1024657534247,0.4219249781913347,-0.9565217391304347,-0.948438104240966,0.05437674423239224,0.0,-0.19745575221238937,-0.960431654676259,-0.47326732673267324,-0.948438104240966,0.05437674423239224,0.0,REIT—Specialty,Real Estate,OUT
2014Q4,2014,Q4,2015-03-06,2014-12-31,27800000.0,395000000.0,50500000.0,0.23,180800000.0,0.45772151898734176,4023600000.0,1445500000.0,355300000.0,255200000.0,2578100000.0,0.0,-377000000.0,3226168000.0,5395968000.0,12.025790349417637,1.3922413793103448,0.54635152599662,1.5207886544448288,0.015711028274764314,12.025790349417637,0.019232099619508822,8.167513924050633,29.012302158273382,2.231869941196818,5.5359712230215825,0.0,0.04770365337452978,0.09817079232528084,0.9639498432601881,0.00690923551048812,55.912790294627385,0.45772151898734176,-0.8883495145631068,0.47626296597868784,0.17433818363081588,-0.49256484337349543,0.1349654739485248,-0.8880386629077729,0.06092436974789916,0.47626296597868784,0.17433818363081588,-0.49256484337349543,REIT—Specialty,Real Estate,OUT
2014Q3,2014,Q3,2014-11-07,2014-09-30,248300000.0,336500000.0,47600000.0,2.06,159300000.0,0.47340267459138186,3522800000.0,1567000000.0,560800000.0,237900000.0,1955800000.0,0.0,188400000.0,3592800120.0,4918800120.0,13.058333333333334,2.3572929802438,0.4536732144884751,1.019910657306956,0.17488485400799425,13.058333333333334,0.15845564773452456,10.676969153046063,3.6173984293193713,2.292788844926611,0.1788159484494563,0.0,0.012358049019437241,0.09552060860679006,1.8823034888608658,0.07048370614284093,37.73949705882353,0.47340267459138186,9.842105263157896,5.416020671834626,0.015082956259426792,0.0,-0.0214987714987715,10.084821428571429,-0.1835334476843911,5.416020671834626,0.015082956259426792,0.0,REIT—Specialty,Real Estate,OUT
2014Q2,2014,Q2,2014-08-07,2014-06-30,22400000.0,334400000.0,58300000.0,0.19,162800000.0,0.4868421052631579,3544000000.0,1369100000.0,550500000.0,203100000.0,2174900000.0,0.0,-15200000.0,3911796000.0,5286496000.0,11.437761069340016,2.7104874446085674,0.450931151241535,1.16726316558323,0.010959522606291093,11.437761069340016,0.01636111314001899,11.697954545454545,43.658437500000005,2.8572025418157914,24.973214285714285,0.0,0.14300336725125748,0.0943566591422122,1.9350073855243721,0.006320541760722348,72.98126865671642,0.4868421052631579,1.1111111111111112,-0.3963403131484626,0.011581458171681394,0.0,0.3086816720257235,1.6666666666666667,1.1835205992509363,-0.3963403131484626,0.011581458171681394,0.0,REIT—Specialty,Real Estate,OUT
2014Q1,2014,Q1,2014-03-31,2014-03-31,8400000.0,287900000.0,26700000.0,0.09,124400000.0,0.4320944772490448,3458400000.0,1285500000.0,437800000.0,197600000.0,2172900000.0,0.0,7300000.0,2837250000.0,4321350000.0,13.25257731958763,2.215587044534413,0.46206338191071017,1.2430960715674835,0.005271877875503588,13.25257731958763,0.006534422403733956,9.854984369572769,84.44196428571429,2.207117852975496,181.4047619047619,0.0,0.537069345316768,0.08324658801758038,1.361842105263158,0.0024288688410825814,-359.1455696202532,0.4320944772490448,-0.7839999999999999,-0.4442913060256905,0.24576757066669563,0.0,-0.22972136222910217,-0.832,-0.651890482398957,-0.4442913060256905,0.24576757066669563,0.0,REIT—Specialty,Real Estate,OUT
2013Q4,2013,Q4,2013-12-31,2013-12-31,50000000.0,343900000.0,76700000.0,0.4166666666666667,161500000.0,0.4696132596685083,3355500000.0,799600000.0,317200000.0,647000000.0,2555900000.0,0.0,0.0,3540000000.0,5030200000.0,6.663333333333333,0.49026275115919626,0.452987632245567,1.9009504752376187,0.02163526709903169,6.663333333333333,0.06253126563281641,10.293690026170399,17.7,4.427213606803402,1.88,0.0,0.02655367231638418,0.10248845179555953,0.3224111282843895,0.014900908955446282,42.65060240963855,0.4696132596685083,0.3440860215053764,1.6595744680851063,0.024121500893388884,-0.7188368086078976,-0.034668260609683206,0.34408602150537637,0.1873065015479876,1.6595744680851063,0.024121500893388884,-0.7188368086078976,REIT—Specialty,Real Estate,OUT
2013Q3,2013,Q3,2013-09-30,2013-09-30,37200000.0,338200000.0,64600000.0,0.31,167300000.0,0.4946777054997043,3391900000.0,2798600000.0,341600000.0,183800000.0,593300000.0,0.0,0.0,3540000000.0,3515900000.0,23.321666666666665,1.8585418933623503,0.0,0.0,0.012946380740447265,23.321666666666665,0.01329236046594726,10.467179183914844,23.79032258064516,1.2649181733724006,2.021505376344086,0.0,0.021242937853107345,0.09970812818774138,1.102285092491839,0.010967304460626787,43.01336573511543,0.4946777054997043,0.021979145032027435,-0.038759689922480654,0.020211161387631918,0.0,0.037197768133911964,0.02197802197802198,0.028662420382165606,-0.038759689922480654,0.020211161387631918,0.0,REIT—Specialty,Real Estate,OUT
2013Q2,2013,Q2,2013-06-30,2013-06-30,36400000.0,332700000.0,62800000.0,0.303333,161300000.0,0.4848211602043883,3422300000.0,2834100000.0,343700000.0,184900000.0,588200000.0,0.0,0.0,3540000000.0,3521800000.0,23.6175,1.8588426176311519,0.0,0.0,0.012581340922836134,23.6175,0.01284358350093504,10.640216411181244,24.313186813186814,1.2490737800359903,1.510989010989011,0.0,0.015536723163841807,0.09721532302837273,1.0373174689021092,0.01063612190632031,69.27592954990216,0.4848211602043883,0.8291473952711463,-0.02150537634408598,0.0039227519613759506,0.0,0.3786324786324786,0.8291457286432161,0.8097982708933718,-0.02150537634408598,0.0039227519613759506,0.0,REIT—Specialty,Real Estate,OUT
2013Q1,2013,Q1,2013-03-31,2013-03-31,19900000.0,279200000.0,34700000.0,0.165833,117000000.0,0.419054441260745,3459800000.0,2859200000.0,340200000.0,193500000.0,600600000.0,0.0,0.0,3540000000.0,3517400000.0,23.826666666666668,1.758139534883721,0.0,0.0,0.00689480385716487,23.826666666666668,0.006959988808058198,12.679083094555875,44.472361809045225,1.2381085618354783,0.4221105527638191,0.0,0.0023728813559322037,0.08069830626047748,0.8837209302325582,0.005751777559396497,931.578947368421,0.419054441260745,0.05850851063829786,0.06417112299465247,-0.023434767401189164,0.0,-0.1908713692946058,0.05851063829787234,-0.24565217391304348,0.06417112299465247,-0.023434767401189164,0.0,REIT—Specialty,Real Estate,OUT
2012Q4,2012,Q4,2012-12-31,2012-12-31,18800000.0,335800000.0,46000000.0,0.15666666666666668,144600000.0,0.4306134603930911,3464900000.0,2843900000.0,315000000.0,205600000.0,621000000.0,0.0,0.0,3540000000.0,3519800000.0,23.699166666666667,1.5321011673151752,0.0,0.0,0.006469988396216464,23.699166666666667,0.006610640317873343,10.541989279332936,47.07446808510638,1.2447695066633848,6.037234042553192,0.0,0.032062146892655366,0.09691477387514791,0.9499027237354085,0.005425842015642587,35.72149344096872,0.4306134603930911,-0.5142118863049095,0.0,0.0,0.0,-0.09794135995009358,-0.5142118863049095,-0.2778649921507064,0.0,0.0,0.0,REIT—Specialty,Real Estate,OUT
2012Q3,2012,Q3,2012-09-30,2012-09-30,38700000.0,331500000.0,63700000.0,0.3225,160300000.0,0.48355957767722474,,,,,,,,3540000000.0,,,0.0,0.0,0.0,0.0,,0.0,10.678733031674208,22.868217054263564,0.0,2.408268733850129,0.0,0.026327683615819206,0.0,0.0,0.0,45.97402597402598,0.48355957767722474,0.040322580645161324,0.0,0.0,0.0,0.02362707535121328,0.04032258064516129,0.03915171288743882,0.0,0.0,0.0,REIT—Specialty,Real Estate,OUT
2012Q2,2012,Q2,2012-06-30,2012-06-30,37200000.0,331400000.0,61300000.0,0.31,156600000.0,0.47254073627036813,,,,,,,,3540000000.0,,,0.0,0.0,0.0,0.0,,0.0,10.681955340977671,23.79032258064516,0.0,1.60752688172043,0.0,0.01689265536723164,0.0,0.0,0.0,50.57142857142857,0.47254073627036813,0.9893090680407872,0.0,0.0,0.0,0.2731707317073171,0.9893048128342246,1.0298013245033113,0.0,0.0,0.0,REIT—Specialty,Real Estate,OUT
2012Q1,2012,Q1,2012-03-31,2012-03-31,18700000.0,285900000.0,30200000.0,0.155833,123000000.0,0.4302203567681007,,,,,,,,3540000000.0,,,0.0,0.0,0.0,0.0,,0.0,12.381951731374606,47.32620320855615,0.0,0.7058823529411765,0.0,0.003728813559322034,0.0,0.0,0.0,305.17241379310343,0.4302203567681007,0.0,0.0,0.0,0.0,0.0,0.0,0.0,0.0,0.0,0.0,REIT—Specialty,Real Estate,OUT
