Quarters,Year,Quarter,FillingDate,Date,NetIncome,Revenue,OperatingIncome,EPSDiluted,GrossProfit,GrossProfitRatio,TotalAssets,CommonStockEquity,CurrentAssets,CurrentLiability,TotalLiability,Inventory,RetainedEarnings,MarketCap,EnterpriseValue,bookValuePerShare,currentRatio,debtToAssets,debtToEquity,roic,shareholdersEquityPerShare,roe,priceToSalesRatio,peRatio,pbRatio,payoutRatio,inventoryTurnover,dividendYield,assetTurnover,quickRatio,returnOnAssets,priceToFreeCashFlowsRatio,grossProfitMargin,epsdilutedGrowth,fiveYNetIncomeGrowthPerShare,fiveYRevenueGrowthPerShare,fiveYShareholdersEquityGrowthPerShare,grossProfitGrowth,netIncomeGrowth,operatingIncomeGrowth,threeYNetIncomeGrowthPerShare,threeYRevenueGrowthPerShare,threeYShareholdersEquityGrowthPerShare,Industry,Sector,Symbol
2023Q1,2023,Q1,2023-04-27,2023-03-31,533000000.0,4892000000.0,825000000.0,1.3,1806000000.0,0.3691741619,31290000000.0,6794000000.0,3371000000.0,3856000000.0,24482000000.0,170000000.0,13414000000.0,66377555999.99999,81490556000.0,16.701081612586037,0.8742219917012448,0.4912112496005113,2.2622902561083307,0.028451698622805544,16.701081612586037,0.07845157491904622,13.568592804578902,31.133938086303935,9.77002590521048,0.5422138836772983,18.152941176470588,0.004353881302890996,0.15634387983381273,0.7429979253112033,0.0170341962288271,172.85821875,0.36917416189697466,0.07438016528925627,0.43363887150760316,0.484100678664918,0.1973161255349983,-0.019543973941368076,0.06813627254509018,0.0784313725490196,0.5396064684300411,0.36799271594478733,0.05065976865771862,Waste Management,Industrials,WM
2022Q4,2022,Q4,2023-02-07,2022-12-31,499000000.0,4935000000.0,765000000.0,1.21,1842000000.0,0.3732522796,31367000000.0,6849000000.0,3551000000.0,4394000000.0,24503000000.0,164000000.0,13167000000.0,64195296000.0,78828296000.0,16.737536656891496,0.8081474738279472,0.47769949309784165,2.18776463717331,0.027246269736360823,16.737536656891496,0.07285735143816616,13.008165349544074,32.16197194388777,9.372944371441086,0.533066132264529,18.859756097560975,0.004143605786941149,0.15733095291229637,0.7061902594446973,0.015908438805113653,343.2903529411765,0.37325227963525837,-0.21428571428571433,-0.4133663285951357,0.4345331204851398,0.20797240800027675,-0.040125065138092754,-0.2190923317683881,-0.18789808917197454,0.1580707486206513,0.3311283917632365,0.005246789876972229,Waste Management,Industrials,WM
2022Q3,2022,Q3,2022-10-26,2022-09-30,639000000.0,5075000000.0,942000000.0,1.54,1919000000.0,0.3781280788,29841000000.0,7010000000.0,3264000000.0,3834000000.0,22829000000.0,159000000.0,12933000000.0,66006520000.0,79932520000.0,17.014563106796118,0.8513302034428795,0.47126436781609193,2.0061340941512125,0.034498090488756475,17.014563106796118,0.09115549215406563,13.006210837438424,25.82414710485133,9.416051355206847,0.41784037558685444,19.849056603773583,0.00404505494305714,0.17006802721088435,0.733698487219614,0.021413491504976376,155.3094588235294,0.37812807881773397,0.09219858156028378,0.7591063433774335,0.45123880464430893,0.41132545057888226,0.01803713527851459,0.08858603066439523,0.058426966292134834,0.3300750220653133,0.31811810299044785,0.06450730122843802,Waste Management,Industrials,WM
2022Q2,2022,Q2,2022-07-27,2022-06-30,587000000.0,5027000000.0,890000000.0,1.41,1885000000.0,0.3749751343,30128000000.0,7190000000.0,3987000000.0,3722000000.0,22936000000.0,159000000.0,12563000000.0,63394911999.99999,76777912000.0,17.3503861003861,1.0711982804943578,0.4738781200212427,1.9856745479833102,0.03136137029312313,17.3503861003861,0.08164116828929067,12.610883628406603,26.999536626916523,8.81709485396384,0.45826235093696766,19.761006289308177,0.004243242738470873,0.1668547530536378,0.9562063406770553,0.019483536909187468,127.55515492957745,0.37497513427491547,0.1463414634146341,0.7291544454873183,0.45787238683961545,0.3975821395845091,0.07224118316268487,0.14202334630350194,0.15885416666666666,0.57934818958441,0.30591997761283113,0.1398768969137048,Waste Management,Industrials,WM
2022Q1,2022,Q1,2022-04-26,2022-03-31,514000000.0,4661000000.0,768000000.0,1.23,1758000000.0,0.3771722806,29219000000.0,7144000000.0,3059000000.0,3806000000.0,22073000000.0,149000000.0,12247000000.0,65888450000.0,79220450000.0,17.185470291075294,0.8037309511297951,0.4615832164002875,1.8878779395296752,0.02851553603048846,17.185470291075294,0.0719484882418813,14.136118858614031,32.04691147859922,9.222907334826427,0.5350194552529183,19.483221476510067,0.004173720887348238,0.1595194907423252,0.6920651602732527,0.017591293336527602,78.43863095238095,0.377172280626475,0.025000000000000022,0.8310523367232114,0.4383830719828141,0.37465072311972586,0.020313406848520024,0.015810276679841896,0.05931034482758621,0.5126251404699825,0.2877892945399562,0.13721467475626842,Waste Management,Industrials,WM
2021Q4,2021,Q4,2022-02-15,2021-12-31,506000000.0,4678000000.0,725000000.0,1.2,1723000000.0,0.3683197948,29097000000.0,7124000000.0,3069000000.0,4082000000.0,21971000000.0,135000000.0,12004000000.0,69747510000.0,83034510000.0,17.04714046422589,0.7518373346398824,0.4607004158504313,1.8816676024705221,0.02783464589034371,17.04714046422589,0.07102751263335205,14.909685763146644,34.460232213438736,9.79049831555306,0.4743083003952569,21.88888888888889,0.0034409830544488255,0.16077258823933738,0.6526212640862322,0.017390108945939443,321.41709677419357,0.36831979478409577,-0.06250000000000006,0.5943012861035813,0.4270815957021552,0.4195759219879252,-0.02046617396247868,-0.05947955390334572,-0.10049627791563276,-0.030207084205891757,0.23915567027273402,0.15540220548769268,Waste Management,Industrials,WM
2021Q3,2021,Q3,2021-10-26,2021-09-30,538000000.0,4665000000.0,806000000.0,1.28,1759000000.0,0.37706323687031085,28841000000.0,7172000000.0,3184000000.0,4102000000.0,21667000000.0,132000000.0,11740000000.0,62656520000.00001,75587520000.0,17.09654350417163,0.7762067284251585,0.45237682465933915,1.8191578360290017,0.0304340278483187,17.09654350417163,0.07501394311210262,13.43119399785638,29.11548327137547,8.73626882320134,0.4479553903345725,22.015151515151516,0.0038463674650299757,0.16174889913664575,0.6789371038517796,0.01865399951457994,87.02294444444445,0.37706323687031085,0.5421686746987953,0.8808278540362618,0.38816711525101694,0.41296120880716847,0.010919540229885057,0.5327635327635327,0.018963337547408345,0.09974513986256178,0.24500554783204204,0.1725614626438598,Waste Management,Industrials,WM
2021Q2,2021,Q2,2021-07-27,2021-06-30,351000000.0,4476000000.0,791000000.0,0.83,1740000000.0,0.38873994638069703,29037000000.0,7352000000.0,3226000000.0,3683000000.0,21683000000.0,126000000.0,11444000000.0,59070376000.00001,72166376000.0,17.438330170777988,0.8759163725224002,0.4561077246271998,1.8014145810663764,0.029562140323619302,17.438330170777988,0.04774211099020675,13.197134941912424,42.07291737891738,8.034599564744289,0.6894586894586895,21.714285714285715,0.004096808186898962,0.15414815580121913,0.7583491718707576,0.01208802562248166,91.29888098918084,0.38873994638069703,-0.16161616161616166,0.28797545768897653,0.37629607058269504,0.4866779177852201,0.08886107634543179,-0.166270783847981,0.2169230769230769,-0.2827452818350173,0.22067895047484018,0.23831155276139024,Waste Management,Industrials,WM
2021Q1,2021,Q1,2021-04-27,2021-03-31,421000000.0,4112000000.0,650000000.0,0.99,1598000000.0,0.38861867704280156,29070000000.0,7427000000.0,3327000000.0,3285000000.0,21641000000.0,124000000.0,11337000000.0,54562558000.00001,67574558000.00001,17.56207141168125,1.012785388127854,0.46398348813209495,1.81607647771644,0.024007176272680814,17.56207141168125,0.05668506799515282,13.269104571984437,32.400568883610454,7.346513800996365,0.5866983372921615,20.274193548387096,0.00452691385913395,0.1414516683866529,0.8837138508371385,0.014482284141726866,64.19124470588237,0.38861867704280156,-0.03883495145631071,0.7213014237243398,0.36573723593777635,0.480990558932137,0.019783024888321635,-0.03881278538812785,-0.0061162079510703364,0.08927594698462524,0.1999779903298885,0.2590412876706626,Waste Management,Industrials,WM
2020Q4,2020,Q4,2021-02-22,2020-12-31,438000000.0,4067000000.0,654000000.0,1.03,1567000000.0,0.38529628718957465,29345000000.0,7452000000.0,3540000000.0,3553000000.0,21891000000.0,124000000.0,11159000000.0,49872597000.0,63129597000.0,17.621187041853865,0.9963411201801294,0.47060828079741013,1.8531937734836286,0.024629773538358466,17.621187041853865,0.05877616747181964,12.262748217359233,28.466094178082194,6.692511674718197,0.5273972602739726,20.161290322580644,0.0046318021096836,0.1385926052138354,0.8941739375175908,0.014925881751576078,138.92088300835655,0.38529628718957465,0.11956521739130432,0.6969641850228274,0.3252166079735511,0.4746411531938697,0.02485284499672989,0.12307692307692308,-0.03823529411764706,-0.501760113879093,0.14391968872933647,0.2717467438081606,Waste Management,Industrials,WM
2020Q3,2020,Q3,2020-11-02,2020-09-30,390000000.0,3861000000.0,680000000.0,0.92,1529000000.0,0.396011396011396,24772000000.0,7155000000.0,3357000000.0,2806000000.0,17615000000.0,117000000.0,10952000000.0,47836959000.0,57555959000.0,16.926898509581264,1.1963649322879544,0.4207169384789278,1.4566037735849056,0.029240114261369576,16.926898509581264,0.05450733752620545,12.38978477078477,30.664717307692307,6.6858083857442345,0.5897435897435898,19.931623931623932,0.00480799793314621,0.1558614564831261,1.0406272273699215,0.01574358146294203,69.73317638483965,0.396011396011396,0.2777777777777779,0.2382657330805165,0.2222346142147419,0.45374089205496393,0.10716871832005793,0.2703583061889251,0.2903225806451613,0.04645561288092465,0.07613710416123921,0.4040538399952023,Waste Management,Industrials,WM
2020Q2,2020,Q2,2020-07-30,2020-06-30,307000000.0,3561000000.0,527000000.0,0.72,1381000000.0,0.38781241224375174,26619000000.0,6891000000.0,5106000000.0,5772000000.0,19726000000.0,118000000.0,10795000000.0,44725793000.0,54850793000.0,16.317783566185177,0.8846153846153846,0.4804087306059581,1.8557538818749093,0.02081367981418218,16.317783566185177,0.04455086344507329,12.559896939062062,36.42165553745928,6.490464809171383,0.749185667752443,18.47457627118644,0.005142446552037658,0.13377662571847176,0.8264033264033264,0.011533115443855893,106.48998333333333,0.38781241224375174,-0.15294117647058825,0.2085235355223653,0.15865927055351917,0.38001307359772535,-0.013571428571428571,-0.14958448753462603,-0.08027923211169284,-0.11257282207537521,0.013400849344708383,0.31440549724703415,Waste Management,Industrials,WM
2020Q1,2020,Q1,2020-05-06,2020-03-31,361000000.0,3729000000.0,573000000.0,0.85,1400000000.0,0.37543577366586217,27178000000.0,6743000000.0,5635000000.0,3070000000.0,20433000000.0,116000000.0,10718000000.0,39263952000.0,49590952000.0,15.895803866100897,1.8355048859934853,0.4949591581426154,1.9949577339463147,0.023546627280566206,15.895803866100897,0.053537001334717484,10.529351568785197,27.19110249307479,5.82292036185674,0.6537396121883656,20.07758620689655,0.006010602294949831,0.13720656413275442,1.7241042345276874,0.013282802266539112,128.313568627451,0.37543577366586217,-0.19047619047619052,4.02472689129378,0.32582888223032835,0.31224812254361917,-0.08616187989556136,-0.19239373601789708,-0.1251908396946565,0.2602427308886211,0.12770940922995958,0.2714914348577716,Waste Management,Industrials,WM
2019Q4,2019,Q4,2020-02-13,2019-12-31,447000000.0,3846000000.0,655000000.0,1.05,1532000000.0,0.3983359334373375,27743000000.0,7068000000.0,6209000000.0,3144000000.0,20673000000.0,106000000.0,10592000000.0,48376020000.0,58313020000.0,16.65017667844523,1.9748727735368956,0.48653714450492014,1.9097340124504811,0.026810472663180027,16.65017667844523,0.0632427843803056,12.578268330733229,27.055939597315437,6.844371816638369,0.48769574944071586,21.830188679245282,0.004506364930393199,0.13862956421439643,1.8702290076335877,0.016112172439894747,65.72828804347826,0.3983359334373375,-0.09482758620689645,-0.18169132179433442,0.20862449893129334,0.3014159575634398,0.003931847968545216,-0.09696969696969697,-0.10762942779291552,0.38650704076789194,0.15502808472395277,0.38651933790111215,Waste Management,Industrials,WM
2019Q3,2019,Q3,2019-10-23,2019-09-30,495000000.0,3967000000.0,734000000.0,1.16,1526000000.0,0.3846735568439627,27109000000.0,6785000000.0,5560000000.0,2989000000.0,20322000000.0,109000000.0,10364000000.0,48817500000.0,59260500000.0,15.983510011778563,1.8601538976246237,0.49275148474676306,1.9687546057479735,0.029329319754002787,15.983510011778563,0.07295504789977893,12.305898663977818,24.655303030303028,7.194915254237288,0.4404040404040404,22.394495412844037,0.004465611717109643,0.14633516544321074,1.7380394780863164,0.018259618576856394,104.08848614072495,0.3846735568439627,0.30337078651685384,0.9901060070671379,0.19551015042683403,0.3730800547031249,0.015302727877578177,0.2992125984251969,0.05459770114942529,0.7101186436711676,0.16655864117610353,0.32097342493314535,Waste Management,Industrials,WM
2019Q2,2019,Q2,2019-07-25,2019-06-30,381000000.0,3946000000.0,696000000.0,0.89,1503000000.0,0.3808920425747592,25986000000.0,6466000000.0,4836000000.0,2846000000.0,19519000000.0,104000000.0,10088000000.0,48975192000.0,59464192000.0,15.221280602636535,1.6992269852424455,0.4902255060417148,1.9701515620167027,0.027854919153033276,15.221280602636535,0.05892360037117229,12.411351241763812,32.135952755905514,7.574264150943397,0.5695538057742782,23.490384615384617,0.004430814686749977,0.15185099669052568,1.584680252986648,0.014661740937427845,113.3685,0.3808920425747592,0.09876543209876537,0.9898204196933011,0.21532745673864853,0.21161705668347197,0.07510729613733906,0.09798270893371758,0.12077294685990338,0.38752731352979397,0.20418986349952564,0.29766677948744646,Waste Management,Industrials,WM
2019Q1,2019,Q1,2019-04-25,2019-03-31,347000000.0,3696000000.0,621000000.0,0.81,1398000000.0,0.3782467532467532,23373000000.0,6415000000.0,2488000000.0,3612000000.0,16956000000.0,105000000.0,9924000000.0,44156490000.0,54465490000.0,15.111896348645466,0.6888150609080842,0.4435031874384974,1.6159002338269681,0.027794653353320892,15.111896348645466,0.05409197194076384,11.947102272727273,31.813033141210372,6.883318784099766,0.6426512968299711,21.885714285714286,0.005050220250749097,0.15813117699910154,0.5919158361018826,0.014846190048346383,105.38541766109785,0.3782467532467532,-0.34677419354838707,0.6678486557973261,0.19268646963586336,0.22538856220844883,-0.04442925495557074,-0.3465160075329567,-0.19035202086049544,0.4133974306297423,0.22294238591556806,0.2743699359415392,Waste Management,Industrials,WM
2018Q4,2018,Q4,2019-02-14,2018-12-31,531000000.0,3842000000.0,767000000.0,1.24,1463000000.0,0.3807912545549193,22650000000.0,6275000000.0,2645000000.0,3108000000.0,16374000000.0,102000000.0,9797000000.0,37847447000.0,47812447000.0,14.75429108864331,0.851029601029601,0.44264900662251655,1.5977689243027888,0.03791318089443855,14.75429108864331,0.08462151394422311,9.850975273295159,17.81894868173258,6.031465657370518,0.3709981167608286,23.323529411764707,0.005205106701120422,0.16962472406181014,0.7516087516087516,0.023443708609271523,82.63634716157205,0.3807912545549193,0.06896551724137938,1.9600270494526955,0.2006975916160022,0.2026802548513873,0.00966183574879227,0.06412825651302605,0.09728183118741059,1.0456691204398703,0.2448366337472776,0.234722994190861,Waste Management,Industrials,WM
2018Q3,2018,Q3,2018-10-25,2018-09-30,499000000.0,3822000000.0,699000000.0,1.16,1449000000.0,0.3791208791208791,22591000000.0,6239000000.0,2675000000.0,3070000000.0,16350000000.0,103000000.0,9464000000.0,38583743000.0,48516743000.0,14.58050946482823,0.8713355048859935,0.443362400956133,1.605385478442058,0.035871142856701226,14.58050946482823,0.07998076614842121,10.095170852956567,19.330532565130262,6.184283218464498,0.39879759519038077,23.038834951456312,0.005157612624570923,0.16918241777699083,0.7899022801302932,0.022088442300030986,82.09307021276595,0.3791208791208791,0.008695652173913052,0.8806839764887096,0.15763173960109997,0.020070526512207563,0.016129032258064516,0.0,-0.022377622377622378,0.5650915787968314,0.19518579107268044,0.2522248434358686,Waste Management,Industrials,WM
2018Q2,2018,Q2,2018-07-25,2018-06-30,499000000.0,3739000000.0,715000000.0,1.15,1426000000.0,0.3813853971650174,22014000000.0,6054000000.0,2471000000.0,3305000000.0,15958000000.0,100000000.0,9166000000.0,34968066000.0,44717066000.0,14.082344731332869,0.7476550680786687,0.44498955210320706,1.6181037330690453,0.03696238856687024,14.082344731332869,0.08242484307895606,9.352250869216368,17.51907114228457,5.776026759167492,0.40080160320641284,23.13,0.0057195041899085865,0.16984646134278186,0.6765506807866868,0.02266739347687835,64.87581818181818,0.3813853971650174,0.2637362637362636,1.2258521806443738,0.15414070229895563,0.01231050849449214,0.0746043707611153,0.2601010101010101,0.17598684210526316,0.9296161218956027,0.19506869077904743,0.19095952935798777,Waste Management,Industrials,WM
2018Q1,2018,Q1,2018-04-23,2018-03-31,396000000.0,3511000000.0,608000000.0,0.91,1327000000.0,0.3779549985759043,22106000000.0,6044000000.0,2491000000.0,3373000000.0,16041000000.0,98000000.0,8867000000.0,36449196000.0,46354196000.0,13.948765289637665,0.7385117106433442,0.4504207002623722,1.6474189278623428,0.029371941161700877,13.948765289637665,0.06551952349437459,10.381428652805468,23.010856060606063,6.030641297154203,0.5202020202020202,22.285714285714285,0.005651702166489488,0.15882565819234598,0.6688407945449155,0.01791368859133267,89.11783863080684,0.3779549985759043,-0.558252427184466,1.5333981734858722,0.13115556481655202,0.015784205689485662,-0.04463642908567315,-0.5614617940199336,-0.13636363636363635,4.248299958673028,0.2221032437717881,0.15151402328031494,Waste Management,Industrials,WM
2017Q4,2017,Q4,2018-02-15,2017-12-31,903000000.0,3652000000.0,704000000.0,2.06,1389000000.0,0.3803395399780942,21829000000.0,6019000000.0,2624000000.0,3262000000.0,15787000000.0,96000000.0,8588000000.0,37488720000.0,46957720000.0,13.855893186003684,0.8044144696505211,0.43478858399376974,1.5768400066456223,0.07018361993587875,13.855893186003684,0.15002492108323642,10.2652573932092,10.378936877076413,6.228396743645123,0.20376522702104097,23.572916666666668,0.004908143036091923,0.16730038022813687,0.7345187001839363,0.04136698886801961,143.08671755725192,0.3803395399780942,1.367816091954023,3.3217152969613255,0.14011037925371997,0.015531862877229364,-0.01768033946251768,1.339378238341969,0.0042796005706134095,0.6154192808315383,0.12150382764531352,0.08300835761723299,Waste Management,Industrials,WM
2017Q3,2017,Q3,2017-10-26,2017-09-30,386000000.0,3716000000.0,701000000.0,0.87,1414000000.0,0.3805166846071044,20949000000.0,5278000000.0,2300000000.0,3259000000.0,15649000000.0,99000000.0,7871000000.0,34266606000.0,43576606000.0,12.055733211512106,0.7057379564283522,0.4460833452670772,1.7705570291777188,0.030845793826010024,12.055733211512106,0.0731337627889352,9.221368675995695,22.193397668393782,6.492346722243274,0.4792746113989637,23.252525252525253,0.0053988422430864625,0.17738316864766815,0.625038355323719,0.018425700510764236,67.72056521739131,0.3805166846071044,0.074074074074074,0.912094456991841,0.13817729344365715,-0.11019946191749869,0.01946647440519106,0.06629834254143646,0.041604754829123326,0.5047358002131872,0.08584718555170494,0.035660302733925855,Waste Management,Industrials,WM
2017Q2,2017,Q2,2017-07-26,2017-06-30,362000000.0,3677000000.0,673000000.0,0.81,1387000000.0,0.37720968180582,20839000000.0,5486000000.0,2326000000.0,2770000000.0,15332000000.0,96000000.0,7671000000.0,32413364999.999996,41438365000.0,12.414573432903373,0.8397111913357401,0.4346177839627621,1.6509296390812978,0.02930848747392789,12.414573432903373,0.06598614655486694,8.815165896110958,22.384920580110496,5.908378600072912,0.5165745856353591,23.854166666666668,0.005769225132904282,0.17644800614232928,0.7613718411552347,0.01737127501319641,63.0610214007782,0.37720968180582,0.20895522388059704,0.8250604905391057,0.1147438774756513,-0.06729680142551504,0.08869701726844584,0.21476510067114093,0.2060931899641577,0.8174312223192062,0.08865523445228565,-0.011797409466994483,Waste Management,Industrials,WM
2017Q1,2017,Q1,2017-04-26,2017-03-31,298000000.0,3440000000.0,558000000.0,0.67,1274000000.0,0.37034883720930234,20650000000.0,5517000000.0,2223000000.0,2558000000.0,15112000000.0,95000000.0,7497000000.0,32179596000.0,41191596000.0,12.501699524133242,0.8690383111806098,0.43786924939467314,1.6389342033713974,0.02622825351034706,12.501699524133242,0.054014863150262826,9.354533720930233,26.99630536912752,5.832806960304514,0.6510067114093959,22.8,0.00602866487198907,0.1665859564164649,0.7826426896012509,0.014430992736077482,82.7238971722365,0.37034883720930234,-0.10666666666666662,0.824829086842039,0.09321369783784766,-0.06201731610619081,-0.0297029702970297,-0.11044776119402985,-0.09562398703403566,0.3778032209460882,0.06781628431043625,0.013733766537699895,Waste Management,Industrials,WM
2016Q4,2016,Q4,2017-02-16,2016-12-31,335000000.0,3460000000.0,617000000.0,0.75,1313000000.0,0.37947976878612716,20859000000.0,5297000000.0,2376000000.0,2794000000.0,15539000000.0,90000000.0,7388000000.0,31278401000.0,40556401000.0,12.00861482656994,0.8503937007874016,0.44633012129057004,1.7575986407400415,0.027663073170666228,12.00861482656994,0.06324334528978667,9.04000028901734,23.34209029850746,5.9049275061355475,0.5373134328358209,23.855555555555554,0.00575476988097953,0.16587564121002923,0.7745168217609163,0.016060213816577976,83.18723670212766,0.37947976878612716,0.10294117647058816,0.3193562573402447,0.06421742579439939,-0.08580215628369545,-0.014264264264264264,0.10927152317880795,0.10178571428571428,1.583972075820966,0.04258315250833958,-0.02113060849477213,Waste Management,Industrials,WM
2016Q3,2016,Q3,2016-10-26,2016-09-30,302000000.0,3548000000.0,560000000.0,0.68,1332000000.0,0.3754227733934611,20756000000.0,5359000000.0,2293000000.0,2664000000.0,15373000000.0,93000000.0,7235000000.0,28239304000.0,37470304000.0,12.099796793858658,0.8607357357357357,0.4461842358835999,1.7281209180817316,0.025479918698943622,12.099796793858658,0.056353797350251915,7.959217587373168,23.376907284768212,5.269509983205822,0.6026490066225165,23.827956989247312,0.006444918047555279,0.17093852380034688,0.777027027027027,0.01455000963576797,67.2364380952381,0.3754227733934611,0.06250000000000006,0.17396869562907571,0.06515482015506444,-0.04735460010692502,0.02857142857142857,0.05226480836236934,-0.08346972176759411,0.09966101274092411,0.03824526767384932,-0.15348320880174893,Waste Management,Industrials,WM
2016Q2,2016,Q2,2016-07-27,2016-06-30,287000000.0,3425000000.0,611000000.0,0.64,1295000000.0,0.3781021897810219,20752000000.0,5208000000.0,2276000000.0,2806000000.0,15524000000.0,93000000.0,7116000000.0,29423880000.0,38914880000.0,11.72972972972973,0.8111190306486101,0.45923284502698536,1.8298771121351767,0.02583187947153047,11.72972972972973,0.05510752688172043,8.59091386861314,25.6305574912892,5.649746543778801,0.6306620209059234,22.903225806451612,0.006151466088088995,0.16504433307632999,0.7348538845331433,0.013829992289899768,67.4859633027523,0.3781021897810219,0.10344827586206906,0.29333827498384446,0.09290759238473617,-0.11584202227979049,0.09467455621301775,0.1124031007751938,0.20275590551181102,0.23954456505685998,0.0236425804704308,-0.1568074142663173,Waste Management,Industrials,WM
2016Q1,2016,Q1,2016-04-28,2016-03-31,258000000.0,3176000000.0,508000000.0,0.58,1183000000.0,0.37248110831234255,20781000000.0,5290000000.0,2302000000.0,2560000000.0,15471000000.0,92000000.0,7012000000.0,26319900000.0,35811900000.0,11.858327729208698,0.89921875,0.46176796111832924,1.8139886578449906,0.022061268332932985,11.858327729208698,0.04877126654064272,8.287122166246851,25.503779069767443,4.975406427221172,0.7093023255813954,21.66304347826087,0.006952913954840254,0.15283191376738367,0.8171875,0.012415186949617438,67.66041131105399,0.37248110831234255,-0.04918032786885251,0.4791345785336717,0.09143944767712564,-0.10431779917678985,-0.029532403609515995,-0.054945054945054944,0.01195219123505976,0.6031879463284976,-0.0061325519275231355,-0.13644672032955577,Waste Management,Industrials,WM
2015Q4,2015,Q4,2016-02-18,2015-12-31,273000000.0,3246000000.0,502000000.0,0.61,1219000000.0,0.37553912507701787,20419000000.0,5345000000.0,2345000000.0,2510000000.0,15052000000.0,92000000.0,6939000000.0,23872401000.0,32814401000.0,11.949474625530964,0.9342629482071713,0.43983544737744257,1.6802619270346117,0.024096330463960647,11.949474625530964,0.05107577174929841,7.35440573012939,21.861173076923073,4.466305144995323,0.63003663003663,22.032608695652176,0.007204972805207151,0.15896958714922377,0.849800796812749,0.013369900582790539,152.05350955414013,0.37553912507701787,-0.17567567567567569,0.033214709371293,0.08318018139166561,-0.09195446016532269,-0.03636363636363636,-0.18507462686567164,-0.16472545757071547,0.2688841381623072,-0.015862990015417605,-0.12419415594747088,Waste Management,Industrials,WM
2015Q3,2015,Q3,2015-10-27,2015-09-30,335000000.0,3360000000.0,601000000.0,0.74,1265000000.0,0.37648809523809523,20402000000.0,5235000000.0,2399000000.0,2442000000.0,15145000000.0,92000000.0,6840000000.0,22394576000.0,31331576000.0,11.643683274021353,0.9823914823914824,0.4435839623566317,1.728748806112703,0.028585280070455136,11.643683274021353,0.06399235912129896,6.665052380952381,16.712370149253733,4.2778559694364855,0.5134328358208955,22.77173913043478,0.007680431190123894,0.1646897363003627,0.8660933660933661,0.016419958827565924,69.54837267080745,0.37648809523809523,0.23333333333333336,0.45753875940726935,0.10263081179492539,-0.09012278541414673,0.09809027777777778,0.22262773722627738,0.19721115537848605,0.6159067665546945,0.0021274167361581956,-0.1406117354527179,Waste Management,Industrials,WM
2015Q2,2015,Q2,2015-07-23,2015-06-30,274000000.0,3315000000.0,502000000.0,0.6,1152000000.0,0.34751131221719456,20578000000.0,5386000000.0,2553000000.0,2477000000.0,15171000000.0,102000000.0,6680000000.0,21112425000.0,29945425000.0,11.82436882546652,1.030682276947921,0.44251141996306737,1.6906795395469736,0.02431019472138515,11.82436882546652,0.05087263275157817,6.368755656108597,19.263161496350364,3.9198709617526926,0.6386861313868614,21.205882352941178,0.008288957805652359,0.1610943726309651,0.8986677432377876,0.013315190980658956,40.60081730769231,0.34751131221719456,3.142857142857143,0.17886535835720607,0.11101560061426417,-0.06533395462249396,0.05301645338208409,3.124031007751938,0.1409090909090909,0.34015452165836363,-0.025008972917497707,-0.11163869751602049,Waste Management,Industrials,WM
2015Q1,2015,Q1,2015-04-29,2015-03-31,-129000000.0,3040000000.0,440000000.0,-0.28,1094000000.0,0.35986842105263156,20691000000.0,5554000000.0,2617000000.0,2273000000.0,15116000000.0,109000000.0,6582000000.0,24864455000.0,33794455000.0,12.113413304253,1.1513418389793224,0.4449760765550239,1.6577241627655743,0.01758956978793033,12.113413304253,-0.02322650342095787,8.179097039473683,-48.18692829457364,4.476855419517465,-1.3643410852713178,17.853211009174313,0.00707837754738642,0.14692378328741965,1.005279366476023,-0.0062345947513411624,93.4753947368421,0.35986842105263156,-1.21875,-1.75068486584299,0.09699542430598253,-0.05626929238805444,-0.13654301499605367,-1.2186440677966102,-0.4148936170212766,-1.760309169871243,-0.07014593672379589,-0.09114981524674287,Waste Management,Industrials,WM
2014Q4,2014,Q4,2015-02-17,2014-12-31,590000000.0,3437000000.0,752000000.0,1.28,1267000000.0,0.36863543788187375,21412000000.0,5866000000.0,3641000000.0,3485000000.0,15523000000.0,106000000.0,6888000000.0,23530220000.0,31658220000.0,12.793893129770993,1.0447632711621233,0.4406407621894265,1.6084214115240367,0.04906506596238704,12.793893129770993,0.10057961131946812,6.8461507128309576,9.97043220338983,4.011288782816229,0.29152542372881357,20.471698113207548,0.007309748910124937,0.16051746684102372,0.9308464849354375,0.0275546422566785,156.86813333333333,0.36863543788187375,1.2068965517241381,0.9837219366117951,0.21096026775964616,-0.011501272264631013,-0.02762854950115119,1.1851851851851851,0.3772893772893773,1.2354605160666117,0.017024738561945075,-0.026020096331602065,Waste Management,Industrials,WM
2014Q3,2014,Q3,2014-10-29,2014-09-30,270000000.0,3602000000.0,546000000.0,0.58,1303000000.0,0.3617434758467518,22211000000.0,5364000000.0,4116000000.0,3789000000.0,16548000000.0,106000000.0,6473000000.0,21901824000.0,31882824000.0,11.640625,1.0863024544734758,0.45761109360226915,1.8948545861297539,0.023866190294857724,11.640625,0.050335570469798654,6.08046196557468,20.279466666666668,4.083114093959732,0.6370370370370371,21.68867924528302,0.007853227201533534,0.162171896807888,0.5003958828186856,0.01215613885011931,60.004997260273974,0.3617434758467518,0.28888888888888875,0.04114959386281586,0.2727253670930275,-0.07826325209137713,0.034126984126984124,0.2857142857142857,0.02631578947368421,0.008803423713235265,0.039360108484762464,-0.08350627311701408,Waste Management,Industrials,WM
2014Q2,2014,Q2,2014-07-29,2014-06-30,210000000.0,3561000000.0,532000000.0,0.45,1260000000.0,0.35383319292333615,22179000000.0,5853000000.0,2355000000.0,2980000000.0,16032000000.0,166000000.0,6376000000.0,20839707000.0,30499707000.0,12.562781712813909,0.790268456375839,0.44172415347851574,1.6738424739449855,0.018772590720518813,12.562781712813909,0.03587903639159405,5.852206402695872,24.809175,3.5605171706817016,0.8333333333333334,13.86144578313253,0.008397430923572965,0.160557283917219,0.648993288590604,0.0094684160692547,60.05679250720461,0.35383319292333615,-0.08163265306122446,-0.10143877202541249,0.27491418829191505,0.019432055931042885,0.08247422680412371,-0.07894736842105263,0.13432835820895522,-0.0981386237607354,0.08289188826776092,-0.053048626892965245,Waste Management,Industrials,WM
2014Q1,2014,Q1,2014-04-24,2014-03-31,228000000.0,3396000000.0,469000000.0,0.49,1164000000.0,0.34275618374558303,22442000000.0,5737000000.0,2535000000.0,3357000000.0,16403000000.0,174000000.0,6342000000.0,19570964000.0,29425964000.0,12.332330180567498,0.7551385165326184,0.4542375902325996,1.776886874673174,0.020765331743142303,12.332330180567498,0.03974202544884086,5.762945818610129,21.459390350877193,3.4113585497646857,0.7631578947368421,12.827586206896552,0.008890721989984755,0.15132341146065412,0.6225796842418826,0.010159522324213528,61.54391194968554,0.34275618374558303,1.3781506119866027,0.4178645490870468,0.2776449420598955,-0.020662040561424927,-0.05596107055961071,1.3768595041322313,2.1439024390243904,0.25347405208997864,0.11912694258378648,-0.06851548636139114,Waste Management,Industrials,WM
2013Q4,2013,Q4,2014-02-18,2013-12-31,-605000000.0,3500000000.0,-410000000.0,-1.29578,1233000000.0,0.3522857142857143,22603000000.0,5707000000.0,2499000000.0,3014000000.0,16601000000.0,178000000.0,6289000000.0,20873524000.0,31041524000.0,12.267841788478075,0.8291307232913072,0.45241782064327746,1.7918345891011038,-0.025562057700368217,12.267841788478075,-0.10601016295777116,5.963864,-8.625423140495867,3.6575300508147883,-0.28264462809917357,12.735955056179776,0.008192196008685452,0.1548467017652524,0.6785003317850034,-0.02676635844799363,139.15682666666666,0.3522857142857143,-3.0899677419354834,-3.93391616114604,0.19051768879799824,0.02225086268612626,-0.04861111111111111,-3.0790378006872854,-1.7105719237435009,-3.201620701156354,0.12299914662991658,-0.06776160722379866,Waste Management,Industrials,WM
2013Q3,2013,Q3,2013-10-29,2013-09-30,291000000.0,3621000000.0,577000000.0,0.62,1296000000.0,0.35791217895608946,23613000000.0,6708000000.0,2417000000.0,2862000000.0,16598000000.0,178000000.0,7066000000.0,19353932000.0,29255932000.0,14.293628808864266,0.8445143256464012,0.4259941557616567,1.4995527728085867,0.022611973266070992,14.293628808864266,0.04338103756708408,5.344913559790113,16.627089347079036,2.885201550387597,0.5876288659793815,13.061797752808989,0.008835413909690289,0.15334773218142547,0.7047519217330538,0.01232371998475416,46.86182082324455,0.35791217895608946,0.19230769230769226,-0.018285297938590635,0.0742946262201287,0.18984277805131994,0.06666666666666667,0.19262295081967212,0.13137254901960785,0.21295319502712468,0.13840061046558536,0.11695301743138745,Waste Management,Industrials,WM
2013Q2,2013,Q2,2013-07-30,2013-06-30,244000000.0,3526000000.0,510000000.0,0.52,1215000000.0,0.34458309699376066,23012000000.0,6509000000.0,2404000000.0,3022000000.0,16194000000.0,171000000.0,6948000000.0,19034172000.0,28650172000.0,13.911092113699508,0.7954996690933157,0.4245610985572745,1.5009986172991243,0.02094033592109651,13.911092113699508,0.03748655707481948,5.398233692569484,19.502225409836065,2.9242851436472574,0.7008196721311475,13.514619883040936,0.008983842323164886,0.15322440465843906,0.6641297154202515,0.010603163566834694,61.40055483870968,0.34458309699376066,0.44444444444444453,-0.19531534583130034,0.059849871035466885,0.19296974837335706,0.07808340727595386,0.4523809523809524,0.26865671641791045,0.021971549059367552,0.1504142923097975,0.099612642730699,Waste Management,Industrials,WM
2013Q1,2013,Q1,2013-04-24,2013-03-31,168000000.0,3336000000.0,402000000.0,0.36,1127000000.0,0.3378297362110312,23155000000.0,6395000000.0,2497000000.0,3188000000.0,16439000000.0,177000000.0,6875000000.0,17994648000.0,27696648000.0,13.732016319519003,0.783249686323714,0.43226085078816673,1.5651290070367474,0.016462192241326355,13.732016319519003,0.026270523846755277,5.394079136690648,26.777749999999997,2.813862079749805,1.0119047619047619,12.480225988700566,0.009447253427796976,0.14407255452386095,0.6543287327478042,0.007255452386093716,57.86060450160772,0.3378297362110312,-0.25,-0.2575492031359565,0.08789079013859645,0.21387989564808865,-0.06859504132231405,-0.25,-0.16942148760330578,-0.037478733420326586,0.1851965442653966,0.06983268486417908,Waste Management,Industrials,WM
2012Q4,2012,Q4,2013-02-14,2012-12-31,224000000.0,3434000000.0,484000000.0,0.48,1210000000.0,0.3523587652882935,23097000000.0,6354000000.0,2423000000.0,3036000000.0,16422000000.0,174000000.0,6879000000.0,15712718000.0,25434718000.0,13.643976809104574,0.7980895915678524,0.4293198250855089,1.560591753226314,0.020030889907594444,13.643976809104574,0.03525338369531004,4.575631333721607,17.536515625,2.4728860560276993,0.7366071428571429,12.781609195402298,0.010501047622696467,0.1486773174005282,0.669631093544137,0.009698229207256354,78.95838190954774,0.3523587652882935,0.04347826086956513,-0.22791524468507224,0.08819622982796571,0.16840685381834747,-0.017857142857142856,0.04672897196261682,-0.032,-0.258502135375659,0.19119744906436498,0.05417901965014814,Waste Management,Industrials,WM
2012Q3,2012,Q3,2012-10-31,2012-09-30,214000000.0,3461000000.0,500000000.0,0.46,1232000000.0,0.35596648367523837,23073000000.0,6288000000.0,2659000000.0,3187000000.0,16461000000.0,155000000.0,6820000000.0,14679483000.0,24273483000.0,13.548804137039431,0.8343269532475682,0.4330602869154423,1.589058524173028,0.019680730887627437,13.548804137039431,0.034033078880407124,4.241399306558798,17.148928738317757,2.3345233778625953,0.6588785046728972,14.380645161290323,0.009605242909440339,0.15000216703506264,0.7110134923125196,0.0092749100680449,85.34583139534884,0.35596648367523837,0.02222222222222224,-0.14609718500571228,0.12818187452697571,0.175847116534253,0.027522935779816515,0.028846153846153848,0.07296137339055794,-0.1806602118770307,0.21420912699541259,0.07283162745347613,Waste Management,Industrials,WM
2012Q2,2012,Q2,2012-07-26,2012-06-30,208000000.0,3459000000.0,466000000.0,0.45,1199000000.0,0.34663197455912115,22691000000.0,6168000000.0,2454000000.0,3187000000.0,16204000000.0,147000000.0,6771000000.0,15477560000.0,25066560000.0,13.310315062580923,0.7700031377470976,0.43303512405799655,1.5930609597924772,0.019104095173414583,13.310315062580923,0.03372243839169909,4.474576467187048,18.60283653846154,2.509332036316472,0.8605769230769231,15.374149659863946,0.011565130421074123,0.15243929311180646,0.6488860997803577,0.009166629941386452,48.671572327044025,0.34663197455912115,0.21621621621621626,-0.30945187742770824,0.1558918041880674,0.14025763303823388,0.06200177147918512,0.21637426900584794,0.16209476309226933,-0.1051950116984303,0.24507703752048304,0.08009214515735762,Waste Management,Industrials,WM
2012Q1,2012,Q1,2012-04-26,2012-03-31,171000000.0,3295000000.0,401000000.0,0.37,1129000000.0,0.3426403641881639,22535000000.0,6159000000.0,2285000000.0,3047000000.0,16054000000.0,153000000.0,6727000000.0,16155016000.0,25815016000.0,13.328283921229172,0.749917952084017,0.43705347237630354,1.5991232342912811,0.016853475835611607,13.328283921229172,0.027764247442766683,4.902888012139606,23.618444444444446,2.6229933430751746,1.0116959064327486,14.156862745098039,0.010708748292171298,0.14621699578433547,0.6265178864456843,0.007588196139338806,168.28141666666667,0.3426403641881639,-0.35087719298245607,-0.11892911172262939,0.18223774840229412,0.21884949452626762,-0.10467882632831087,-0.35714285714285715,-0.27355072463768115,0.07053222500859248,0.2479628433093237,0.05842887654779701,Waste Management,Industrials,WM
2011Q4,2011,Q4,2012-02-16,2011-12-31,266000000.0,3406000000.0,552000000.0,0.57,1261000000.0,0.3702290076335878,22569000000.0,6070000000.0,2379000000.0,3068000000.0,16179000000.0,153000000.0,6721000000.0,15115291000.0,24613291000.0,13.135684916684701,0.7754237288135594,0.43227435863352387,1.6072487644151565,0.023535070100939953,13.135684916684701,0.043822075782537065,4.437842337052261,14.206100563909775,2.490163261943987,0.6954887218045113,14.019607843137255,0.012239261553085547,0.15091497186406133,0.6626466753585397,0.011786078248925518,47.68230599369085,0.3702290076335878,-0.017241379310344845,0.236842059966607,0.18670146028708026,0.11590288449144624,0.0,-0.022058823529411766,0.016574585635359115,0.2986068784507901,0.16631588152903878,0.09456622196298475,Waste Management,Industrials,WM
2011Q3,2011,Q3,2011-10-27,2011-09-30,272000000.0,3522000000.0,543000000.0,0.58,1261000000.0,0.3580352072685974,22052000000.0,5948000000.0,2419000000.0,2527000000.0,15767000000.0,142000000.0,6613000000.0,15247848000.000002,24578848000.0,12.701259876147768,0.9572615749901069,0.4359241792127698,1.6161735036987224,0.023622458301793218,12.701259876147768,0.04572965702757229,4.329315161839864,14.01456617647059,2.5635252185608612,0.6102941176470589,15.922535211267606,0.010886782187230616,0.15971340467984763,0.8235061337554412,0.01233448213313985,44.06892485549133,0.3580352072685974,0.15999999999999992,0.037186175471563915,0.17088367031990342,0.1045854490017775,0.04473902236951118,0.14767932489451477,0.07312252964426877,-0.08042404579363924,0.04715417013098532,0.057289407600631774,Waste Management,Industrials,WM
2011Q2,2011,Q2,2011-07-28,2011-06-30,237000000.0,3347000000.0,506000000.0,0.5,1207000000.0,0.3606214520466089,21583000000.0,6291000000.0,2374000000.0,2295000000.0,14960000000.0,137000000.0,6499000000.0,17673434000.0,26339434000.0,13.266554196541543,1.0344226579520697,0.4187091692535792,1.4364965824193292,0.021661077594945725,13.266554196541543,0.037672865999046255,5.2803806393785475,18.642862869198314,2.8093202988396127,0.7721518987341772,15.620437956204379,0.010354524197165076,0.15507575406569984,0.9080610021786493,0.010980864569336979,89.25976767676768,0.3606214520466089,0.282051282051282,-0.3509232221780567,0.12094709000495976,0.15285854001726568,0.08935018050541517,0.27419354838709675,0.18501170960187355,-0.22878452686948428,-0.007320047497594162,0.1376962852574162,Waste Management,Industrials,WM
2011Q1,2011,Q1,2011-04-28,2011-03-31,186000000.0,3103000000.0,427000000.0,0.39,1108000000.0,0.35707379954882373,21648000000.0,6298000000.0,2548000000.0,2363000000.0,15016000000.0,130000000.0,6424000000.0,17762638000.0,26253638000.0,13.23943661971831,1.0782903089293272,0.4234571322985957,1.4555414417275325,0.01768530669084101,13.23943661971831,0.02953318513813909,5.7243435385111185,23.874513440860216,2.8203617021276597,0.8709677419354839,15.346153846153847,0.009120266933323755,0.1433388765705839,0.946677951756242,0.008592017738359202,62.5445,0.35707379954882373,-0.33898305084745756,0.1500080386798403,0.10513315082797903,0.1930078451005822,-0.11075441412520064,-0.33807829181494664,-0.25609756097560976,-0.1952806826716165,-0.009363968218557278,0.1703369387596296,Waste Management,Industrials,WM
2010Q4,2010,Q4,2011-02-17,2010-12-31,281000000.0,3187000000.0,574000000.0,0.59,1246000000.0,0.39096328835895827,21476000000.0,6260000000.0,2482000000.0,2485000000.0,14885000000.0,130000000.0,6400000000.0,17539059000.0,25907059000.0,13.1595543409712,0.9987927565392354,0.41474203762339357,1.4228434504792333,0.02450776363824893,13.1595543409712,0.04488817891373802,5.5033131471603385,15.604145017793591,2.8017666134185304,0.5871886120996441,14.930769230769231,0.009407574260397893,0.148398211957534,0.8832997987927566,0.01308437325386478,68.78062352941177,0.39096328835895827,0.15686274509803913,0.11431813403115572,0.08691447783886438,0.17612323511449104,0.013832384052074858,0.15163934426229508,0.05514705882352941,-0.05180782808234215,-0.011305595968846454,0.12692316179587618,Waste Management,Industrials,WM
2010Q3,2010,Q3,2010-10-28,2010-09-30,244000000.0,3235000000.0,544000000.0,0.51,1229000000.0,0.37990726429675425,21339000000.0,6108000000.0,2569000000.0,2311000000.0,14900000000.0,0.0,0.0,17058702000.0,25467702000.0,12.796983029541169,1.1116399826914756,0.4198416045737851,1.4667648984937787,0.022664701074858334,12.796983029541169,0.03994760969220694,5.273169088098918,17.478178278688528,2.7928457760314345,0.6434426229508197,0.0,0.009203513842964136,0.15160035615539622,0.9697100822154912,0.011434462720839776,41.105306024096386,0.37990726429675425,0.0,0.3107920077957891,0.10708999541246675,0.15519028183030117,0.0576592082616179,-0.008130081300813009,-0.07167235494880546,-0.053316882433713755,0.02534953262175651,0.11059953656631419,Waste Management,Industrials,WM
2010Q2,2010,Q2,2010-08-02,2010-06-30,246000000.0,3158000000.0,586000000.0,0.51,1162000000.0,0.36795440151994935,21759000000.0,6099000000.0,3156000000.0,2858000000.0,15351000000.0,110000000.0,6176000000.0,15084909000.0,23500909000.0,12.650902302426882,1.1042687193841847,0.4405073762581001,1.5715691096901132,0.020775070574888532,12.650902302426882,0.04033448106246926,4.776728625712476,15.330192073170732,2.4733413674372846,0.6788617886178862,18.145454545454545,0.01107066671731331,0.14513534629348776,0.9832050384884534,0.011305666620708673,58.01888076923077,0.36795440151994935,0.3783783783783784,-0.45132518318221165,0.12859673002898725,0.1568250189218763,0.10246679316888045,0.3516483516483517,0.4223300970873786,-0.21497295486094495,0.01437291856070925,0.08376757780263237,Waste Management,Industrials,WM
2010Q1,2010,Q1,2010-04-29,2010-03-31,182000000.0,2935000000.0,412000000.0,0.37,1054000000.0,0.35911413969335604,20995000000.0,6233000000.0,2719000000.0,2670000000.0,14454000000.0,107000000.0,6082000000.0,16719208000.0,24671208000.0,12.835667215815485,1.0183520599250937,0.4202429149797571,1.4155302422589444,0.01739730172917356,12.835667215815485,0.0291994224290069,5.6964933560477,22.965945054945056,2.682369324562811,0.8791208791208791,17.57943925233645,0.009569831298228958,0.13979518933079305,0.8853932584269663,0.0086687306501548,69.3743070539419,0.35911413969335604,-0.4307692307692308,0.44151565093355283,0.1477824214229589,0.24603611399903974,-0.06890459363957598,-0.4222222222222222,-0.09649122807017543,-0.10763316786514689,0.0021086230198861153,0.17380051253149523,Waste Management,Industrials,WM
2009Q4,2009,Q4,2010-02-16,2009-12-31,315000000.0,3006000000.0,456000000.0,0.65,1132000000.0,0.37658017298735863,21154000000.0,6285000000.0,3010000000.0,2901000000.0,14563000000.0,110000000.0,6053000000.0,16418136000.000002,24151136000.0,12.942751235584844,1.0375732506032402,0.4194478585610287,1.4117740652346857,0.028696006293744317,12.942751235584844,0.050119331742243436,5.461788423153693,13.030266666666668,2.612273031026253,0.49523809523809526,17.036363636363635,0.009501687645905723,0.14210078472156565,0.9193381592554292,0.014890800794176042,45.104769230769236,0.37658017298735863,0.16071428571428564,0.3912254280528284,0.11325293737829031,0.2505395859452621,-0.029991431019708654,0.1371841155234657,-0.13142857142857142,0.39379997702113545,-0.003349016039645038,0.09951277977894513,Waste Management,Industrials,WM
2009Q3,2009,Q3,2009-10-29,2009-09-30,277000000.0,3023000000.0,525000000.0,0.56,1167000000.0,0.386040357260999,20392000000.0,6216000000.0,2510000000.0,2805000000.0,13871000000.0,106000000.0,5880000000.0,14677404000.0,22311404000.0,12.629012596505486,0.8948306595365418,0.4043742644174186,1.3265765765765767,0.024941632025511074,12.629012596505486,0.04456241956241956,4.855244459146543,13.246754512635379,2.3612297297297298,0.5631768953068592,17.50943396226415,0.01062858254770394,0.14824440957238133,0.7932263814616756,0.01358375833660259,43.813146268656716,0.386040357260999,0.1200000000000001,0.08226799655419237,0.08948551918976963,0.2546257156965113,0.0008576329331046312,0.1214574898785425,-0.016853932584269662,0.004963139794121725,-0.04380802797515116,0.09830234838018542,Waste Management,Industrials,WM
2009Q2,2009,Q2,2009-07-30,2009-06-30,247000000.0,2952000000.0,534000000.0,0.5,1166000000.0,0.39498644986449866,20148000000.0,6068000000.0,2417000000.0,2235000000.0,13781000000.0,102000000.0,5747000000.0,13865984000.0,21580984000.0,12.323314378554022,1.0814317673378075,0.40912249354774666,1.3584377059986816,0.023169362321713825,12.323314378554022,0.04070533948582729,4.6971490514905145,14.034396761133603,2.285099538562953,0.631578947368421,17.50980392156863,0.011250553873421462,0.14651578320428826,0.9364653243847875,0.012259281318244986,47.81373793103448,0.39498644986449866,0.6129032258064516,0.35574242042001386,0.11531462446393606,0.24941839168702254,0.07465437788018434,0.45294117647058824,0.43548387096774194,-0.34853935613166653,-0.04788532272119791,0.0708913567275215,Waste Management,Industrials,WM
2009Q1,2009,Q1,2009-04-29,2009-03-31,170000000.0,2810000000.0,372000000.0,0.31,1085000000.0,0.3861209964412811,20400000000.0,6193000000.0,2704000000.0,2586000000.0,14207000000.0,103000000.0,5642000000.0,12590080000.0,20432080000.0,12.592517283448556,1.045630317092034,0.43083333333333335,1.419182948490231,0.015575886635918822,12.592517283448556,0.027450347166155336,4.480455516014235,18.514823529411768,2.0329533344098176,0.888235294117647,16.74757281553398,0.011993569540463602,0.1377450980392157,0.9338747099767981,0.008333333333333333,64.89731958762887,0.3861209964412811,-0.29545454545454547,0.3294960436687997,0.15342531315367613,0.29722983960923904,-0.0448943661971831,-0.22018348623853212,-0.1895424836601307,0.016673445364187717,-0.0319812308417351,0.13471383565854758,Waste Management,Industrials,WM
2008Q4,2008,Q4,2009-02-17,2008-12-31,218000000.0,3108000000.0,459000000.0,0.44,1136000000.0,0.3655083655083655,20227000000.0,5902000000.0,2335000000.0,3036000000.0,14042000000.0,110000000.0,5631000000.0,16298251508.2,24144251508.2,12.000813338755592,0.7691040843214756,0.4116280219508578,1.4107082344967807,0.020503651076881214,12.000813338755592,0.036936631650288036,5.243967666731017,18.69065539931193,2.761479415147408,0.6055045871559633,17.927272727272726,0.008099028287395612,0.15365600435062046,0.6884057971014492,0.010777673406832451,68.19352095481172,0.3655083655083655,-0.30158730158730157,0.41607781751878337,0.2447978495438397,0.26116485895195674,-0.12883435582822086,-0.2967741935483871,-0.2737341772151899,-0.16381186891222946,0.025271646576813498,0.07256180887814861,Waste Management,Industrials,WM
2008Q3,2008,Q3,2008-10-30,2008-09-30,310000000.0,3525000000.0,632000000.0,0.63,1304000000.0,0.3699290780141844,20343000000.0,5896000000.0,2593000000.0,3006000000.0,14143000000.0,113000000.0,5547000000.0,15455292000.0,23380292000.0,12.013039934800325,0.8626081170991351,0.41434400039325564,1.4296132971506106,0.02676475309337678,12.013039934800325,0.05257801899592944,4.38448,12.463945161290322,2.621318181818182,0.4290322580645161,19.654867256637168,0.008605466658281189,0.17327827754018582,0.7717897538256819,0.015238657031902867,32.8836,0.3699290780141844,-0.015625000000000014,0.7545051153607327,0.4082650166937191,0.2500190197340665,-0.0030581039755351682,-0.025157232704402517,0.0,0.6195431835067567,0.17315296554378332,0.08442333289694282,Waste Management,Industrials,WM
2008Q2,2008,Q2,2008-07-29,2008-06-30,318000000.0,3489000000.0,632000000.0,0.64,1308000000.0,0.3748925193465176,20050000000.0,5722000000.0,2410000000.0,2580000000.0,14026000000.0,111000000.0,5371000000.0,2419151000.0,10602151000.0,11.660892602404727,0.9341085271317829,0.41860349127182045,1.4667948269835722,0.02754056037344526,11.660892602404727,0.055574973785389725,0.6933651476067642,1.9018482704402513,0.42278067109402306,0.41823899371069184,19.64864864864865,0.05497796541017903,0.1740149625935162,0.8193798449612403,0.015860349127182045,8.145289562289562,0.3748925193465176,0.3333333333333334,1.160179336870334,0.4309938448018216,0.2251176571091938,0.1141396933560477,0.31950207468879666,0.23679060665362034,-0.3031679558343055,0.2250355866071533,0.06629645719697326,Waste Management,Industrials,WM
2008Q1,2008,Q1,2008-04-29,2008-03-31,241000000.0,3266000000.0,511000000.0,0.48,1174000000.0,0.3594611145131659,20184000000.0,5611000000.0,2565000000.0,2594000000.0,14266000000.0,107000000.0,5187000000.0,5108800000.0,13361800000.0,11.3125,0.9888203546646106,0.43197582243361077,1.5539119586526466,0.022321893040664845,11.3125,0.04295134557119943,1.564237599510104,5.299585062240664,0.9104972375690609,0.5518672199170125,19.55140186915888,0.026033510804885685,0.16181133571145462,0.8797224363916731,0.011940150614347998,14.680459770114943,0.3594611145131659,-0.22580645161290325,3.858870967741935,0.47888557651194846,0.2912846182634731,-0.043973941368078175,-0.22006472491909385,-0.11130434782608696,0.8687965263037634,0.2504451474083651,0.09817302853146562,Waste Management,Industrials,WM
2007Q4,2007,Q4,2008-02-19,2007-12-31,309000000.0,3361000000.0,575000000.0,0.62,1228000000.0,0.36536745016364175,20175000000.0,5792000000.0,2480000000.0,2598000000.0,14073000000.0,103000000.0,5080000000.0,6750560000.0,14739560000.0,11.67741935483871,0.9545804464973057,0.41323420074349443,1.4393991712707181,0.027577192858286987,11.67741935483871,0.053349447513812154,2.0084974709907764,5.461618122977346,1.1654972375690607,0.39158576051779936,20.70873786407767,0.01792443886136854,0.1665923172242875,0.8622016936104696,0.015315985130111525,65.53941747572816,0.36536745016364175,0.14814814814814806,0.6102549207217056,0.4699459115312255,0.3419792401001532,-0.025396825396825397,0.11151079136690648,0.017699115044247787,0.336110675688032,0.21862585333352616,0.12828214798407364,Waste Management,Industrials,WM
2007Q3,2007,Q3,2007-10-26,2007-09-30,278000000.0,3403000000.0,565000000.0,0.54,1260000000.0,0.3702615339406406,20275000000.0,5932000000.0,2861000000.0,2740000000.0,14042000000.0,104000000.0,4894000000.0,18373740747.35,26114740747.35,11.522589923912738,1.044160583941606,0.40828606658446365,1.3954821308159138,0.025352026289794632,11.522589923912738,0.04686446392447741,5.39927732804878,16.523148154091725,3.0973939223449087,0.44244604316546765,20.60576923076923,0.0066943363189523614,0.16784217016029593,0.8875912408759125,0.013711467324290998,34.60214830009416,0.3702615339406406,-0.15624999999999997,0.4210526314368821,0.38752475034295997,0.2909181296269414,-0.004739336492890996,-0.17751479289940827,-0.10742496050552923,0.03846153850062483,0.17256205847501702,0.14470846548736743,Waste Management,Industrials,WM
2007Q2,2007,Q2,2007-07-31,2007-06-30,338000000.0,3358000000.0,633000000.0,0.64,1266000000.0,0.3770101250744491,20184000000.0,6070000000.0,2861000000.0,2691000000.0,13830000000.0,102000000.0,4739000000.0,22172800000.0,29851800000.0,11.673076923076923,1.063173541434411,0.40869005152596116,1.3589785831960461,0.031129094210489556,11.673076923076923,0.055683690280065895,6.602977963073258,16.4,3.6528500823723227,0.3698224852071006,20.50980392156863,0.0056375378842545825,0.1663694015061435,0.8892604979561501,0.016745937376139518,67.6,0.3770101250744491,0.523809523809524,0.8571428571428573,0.4172634445200817,0.36424273182048866,0.09705372616984402,0.5225225225225225,0.316008316008316,0.7567567574074076,0.20136904120213767,0.18349305610922606,Waste Management,Industrials,WM
2007Q1,2007,Q1,2007-04-27,2007-03-31,222000000.0,3188000000.0,481000000.0,0.42,1154000000.0,0.3619824341279799,20043000000.0,5780000000.0,2772000000.0,2977000000.0,13981000000.0,101000000.0,4421000000.0,21343714303.02,29095714303.02,10.93513512626881,0.9311387302653679,0.4102679239634785,1.4226643598615918,0.023038222495697404,10.93513512626881,0.038408304498269895,6.695017033569636,24.035714305202706,3.6926841354705884,0.5675675675675675,20.138613861386137,0.005903377369616112,0.15905802524572168,0.7534430634867316,0.011076186199670709,80.23952745496241,0.3619824341279799,-0.10638297872340424,0.9090909067129579,0.45009666791481623,0.30454774263372497,-0.01870748299319728,-0.0975609756097561,0.019067796610169493,0.6153846151375969,0.217548615152488,0.1264930805058438,Waste Management,Industrials,WM
