Quarters,Year,Quarter,FillingDate,Date,NetIncome,Revenue,OperatingIncome,EPSDiluted,GrossProfit,GrossProfitRatio,TotalAssets,CommonStockEquity,CurrentAssets,CurrentLiability,TotalLiability,Inventory,RetainedEarnings,MarketCap,EnterpriseValue,bookValuePerShare,currentRatio,debtToAssets,debtToEquity,roic,shareholdersEquityPerShare,roe,priceToSalesRatio,peRatio,pbRatio,payoutRatio,inventoryTurnover,dividendYield,assetTurnover,quickRatio,returnOnAssets,priceToFreeCashFlowsRatio,grossProfitMargin,epsdilutedGrowth,fiveYNetIncomeGrowthPerShare,fiveYRevenueGrowthPerShare,fiveYShareholdersEquityGrowthPerShare,grossProfitGrowth,netIncomeGrowth,operatingIncomeGrowth,threeYNetIncomeGrowthPerShare,threeYRevenueGrowthPerShare,threeYShareholdersEquityGrowthPerShare,Industry,Sector,Symbol
2023Q1,2023,Q1,2023-05-15,2023-03-31,-4732359.0,0.0,-2706293.0,-0.66,-2706293.0,0.0,224509276.0,204385495.0,74440.0,7581160.0,20123781.0,0.0,-20050057.0,283208226.0,283203703.0,7.577631934674101,0.009819077819225554,0.0,0.0,-0.016847605322858165,7.577631934674101,-0.023154084393317637,0.0,-14.96126065245684,1.3856571671096327,0.0,0.0,0.0,0.0,0.0005966105450880868,-0.021078679172258342,286.06891515151517,0.0,-1.3333333333333335,0.0,0.0,0.0,0.4079243782949237,-1.332958911962689,-0.9739943820921345,0.0,0.0,0.0,Shell Companies,Financial Services,LCAAU
2022Q4,2022,Q4,2023-03-31,2022-12-31,14213042.0,0.0,-1370973.0,1.98,-4570857.0,0.0,290741991.0,276224744.0,77531.0,3887958.0,14517247.0,0.0,-14440432.0,288514301.18,288509778.18,9.64105820995199,0.01994131623849846,0.0,0.0,-0.06700160559597347,9.64105820995199,0.05145463000229987,0.0,5.074816164970173,1.0444911523929226,0.0,0.0,0.0,0.0,0.0011633356121645347,0.048885411945878844,-4618.297816301703,0.0,4.076923076923077,0.0,0.0,0.0,-1.7186364163551526,4.041070790782171,0.18457805097825797,0.0,0.0,0.0,Shell Companies,Financial Services,LCAAU
2022Q3,2022,Q3,2022-11-10,2022-09-30,2819449.0,0.0,-1681305.0,0.39,-1681305.0,0.0,288510398.0,275171890.0,269766.0,2709219.0,13338508.0,0.0,-13069459.0,283357143.86,283290148.86,9.604310500266065,0.0995733456763739,0.0,0.0,-0.030271884894476714,9.604310500266065,0.010246137423411962,0.0,25.12522339116615,1.0297459666392523,0.0,0.0,0.0,0.0,0.02472852877526697,0.009772434614297679,-9101.504636880481,0.0,-0.7045454545454546,0.0,0.0,0.0,-2.302497932630264,-0.7025263508180383,-2.302497932630264,0.0,0.0,0.0,Shell Companies,Financial Services,LCAAU
2022Q2,2022,Q2,2022-08-12,2022-06-30,9477979.0,0.0,-509101.0,1.32,-509101.0,0.0,287378010.0,274602818.0,430662.0,1188810.0,12775192.0,0.0,-12345247.0,281351582.68,281253454.68,9.584448209154107,0.362263103439574,0.0,0.0,-0.003918380275885828,9.584448209154107,0.0345152284635331,0.0,7.4211913394195115,1.0245764582066308,0.0,0.0,0.0,0.0,0.08254304724892961,0.032980877694852154,-857.5020959080298,0.0,0.0,0.0,0.0,0.0,0.0,-0.09528153625697344,0.4956789548657821,0.0,0.0,0.0,Shell Companies,Financial Services,LCAAU
2022Q1,2022,Q1,2022-05-16,2022-03-31,10476164.0,0.0,-1009478.0,0.0,0.0,0.0,287451118.0,270118379.0,890685.0,1139732.0,17332739.0,0.0,-16442771.0,0.0,-426234.0,0.0,0.7814863494224958,0.0,0.0,-0.008271362140009486,0.0,0.038783603095737515,0.0,0.0,0.0,0.0,0.0,,0.0,0.37397739117617124,0.036445027846438924,0.0,0.0,-1.0,0.0,0.0,0.0,0.0,1.6879754750452736,-1.1220627866791675,0.0,0.0,0.0,Shell Companies,Financial Services,LCAAU
2021Q4,2021,Q4,2022-03-28,2021-12-31,3897418.0,0.0,-475706.0,0.24,0.0,0.0,287631867.0,-21146664.0,1019248.0,339736.0,22246831.0,0.0,-21147381.0,0.0,-591197.0,0.0,3.0001177384792896,0.0,0.0,0.051246037929466394,0.0,-0.18430415312788817,0.0,0.0,0.0,0.0,0.0,,0.0,1.7401658935173194,0.013550021562805487,0.0,0.0,0.0,0.0,0.0,0.0,0.0,-0.46614266502257523,-1.0763214176596394,0.0,0.0,0.0,Shell Companies,Financial Services,LCAAU
2021Q3,2021,Q3,2021-11-22,2021-09-30,7300486.0,0.0,-229110.0,0.0,0.0,0.0,287848393.0,267208025.0,1132764.0,86610.0,20640368.0,0.0,-19318337.0,0.0,-684317.0,0.0,13.078905438171113,0.0,0.0,-0.0017713273320644287,0.0,0.027321357582729786,0.0,0.0,0.0,0.0,0.0,,0.0,7.901131509063618,0.025362260750922447,0.0,0.0,0.0,0.0,0.0,0.0,0.0,-0.2714418114862426,0.19718413500453777,0.0,0.0,0.0,Shell Companies,Financial Services,LCAAU
2021Q2,2021,Q2,2021-08-11,2021-06-30,10020457.0,0.0,-285383.0,0.0,0.0,0.0,288013206.0,263674180.0,1193664.0,25999.0,24339026.0,0.0,3777215.0,0.0,-716221.0,0.0,45.91191968921881,0.0,0.0,-0.0022281209505712832,0.0,0.03800317877161882,0.0,0.0,0.0,0.0,0.0,,0.0,27.548021077733758,0.03479165812973173,0.0,0.0,0.0,0.0,0.0,0.0,0.0,5.7351830263244326,-3.426395545422115,0.0,0.0,0.0,Shell Companies,Financial Services,LCAAU
2021Q1,2021,Q1,2021-05-25,2021-03-31,-2116171.0,0.0,-64473.0,0.0,0.0,0.0,289862117.0,258806643.0,2945803.0,1599768.0,31055474.0,0.0,-1090322.0,0.0,-2446450.0,0.0,1.8413938771121812,0.0,0.0,-0.00048350218685552337,0.0,-0.008176648695991934,0.0,0.0,0.0,0.0,0.0,,0.0,1.5292529916837942,-0.0073006125184685655,0.0,0.0,0.0,0.0,0.0,0.0,0.0,0.0,0.0,0.0,0.0,0.0,Shell Companies,Financial Services,LCAAU
