Year,Date,FillingDate,NetIncome,Revenue,OperatingIncome,EPSDiluted,GrossProfit,GrossProfitRatio,TotalAssets,CommonStockEquity,CurrentAssets,CurrentLiability,TotalLiability,Inventory,RetainedEarnings,EnterpriseValue,bookValuePerShare,currentRatio,debtToAssets,debtToEquity,roic,shareholdersEquityPerShare,roe,priceToSalesRatio,peRatio,pbRatio,payoutRatio,inventoryTurnover,dividendYield,assetTurnover,quickRatio,returnOnAssets,priceToFreeCashFlowsRatio,grossProfitMargin,epsdilutedGrowth,fiveYNetIncomeGrowthPerShare,fiveYRevenueGrowthPerShare,fiveYShareholdersEquityGrowthPerShare,grossProfitGrowth,netIncomeGrowth,operatingIncomeGrowth,threeYNetIncomeGrowthPerShare,threeYRevenueGrowthPerShare,threeYShareholdersEquityGrowthPerShare,Industry,Sector,Price,MarketCap,AvgVolume,Symbol
2022,2022-12-31,2023-03-30,-148000.0,16184000.0,1817000.0,-0.0232,16184000.0,1.0,543016000.0,75362000.0,30210000.0,291000.0,467654000.0,0.0,41468000.0,109160080.0,11.826113046856905,103.81443298969072,0.1316056985429527,0.948276319630583,0.005741468576435793,11.826113046856905,-0.0019638544624611875,3.9375358378645577,-430.5748648648649,0.8455863697884876,0.0,0.0,0.0,0.029803910013701255,487.20962199312714,-0.00027255182167744597,26.574261884904086,1.0,-2.6934306569343067,-1.0448039172768206,-0.450324406222329,-0.029366479437524223,-0.04642941315107235,-2.7411764705882353,0.21701272605492297,-1.2433056369705757,-0.23077886109684104,-0.051777760508468926,Banks—Regional,Financial Services,7.38,45868324,6352,BCOW
2021,2021-12-31,2022-03-29,85000.0,16972000.0,1493000.0,0.0137,16972000.0,1.0,539639000.0,90893000.0,180191000.0,109000.0,448746000.0,0.0,41615000.0,54437333.6436,15.181311218466707,1653.1284403669724,0.1027390533300966,0.609969964683749,0.04129630804725621,15.181311218466707,0.0009351655242978007,3.8768756565873206,774.0980428658825,0.7239098021145742,31.08235294117647,0.0,0.04015299254097416,0.031450654974899885,1653.1284403669724,0.0001575127075693195,26.693035960892495,1.0,-0.9510714285714286,-0.9637664170367185,-0.40574997357142717,0.3012058781237754,-0.11751247920133112,-0.935459377372817,-0.755004922874959,3.391416475576575,-0.4131305289161639,0.27254465543442485,Banks—Regional,Financial Services,7.38,45868324,6352,BCOW
2020,2020-12-31,2020-12-31,1317000.0,19232000.0,6094000.0,0.28,19232000.0,1.0,516757000.0,60008000.0,147592000.0,183000.0,456749000.0,0.0,41530000.0,26657023.160000004,12.926710368920059,806.5136612021857,0.13236008414012776,1.1398146913744833,0.02047274622947494,12.926710368920059,0.021947073723503532,2.4041193406821963,35.10707908883827,0.7704976529796028,0.0,0.0,0.0,0.03721671888334362,806.5136612021857,0.002548586666460251,49.60946690987125,1.0,1.8,-0.27593400633136156,-0.13151832901784297,0.10796170862908955,0.23837733419188667,1.933184855233853,0.13418946584775732,-0.4526951440262372,-0.10332659289344746,0.0609655382933323,Banks—Regional,Financial Services,7.38,45868324,6352,BCOW
2019,2019-12-31,2019-12-31,449000.0,15530000.0,5373000.0,0.1,15530000.0,1.0,428009000.0,58665000.0,83845000.0,385000.0,369344000.0,0.0,40213000.0,56822769.95999999,12.471879011399762,217.7792207792208,0.041174367828713886,0.30040057956191935,0.0718710973249695,12.471879011399762,0.007653626523480781,3.2650849942047646,112.93267251670379,0.8643444977414131,0.0,0.0,0.0,0.036284283741697024,217.7792207792208,0.001049043361237731,182.39845309352515,1.0,17.84352366515075,-0.7563801534333847,-0.3078796623745237,0.06897764279684979,0.004592793841775018,24.63157894736842,0.0,-0.7563801534333847,-0.3078796623745237,0.06897764279684979,Banks—Regional,Financial Services,7.38,45868324,6352,BCOW
2018,2018-12-31,2019-04-01,-19000.0,15459000.0,0.0,-0.005937,15459000.0,1.0,481099000.0,38181000.0,0.0,0.0,442918000.0,0.0,39764000.0,52952320.0,11.92988485994157,0.0,0.06237801367286151,0.7859930331840445,0.0,11.92988485994157,-0.0004976297111128572,1.9874713758975353,-1617.0694736842104,0.8047018150388937,0.0,0.0,0.0,0.03213267955244139,0.0,-3.9492911022471465e-05,-16.430117647058825,1.0,-1.01146138996139,-1.0151515151515151,0.012576144625663147,0.02252276379217993,0.04544532359504971,-1.0114526823387582,0.0,-1.0151515151515151,0.012576144625663147,0.02252276379217993,Banks—Regional,Financial Services,7.38,45868324,6352,BCOW
2017,2017-12-31,2017-12-31,1659000.0,14787000.0,0.0,0.518,14787000.0,1.0,468361000.0,38994000.0,0.0,0.0,429367000.0,0.0,39782000.0,52920320.0,12.183911637425988,0.0,0.07407320421640572,0.889700979637893,0.0,12.183911637425988,0.042545006924142176,2.0777926557110975,18.519783001808317,0.7879242960455454,0.0,0.0,0.0,0.031571800384745954,0.0,0.00354213950350264,-157.56061538461537,1.0,0.3220356286049717,0.32296650717703357,-0.031440361564158054,0.044295661489019915,-0.03144036156415799,0.3229665071770335,0.0,0.32296650717703357,-0.031440361564158054,0.044295661489019915,Banks—Regional,Financial Services,7.38,45868324,6352,BCOW
2016,2016-12-31,2016-12-31,1254000.0,15267000.0,0.0,0.39182,15267000.0,1.0,450173000.0,37340000.0,0.0,0.0,412833000.0,0.0,37993000.0,71481320.0,11.667109312752894,0.0,0.10712326150168935,1.2914836636314944,0.0,11.667109312752894,0.033583288698446706,2.0124661033601887,24.501052631578947,0.8228259239421531,0.0,0.0,0.0,0.03391362876049874,0.0,0.0027855957598523235,25.56099833610649,1.0,0.0,0.0,0.0,0.0,0.0,0.0,0.0,0.0,0.0,0.0,Banks—Regional,Financial Services,7.38,45868324,6352,BCOW
TTM,,,,,,,,,,,,,,,,113189324.0,13.718571204820387,59.33265306122449,0.1667515731879105,1.2112089966947155,0.011177376372731102,13.718571204820387,-0.0058928513482817925,2.8219714531807556,-89.98217801762115,0.5379568972464741,0.0,0.0,0.0,0.029467699565073145,284.3204081632653,-0.000823079586719774,26.01720022688599,1.0434969853574505,,,,,,,,,,,Banks—Regional,Financial Services,7.38,45868324,6352,BCOW
