Quarters,Year,Quarter,FillingDate,Date,NetIncome,Revenue,OperatingIncome,EPSDiluted,GrossProfit,GrossProfitRatio,TotalAssets,CommonStockEquity,CurrentAssets,CurrentLiability,TotalLiability,Inventory,RetainedEarnings,MarketCap,EnterpriseValue,bookValuePerShare,currentRatio,debtToAssets,debtToEquity,roic,shareholdersEquityPerShare,roe,priceToSalesRatio,peRatio,pbRatio,payoutRatio,inventoryTurnover,dividendYield,assetTurnover,quickRatio,returnOnAssets,priceToFreeCashFlowsRatio,grossProfitMargin,epsdilutedGrowth,fiveYNetIncomeGrowthPerShare,fiveYRevenueGrowthPerShare,fiveYShareholdersEquityGrowthPerShare,grossProfitGrowth,netIncomeGrowth,operatingIncomeGrowth,threeYNetIncomeGrowthPerShare,threeYRevenueGrowthPerShare,threeYShareholdersEquityGrowthPerShare,Industry,Sector,Symbol
2023Q3,2023,Q3,2023-05-03,2023-03-31,156000000.0,3751000000.0,297000000.0,0.43,2592000000.0,0.6910157291,22715000000.0,5877000000.0,11247000000.0,7700000000.0,16019000000.0,3097000000.0,14261000000.0,88208034000.0,92139034000.0,16.42078792958927,1.4606493506493508,0.4165529385868369,1.610005104645227,0.009432628473075978,16.42078792958927,0.026544155181214904,23.515871500933084,141.35902884615385,15.009023991832569,1.5128205128205128,0.37423312883435583,0.002675493254956799,0.16513317191283294,0.9655844155844155,0.006867708562623817,2672.9707272727273,0.6910157291388963,-0.6055045871559633,-0.5689280660483645,0.14415602720452217,0.28236210556058006,-0.23787121434872097,-0.6040609137055838,-0.4658273381294964,27.16708577815032,0.12858156552652472,0.36631273093972155,Household & Personal Products,Consumer Defensive,EL
2023Q2,2023,Q2,2023-02-02,2022-12-31,394000000.0,4620000000.0,556000000.0,1.09,3401000000.0,0.7361471861,20731000000.0,5902000000.0,9367000000.0,5655000000.0,14010000000.0,3069000000.0,14342000000.0,88748947000.0,92500947000.0,16.499860218059826,1.6564102564102565,0.36066759924750375,1.266858691968824,0.02679430251443915,16.499860218059826,0.06675703151474077,19.209728787878788,56.312783629441626,15.03709708573365,0.5989847715736041,0.3971977842945585,0.0026591864802632532,0.22285466210023636,1.0003536693191866,0.01900535430032319,78.26185802469136,0.7361471861471861,-0.1925925925925926,2.301758524993693,0.27192157157910596,0.33263931268316704,0.16993464052287582,-0.19427402862985685,-0.1588502269288956,-0.2876953245576039,0.006117999173884003,0.2993549738839418,Household & Personal Products,Consumer Defensive,EL
2023Q1,2023,Q1,2022-11-02,2022-09-30,489000000.0,3930000000.0,661000000.0,1.35,2907000000.0,0.7396946565,19989000000.0,5517000000.0,8866000000.0,5271000000.0,13664000000.0,3018000000.0,14185000000.0,77270610000.0,81826610000.0,15.414920368818105,1.682033769683172,0.37490619840912504,1.358346927678086,0.03381407385413835,15.414920368818105,0.08863512778684067,19.66173282442748,39.5044018404908,14.005910821098423,0.4396728016359918,0.3389662027833002,0.002782429179735995,0.19660813447396067,0.9664200341491178,0.02446345490019511,-96.34739401496259,0.7396946564885496,8.642857142857142,0.17879668872482135,0.23558264176951588,0.2003501720297167,0.14901185770750988,8.403846153846153,24.423076923076923,-0.1701141814647066,0.018853022606195643,0.22979077732690148,Household & Personal Products,Consumer Defensive,EL
2022Q4,2022,Q4,2022-08-24,2022-06-30,52000000.0,3561000000.0,26000000.0,0.14,2530000000.0,0.7104745858,20910000000.0,5590000000.0,9298000000.0,5815000000.0,14478000000.0,2920000000.0,13912000000.0,91171860000.0,94859860000.0,15.614525139664805,1.5989681857265692,0.36561453849832615,1.3676207513416816,0.0017509266442548058,15.614525139664805,0.009302325581395349,25.602881213142375,438.32624999999996,16.309813953488373,4.153846153846154,0.3530821917808219,0.0023691520607345296,0.1703012912482066,0.9606190885640584,0.0024868483978957435,132.32490566037737,0.7104745857905083,-0.9113924050632911,-0.7665194798858286,0.265191418963527,0.3110644853810708,-0.2217779144878499,-0.9092495636998255,-0.964769647696477,-0.6652741700174358,0.002450786635751039,0.2880381202760435,Household & Personal Products,Consumer Defensive,EL
2022Q3,2022,Q3,2022-05-03,2022-03-31,573000000.0,4245000000.0,738000000.0,1.58,3251000000.0,0.7658421673,21359000000.0,6150000000.0,9500000000.0,5414000000.0,14308000000.0,2830000000.0,14076000000.0,97817344000.0,101774344000.0,17.121380846325167,1.754710011082379,0.36485790533264667,1.2671544715447154,0.03695114799831564,17.121380846325167,0.09317073170731707,23.042955005889283,42.6777242582897,15.90525918699187,0.37521815008726006,0.3512367491166078,0.002197974216106297,0.1987452596095323,1.1165496859992612,0.0268270986469404,-1287.0703157894736,0.7658421672555948,-0.4697986577181208,0.964572652127771,0.5180888498767924,0.5255029790243593,-0.24675625579240038,-0.4743119266055046,-0.4831932773109244,0.040192921206284295,0.14233664732168366,0.3505291474030248,Household & Personal Products,Consumer Defensive,EL
2022Q2,2022,Q2,2022-02-03,2021-12-31,1090000000.0,5539000000.0,1428000000.0,2.98,4316000000.0,0.779202022,22078000000.0,6218000000.0,9955000000.0,5762000000.0,15826000000.0,2612000000.0,13735000000.0,133494120000.0,136847120000.0,17.243483083749307,1.7276987157237071,0.3603587281456654,1.2795110968156964,0.0675590158290498,17.243483083749307,0.1752975233193953,24.100761870373713,30.61791743119266,21.46898037954326,0.19908256880733946,0.46822358346094944,0.0016255397616014848,0.2508832321768276,1.1596667823672335,0.049370413986774164,79.79325762104004,0.7792020220256364,0.5851063829787235,1.591222572970283,0.7567865382301316,0.6679762571652045,0.29415292353823086,0.5751445086705202,0.5272727272727272,0.9165120378194573,0.39337662364639875,0.4548438003544179,Household & Personal Products,Consumer Defensive,EL
2022Q1,2022,Q1,2021-11-02,2021-09-30,692000000.0,4392000000.0,935000000.0,1.88,3335000000.0,0.7593351548269581,21580000000.0,6081000000.0,9486000000.0,5319000000.0,15465000000.0,2633000000.0,12864000000.0,108634646000.0,112631646000.0,16.789066813914964,1.7834179357021998,0.37034291010194625,1.3142575234336458,0.04386042177145414,16.789066813914964,0.11379707284986022,24.734664389799637,39.246620664739886,17.864602203584937,0.2774566473988439,0.40144322066084315,0.0017673919607562399,0.20352177942539387,1.1769129535626996,0.03206672845227062,-379.8414195804196,0.7593351548269581,-0.3188405797101449,1.3810350203029857,0.55076047770894,0.6821203392448573,0.13050847457627118,-0.32023575638506874,2.9957264957264957,0.4015770292655991,0.2621393665022242,0.3976917175088536,Household & Personal Products,Consumer Defensive,EL
2021Q4,2021,Q4,2021-08-27,2021-06-30,1018000000.0,3936000000.0,234000000.0,2.76,2950000000.0,0.7494918699186992,21971000000.0,6057000000.0,9768000000.0,5298000000.0,15880000000.0,2505000000.0,12244000000.0,115431232000.0,118572232000.0,16.69054836042987,1.8437146092865233,0.368622274816804,1.337130592702658,0.013556274721323265,16.69054836042987,0.16807000165098235,29.327040650406506,28.34755206286837,19.05749248803038,0.18860510805500982,0.3936127744510978,0.0016633279977467453,0.17914523690319056,1.2570781426953568,0.04633380365026626,191.42824543946932,0.7494918699186992,1.225806451612903,10.06471192399904,0.5115410883663383,0.723305309590564,0.008547008547008548,1.2324561403508771,-0.6201298701298701,4.537969226393123,0.20869124164597183,0.30733134768554776,Household & Personal Products,Consumer Defensive,EL
2021Q3,2021,Q3,2021-05-03,2021-03-31,456000000.0,3864000000.0,616000000.0,1.24,2925000000.0,0.7569875776397516,19900000000.0,5528000000.0,10997000000.0,5197000000.0,14342000000.0,2134000000.0,11420000000.0,105753060000.00002,107882060000.00002,15.203520352035204,2.1160284779680585,0.4285427135678392,1.5426917510853835,0.02925704235576185,15.203520352035204,0.0824891461649783,27.368804347826092,57.97865131578948,19.13043777134588,0.4232456140350877,0.4400187441424555,0.0018250062929621137,0.19417085427135677,1.565133730998653,0.02291457286432161,159.50687782805431,0.7569875776397516,-0.4767932489451477,0.7428376873831961,0.4765476547654765,0.4721704606580078,-0.22393207747413107,-0.47766323024054985,-0.4205079962370649,0.24030306256432107,0.16014729069346093,0.18730102685496744,Household & Personal Products,Consumer Defensive,EL
2021Q2,2021,Q2,2021-02-05,2020-12-31,873000000.0,4853000000.0,1063000000.0,2.37,3769000000.0,0.7766330105089635,19595000000.0,5421000000.0,10291000000.0,5420000000.0,14139000000.0,2116000000.0,11159000000.0,96626970000.0,99165970000.0,14.933884297520661,1.898708487084871,0.4125542230160755,1.4912377790075633,0.05584956548515532,14.933884297520661,0.16104039845047038,19.910770657325365,27.67095360824742,17.824565578306586,0.2222222222222222,0.5122873345935728,0.0020077210327510008,0.2476652207195713,1.38690036900369,0.04455218167899974,65.02487886944819,0.7766330105089635,0.6690140845070424,0.9920948616600792,0.5812968393613553,0.5315954371395849,0.3770551698940446,0.6692160611854685,0.5078014184397163,6.209010280185447,0.31656093275411457,0.20616060032768185,Household & Personal Products,Consumer Defensive,EL
2021Q1,2021,Q1,2020-11-02,2020-09-30,523000000.0,3562000000.0,705000000.0,1.42,2737000000.0,0.7683885457608085,17903000000.0,4452000000.0,8795000000.0,4744000000.0,13422000000.0,2204000000.0,10480000000.0,79028325000.0,82855325000.0,12.294946147473073,1.853920741989882,0.45210299949729094,1.8180592991913747,0.036161143728736855,12.294946147473073,0.11747529200359388,22.18650336889388,37.776445984703635,17.751196091644207,0.3326959847036329,0.37431941923774953,0.0022017422234369764,0.19896106797743396,1.2814080944350759,0.02921298106462604,326.563326446281,0.7683885457608085,2.109375,0.7394803260393332,0.2926607543958984,0.3121325463940293,0.6458208057727,2.132034632034632,2.298342541436464,0.24613447318433254,0.10689477336186433,-0.04260026194692877,Household & Personal Products,Consumer Defensive,EL
2020Q4,2020,Q4,2020-08-28,2020-06-30,-462000000.0,2430000000.0,-543000000.0,-1.28,1663000000.0,0.6843621399176955,17781000000.0,3935000000.0,8892000000.0,5179000000.0,13819000000.0,2062000000.0,10134000000.0,68038008000.0,71805008000.0,10.91236827509706,1.7169337709982622,0.49429165963669086,2.2335451080050825,-0.026790790366851423,10.91236827509706,-0.11740787801778907,27.999180246913582,-36.8171038961039,17.290472172808133,-0.0021645021645021645,0.3719689621726479,1.4697667221533e-05,0.13666272988020922,1.2002317049623479,-0.02598279061920027,377.9889333333333,0.6843621399176955,-63.0,-4.1569388709449395,0.006384014810787819,0.12921685323660295,-0.3371861299322439,-76.0,-5.981651376146789,-3.0594278822050582,-0.14286773828921387,-0.08374936996732942,Household & Personal Products,Consumer Defensive,EL
2020Q3,2020,Q3,2020-05-01,2020-03-31,-6000000.0,3345000000.0,109000000.0,-0.02,2509000000.0,0.7500747384155456,18363000000.0,4329000000.0,9233000000.0,5681000000.0,14005000000.0,2087000000.0,10595000000.0,57394268000.0,59090268000.0,12.018323153803443,1.6252420348530188,0.35789359037194357,1.518133518133518,-0.0004019174041297939,12.018323153803443,-0.001386001386001386,17.158226606875935,-2391.4278333333336,13.258089166089166,-28.666666666666668,0.4005749880210829,0.0029968149432622786,0.18215977781408266,1.183242386903714,-0.00032674399607907203,111.87966471734893,0.7500747384155456,-1.013157894736842,-1.0231710056951087,0.36211706536477134,0.17997855145511227,-0.2997488138431482,-1.0107719928186714,-0.5823754789272031,-1.0205143302192294,0.19291153341675965,0.07082413145080442,Household & Personal Products,Consumer Defensive,EL
2020Q2,2020,Q2,2020-02-06,2019-12-31,557000000.0,4624000000.0,261000000.0,1.52,3583000000.0,0.7748702422145328,17937000000.0,4574000000.0,8348000000.0,4953000000.0,13336000000.0,2058000000.0,10775000000.0,74395708000.0,76352708000.0,12.698500832870627,1.6854431657581264,0.30958354239839436,1.2140358548316572,0.014089571805806573,12.698500832870627,0.12177525142107565,16.089037197231836,33.391251346499104,16.264912111937036,0.3123877917414722,0.5058309037900874,0.0023388446010890844,0.2577911579416848,1.1752473248536242,0.03105313040084741,59.0911104050834,0.7748702422145328,-0.055900621118012465,0.34867567134623,0.6022922613110049,0.26386336209817657,0.19953130231001004,-0.06386554621848739,-0.6649550706033376,0.3256089555646654,0.46820760425421715,0.22833639746381038,Household & Personal Products,Consumer Defensive,EL
2020Q1,2020,Q1,2019-10-31,2019-09-30,595000000.0,3895000000.0,779000000.0,1.61,2987000000.0,0.7668806161745828,15431000000.0,4530000000.0,7022000000.0,4590000000.0,10873000000.0,2055000000.0,10393000000.0,71900530000.0,73402530000.0,12.534587714443829,1.5298474945533769,0.2437301535869354,0.830242825607064,0.05586492890995261,12.534587714443829,0.13134657836644592,18.459699614890887,30.210306722689072,15.872081677704195,0.26218487394957984,0.4418491484184915,0.0021696641179140127,0.25241397187479747,0.9919389978213508,0.03855874538267125,-243.7306101694915,0.7668806161745828,2.7441860465116283,1.7557477169379059,0.5639915048051023,0.26599269598821595,0.08421052631578947,2.789808917197452,2.6064814814814814,1.0518091021688145,0.37832029986160076,0.25585806359645036,Household & Personal Products,Consumer Defensive,EL
2019Q4,2019,Q4,2019-08-23,2019-06-30,157000000.0,3590000000.0,216000000.0,0.43,2755000000.0,0.7674094707520891,13156000000.0,4386000000.0,7212000000.0,4605000000.0,8745000000.0,2006000000.0,9984000000.0,65930814000.0,66355814000.0,12.122719734660032,1.5661237785016286,0.25934934630586803,0.7779297765617875,0.021992496465399584,12.122719734660032,0.035795713634290925,18.365129247910865,104.98537261146495,15.032105335157318,0.9936305732484076,0.41625124626121635,0.0023661166992417233,0.27287929461842503,1.0462540716612378,0.011933718455457586,143.9537423580786,0.7674094707520891,-0.7152317880794702,-0.35506574401737695,0.394473751344226,0.20444153113564364,-0.05811965811965812,-0.7171171171171171,-0.6795252225519288,0.7116319767768409,0.38285843034968975,0.25167530953907447,Household & Personal Products,Consumer Defensive,EL
2019Q3,2019,Q3,2019-05-01,2019-03-31,555000000.0,3744000000.0,674000000.0,1.51,2925000000.0,0.78125,12931000000.0,4588000000.0,7160000000.0,4231000000.0,8314000000.0,1814000000.0,9984000000.0,59630263000.0,60127263000.0,12.67753523072672,1.6922713306546915,0.26285670095120256,0.7408456843940715,0.06465423782697778,12.67753523072672,0.12096774193548387,15.926886485042735,26.860478828828832,12.997005884917176,0.2810810810810811,0.45148842337375966,0.0026161212805652055,0.28953677209805895,1.1670999763649255,0.042920114453638546,178.53372155688623,0.78125,-0.025806451612903247,1.7751050195264,0.5653208262724569,0.33367684454895125,-0.05492730210016155,-0.031413612565445025,-0.125810635538262,1.1311811906370992,0.4374127140324864,0.2275770642901602,Household & Personal Products,Consumer Defensive,EL
2019Q2,2019,Q2,2019-02-05,2018-12-31,573000000.0,4005000000.0,771000000.0,1.55,3095000000.0,0.7727840199750312,12676000000.0,4306000000.0,6440000000.0,3776000000.0,8343000000.0,1651000000.0,9586000000.0,47265330000.0,48780330000.0,11.852463528764106,1.7055084745762712,0.2675134111707163,0.7875058058522991,0.07726932293226266,11.852463528764106,0.13307013469577333,11.801580524344569,20.62187172774869,10.976620993961914,0.27225130890052357,0.5511811023622047,0.003300516467355671,0.31595140422846324,1.16551906779661,0.04520353423792994,38.489682410423455,0.7727840199750312,0.15671641791044771,0.41602363689302785,0.418027190107619,0.18965816786928147,0.14587189929655683,0.146,0.18251533742331288,0.3064464728484337,0.30390772755121054,0.21556982080892767,Household & Personal Products,Consumer Defensive,EL
2019Q1,2019,Q1,2018-10-31,2018-09-30,500000000.0,3524000000.0,652000000.0,1.34,2701000000.0,0.7664585698070374,12543000000.0,4406000000.0,6249000000.0,3563000000.0,8113000000.0,1681000000.0,9170000000.0,53472104000.0,55573104000.0,12.011995637949836,1.7538591074936851,0.2825480347604241,0.8043576940535633,0.06503999125656999,12.011995637949836,0.11348161597821153,15.173695800227014,26.736052,12.136201543349978,0.282,0.4895895300416419,0.002636888946804861,0.28095351989157297,1.180746561886051,0.0398628717212788,-216.48625101214574,0.7664585698070374,1.7346938775510206,0.7579845500448065,0.39280587857601484,0.295470245396559,0.03964588144726713,1.6881720430107527,1.3537906137184115,0.641674432117269,0.2624836025914858,0.2819357022508348,Household & Personal Products,Consumer Defensive,EL
2018Q4,2018,Q4,2018-08-24,2018-06-30,186000000.0,3295000000.0,277000000.0,0.49,2598000000.0,0.7884673748103187,12567000000.0,4688000000.0,6168000000.0,3310000000.0,7857000000.0,1618000000.0,9040000000.0,52395768000.0,53758768000.0,12.766884531590414,1.8634441087613294,0.28200843478952814,0.7559726962457338,0.024237719170864844,12.766884531590414,0.03967576791808874,15.901598786039454,70.42441935483872,11.17657167235495,0.7473118279569892,0.430778739184178,0.0026528860117099535,0.2621946367470359,1.2694864048338368,0.014800668417283362,137.52170078740158,0.7884673748103187,-0.5050505050505051,1.0918856904463914,0.4469716467905875,0.5078355213615864,-0.03312244138444362,-0.5,-0.4426559356136821,0.24813106070314825,0.3400960438753928,0.32112304249274976,Household & Personal Products,Consumer Defensive,EL
2018Q3,2018,Q3,2018-05-02,2018-03-31,372000000.0,3370000000.0,497000000.0,0.99,2687000000.0,0.7973293768545994,12772000000.0,4711000000.0,6169000000.0,3388000000.0,8035000000.0,1533000000.0,8996000000.0,55081988000.0,56600988000.0,12.805110084262028,1.8208382526564344,0.28648606326338866,0.7766928465293993,0.046265929908403024,12.805110084262028,0.07896412651241774,16.34480356083086,37.017465053763445,11.692207174697517,0.3763440860215054,0.4455316373124592,0.0025416657074904415,0.2638584403382399,1.2647579693034239,0.02912621359223301,146.49464893617022,0.7973293768545994,1.9999999999999996,1.1896816869188627,0.5476000910012536,0.552426145853296,-0.10163824807756604,2.024390243902439,-0.3,0.406534839862589,0.34357567806176337,0.25722657438021773,Household & Personal Products,Consumer Defensive,EL
2018Q2,2018,Q2,2018-02-02,2017-12-31,123000000.0,3744000000.0,710000000.0,0.33,2991000000.0,0.7988782051282052,12604000000.0,4565000000.0,5975000000.0,3403000000.0,8015000000.0,1445000000.0,8733000000.0,46913388000.0,48595388000.0,12.381339842690535,1.7558037026153395,0.3004601713741669,0.8295728368017524,0.01540028596812705,12.381339842690535,0.026944140197152244,12.530285256410256,95.35241463414634,10.276755312157722,1.146341463414634,0.5211072664359861,0.003005538632170416,0.2970485560139638,1.233617396414928,0.00975880672802285,38.771395041322315,0.7988782051282052,-0.7105263157894736,-0.7111990945084117,0.3412516086828788,0.542193767300596,0.16699180647678502,-0.711943793911007,0.25,-0.709043535714906,0.26744849687594413,0.23229678895296052,Household & Personal Products,Consumer Defensive,EL
2018Q1,2018,Q1,2017-11-01,2017-09-30,427000000.0,3274000000.0,568000000.0,1.14,2563000000.0,0.7828344532681735,12202000000.0,4731000000.0,5507000000.0,3142000000.0,7449000000.0,1518000000.0,8752000000.0,39728256000.0,42219256000.0,12.842019543973942,1.7527052832590706,0.32248811670217997,0.8317480448108222,0.051336441601014283,12.842019543973942,0.09025575988163179,12.134470372632865,23.260103044496486,8.39743310082435,0.29508196721311475,0.4683794466403162,0.003171546216375569,0.2683166693984593,1.153405474220242,0.03499426323553516,-1727.3154782608697,0.7828344532681735,0.8688524590163933,0.5007875956851722,0.3517981320558692,0.6462168382761784,0.12362998684787374,0.8646288209606987,1.4695652173913043,0.9400766659954943,0.2896567320814922,0.29704329450538364,Household & Personal Products,Consumer Defensive,EL
2017Q4,2017,Q4,2017-08-25,2017-06-30,229000000.0,2894000000.0,230000000.0,0.61,2281000000.0,0.7881824464409123,11568000000.0,4384000000.0,4964000000.0,2823000000.0,7166000000.0,1479000000.0,8452000000.0,35330238000.0,37766238000.0,11.909807117631079,1.7584130357775416,0.3087828492392808,0.8147810218978102,0.0321211105524831,11.909807117631079,0.05223540145985402,12.208098825155494,38.5701288209607,8.05890465328467,0.5458515283842795,0.41446923597025015,0.003538045795219381,0.2501728907330567,1.1108749557208644,0.019795988934993083,98.13955,0.7881824464409123,-0.23750000000000007,3.716884423390383,0.355732977909382,0.6915656091996141,0.006619593998234775,-0.23154362416107382,-0.4613583138173302,-0.07539972066017303,0.1048852276623167,0.1832877963248602,Household & Personal Products,Consumer Defensive,EL
2017Q3,2017,Q3,2017-05-03,2017-03-31,298000000.0,2857000000.0,427000000.0,0.8,2266000000.0,0.7931396569828492,11445000000.0,4119000000.0,4972000000.0,2860000000.0,7310000000.0,1310000000.0,8350000000.0,31117930000.000004,33874930000.000004,11.223433242506813,1.7384615384615385,0.34041065967671474,0.9458606457878126,0.039269122238554555,11.223433242506813,0.07234765719834911,10.891820091004552,26.105645973154363,7.554729303228939,0.41946308724832215,0.45114503816793894,0.0040169767076409,0.24962865880297072,1.1776223776223775,0.02603757099169943,97.24353125000002,0.7931396569828492,-0.30434782608695643,1.4172865716052891,0.34420270094367955,0.5363506416802937,-0.11863088292493193,-0.3037383177570093,-0.3079416531604538,0.4693498831865284,0.17787792513726033,0.18070529952802572,Household & Personal Products,Consumer Defensive,EL
2017Q2,2017,Q2,2017-02-02,2016-12-31,428000000.0,3208000000.0,617000000.0,1.15,2571000000.0,0.80143391521197,11212000000.0,3793000000.0,4789000000.0,4458000000.0,7404000000.0,1278000000.0,8178000000.0,28064181000.0,30835181000.0,10.337966748432816,1.0742485419470615,0.35970388869068853,1.0632744529396256,0.0565018315018315,10.337966748432816,0.1128394410756657,8.748186097256857,16.392629088785043,7.3989404165568144,0.29205607476635514,0.4984350547730829,0.004454076176318846,0.2861220121298609,0.7139973082099597,0.038173385658223334,32.97788601645124,0.80143391521197,0.4556962025316454,0.13741859025980435,0.2354323960717402,0.5228019110757505,0.13309828118113706,0.4557823129251701,0.47607655502392343,0.04731502968946203,0.1246932369948048,0.037644752214357195,Household & Personal Products,Consumer Defensive,EL
2017Q1,2017,Q1,2016-11-02,2016-09-30,294000000.0,2865000000.0,418000000.0,0.79,2269000000.0,0.7919720767888307,9348000000.0,3657000000.0,4401000000.0,2712000000.0,5673000000.0,1296000000.0,7876000000.0,32448384000.0,34284384000.0,9.98089519650655,1.622787610619469,0.26743688489516476,0.6836204539239814,0.04986476688761526,9.98089519650655,0.08039376538146022,11.325788481675392,27.592163265306123,8.872951599671863,0.37755102040816324,0.45987654320987653,0.0034208175051182823,0.3064826700898588,1.0372418879056047,0.031450577663671375,-138.07822978723405,0.7919720767888307,2.16,0.12497531324746008,0.2331843259528148,0.5749758266696798,0.06246488106386964,2.144385026737968,1.9088378566457898,0.03482340332528326,0.13358262253601602,0.07642003370744768,Household & Personal Products,Consumer Defensive,EL
2016Q4,2016,Q4,2016-08-24,2016-06-30,93500000.0,2646300000.0,143700000.0,0.25,2135600000.0,0.8070135661111741,9223300000.0,3571900000.0,4225100000.0,2680500000.0,5636000000.0,1263400000.0,7693300000.0,33568176000.0,34895576000.0,9.685195227765727,1.5762357769072934,0.24302581505534895,0.6275371650942075,0.01802211478437582,9.685195227765727,0.026176544696100115,12.684947284888334,89.75448128342246,9.397848763963157,1.1828877005347593,0.40422668988443883,0.0032947873009245426,0.2869146617804907,0.9855250886028726,0.010137369488144157,119.20517045454545,0.8070135661111741,-0.647887323943662,1.4390210111309911,0.37686428231105107,0.4564258739859163,-0.0077591413836361105,-0.6479668674698795,-0.62578125,0.04700408455254532,0.15705882549052932,0.14387197280679506,Household & Personal Products,Consumer Defensive,EL
2016Q3,2016,Q3,2016-05-03,2016-03-31,265600000.0,2656500000.0,384000000.0,0.71,2152300000.0,0.8102013928100885,8816300000.0,3811800000.0,4252300000.0,2433700000.0,4993900000.0,1150500000.0,7711600000.0,34809821000.0,36178821000.0,10.327282579246816,1.747257262604265,0.2183795923459955,0.5050894590482187,0.0482017199491484,10.327282579246816,0.06967836717561257,13.103640504423113,32.765268260542165,9.132121569862008,0.4167921686746988,0.43824424163407216,0.0031801370078863665,0.3013168789628302,1.023297859226692,0.030126016582920273,143.30926718814328,0.8102013928100885,-0.40336134453781514,1.2816773803592996,0.3140265597771377,0.6279581915377711,-0.15123432447353893,-0.4047512326311071,-0.38989513822688276,0.5583028310595276,0.21597433503575783,0.25202699439049625,Household & Personal Products,Consumer Defensive,EL
2016Q2,2016,Q2,2016-02-05,2015-12-31,446200000.0,3124800000.0,629400000.0,1.19,2535800000.0,0.8115079365079365,8582100000.0,3603800000.0,4475800000.0,2479400000.0,4966600000.0,1077400000.0,7557900000.0,32546976000.0,33660576000.0,9.750541125541126,1.8051948051948052,0.23091084932592257,0.5498917808979411,0.08207892791188826,9.750541125541126,0.1238137521505078,10.415698924731183,18.235643209323175,9.031293634496919,0.24988794262662484,0.5466864674215705,0.0034258175014477534,0.3641066871744678,1.1393078970718722,0.05199193670546836,39.66241286863271,0.8115079365079365,0.45121951219512196,0.38101941191502114,0.33467824310520955,0.6069806781683617,0.1232779623477298,0.44261235046880054,0.38879082082965577,0.045115238578925736,0.11670334438830866,0.21450698734313953,Household & Personal Products,Consumer Defensive,EL
2016Q1,2016,Q1,2015-11-02,2015-09-30,309300000.0,2834700000.0,453200000.0,0.82,2257500000.0,0.7963805693724204,8425400000.0,3490400000.0,4383300000.0,2454300000.0,4923400000.0,1176700000.0,7223700000.0,30053300000.000004,31711000000.000004,9.370201342281879,1.7859674856374526,0.2452346476131697,0.5919665367866147,0.057729572256038725,9.370201342281879,0.08861448544579417,10.601933185169507,24.29138376980278,8.61027389410956,0.29000969932104753,0.49052434775218834,0.0029846971879959935,0.336446934270183,1.0669029865949557,0.036710423244000284,-367.8494492044064,0.7963805693724204,1.0499999999999998,0.7093354967180471,0.4312509429246242,0.7379713380734045,0.10857395403653507,1.0215686274509803,0.9851073149364871,0.07513901244803986,0.15753362351612568,0.20116490828272937,Household & Personal Products,Consumer Defensive,EL
2015Q4,2015,Q4,2015-08-20,2015-06-30,153000000.0,2524400000.0,228300000.0,0.4,2036400000.0,0.8066867374425606,8239200000.0,3643200000.0,4468500000.0,2135600000.0,4584900000.0,1215800000.0,7004100000.0,32670820000.0,33286720000.0,9.66366047745358,2.0923862146469374,0.19872074958733857,0.44941260430390867,0.0303490305240672,9.66366047745358,0.04199604743083004,12.942013943907464,53.38369281045751,8.967616381203337,0.5888888888888889,0.40138180621812797,0.0027578126291289903,0.3063889698028935,1.2640943997003184,0.0185697640547626,89.48457956724185,0.8066867374425606,-0.4366197183098591,5.724304407178451,0.4410219027134525,0.9640779865898265,-0.019830573738929533,-0.43770672546857775,-0.425226586102719,2.077057775198939,0.15467103663192197,0.3725424401242061,Household & Personal Products,Consumer Defensive,EL
2015Q3,2015,Q3,2015-05-05,2015-03-31,272100000.0,2580500000.0,397200000.0,0.71,2077600000.0,0.8051152877349351,8095100000.0,3855100000.0,4429200000.0,2097400000.0,4230200000.0,1073100000.0,6942100000.0,31476060000.0,31640560000.0,10.185204755614267,2.1117574139410697,0.1794665909006683,0.3768514435423206,0.0529905133638889,10.185204755614267,0.07058182667116288,12.197659368339469,28.919570011025357,8.164784311691006,0.3340683572216097,0.4686422514211164,0.002887909096627723,0.3187730849526257,1.3231620101077524,0.03361292633815518,105.3063231850117,0.8051152877349351,-0.3716814159292035,3.9509666302911954,0.4515106319512505,0.9426553719406849,-0.1593428825766772,-0.37548772090888227,-0.3723135271807838,1.1401321814394894,0.17722253540392852,0.3942298692229833,Household & Personal Products,Consumer Defensive,EL
2015Q2,2015,Q2,2015-02-05,2014-12-31,435700000.0,3044500000.0,632800000.0,1.13,2471400000.0,0.8117589095089506,7856600000.0,3818000000.0,4426000000.0,2044200000.0,4027300000.0,1112300000.0,6761500000.0,28956000000.0,29104000000.0,10.047368421052632,2.1651501809999023,0.17681948934653666,0.363855421686747,0.08557122570411861,10.047368421052632,0.114117338920901,9.510921333552307,16.614643103052558,7.584075432163437,0.20977736974982786,0.5152386945967814,0.0031565133305705203,0.38750859150268563,1.3555425105175618,0.05545655881679098,38.23583784497557,0.8117589095089506,0.9152542372881355,0.7659642959858664,0.39745961841349153,1.0007527144465926,0.18000381970970206,0.9101271372205173,0.8183908045977012,0.11796505379910595,0.13204768084595045,0.47999623186837187,Household & Personal Products,Consumer Defensive,EL
2015Q1,2015,Q1,2014-11-04,2014-09-30,228100000.0,2631000000.0,348000000.0,0.59,2094400000.0,0.7960471303686811,7664300000.0,3780200000.0,4727900000.0,1941700000.0,3870100000.0,1257000000.0,6417400000.0,28528096000.0,28465696000.0,9.900995285489785,2.4349281557398155,0.17392325456988897,0.35262684514046877,0.046592458566022246,9.900995285489785,0.060340722713083966,10.843061953629798,31.26709338009645,7.546716046770013,0.3397632617273126,0.42688941925218776,0.0027166201347611843,0.34327988205054605,1.4922490601019724,0.02976136111582271,582.2060408163265,0.7960471303686811,-0.10606060606060615,0.6704351474685242,0.4786386452464637,1.1231066964524592,-0.04430755190508784,-0.11486224291812185,-0.08469226722777486,-0.16239263367650195,0.0867853084302537,0.5623676962438129,Household & Personal Products,Consumer Defensive,EL
2014Q4,2014,Q4,2014-08-20,2014-06-30,257700000.0,2725300000.0,380200000.0,0.66,2191500000.0,0.8041316552306168,7868800000.0,3854900000.0,4825200000.0,2056700000.0,3999400000.0,1294000000.0,6265800000.0,28441580000.000004,28155580000.000004,10.065013054830287,2.34608839402927,0.17068676291175275,0.3484137072297595,0.0514153556172312,10.065013054830287,0.06684998313834341,10.436128132682642,27.591753977493212,7.378033152610963,0.2972448583624369,0.4125193199381762,0.00269323996768112,0.34634251728344856,1.4627315602664464,0.032749593330622204,143.35473790322584,0.8041316552306168,0.2222222222222222,15.787575302303193,0.6634792751853962,1.4143756925428264,0.06845107503290918,0.20872420262664165,0.1129976580796253,5.473072744944827,0.3653956400440036,0.5135415539210068,Household & Personal Products,Consumer Defensive,EL
2014Q3,2014,Q3,2014-05-02,2014-03-31,213200000.0,2549800000.0,341600000.0,0.54,2051100000.0,0.8044160326300102,7646000000.0,3667300000.0,4691800000.0,2039300000.0,3963600000.0,1215400000.0,6085100000.0,25802304000.0,25618204000.0,9.505702436495593,2.3006914137203944,0.17605283808527333,0.367054781446841,0.0442179186927531,9.505702436495593,0.058135412974122655,10.119344262295082,30.255984990619137,7.035776729474,0.3602251407129456,0.41031759091657066,0.0029764783796051705,0.33348155898509024,1.4363752267935075,0.02788386084227047,98.82153963998468,0.8044160326300102,-0.5045871559633027,6.992643247034429,0.5325843451976341,1.2646056673635113,-0.15838496573796726,-0.5070520231213873,-0.47950632332774645,0.752246449020417,0.2066526247516149,0.4984470531397191,Household & Personal Products,Consumer Defensive,EL
2014Q2,2014,Q2,2014-02-05,2013-12-31,432500000.0,3018700000.0,656300000.0,1.09,2437100000.0,0.8073342829694902,7841200000.0,3868600000.0,4925600000.0,2039100000.0,3958100000.0,1145900000.0,5949100000.0,29246755999.999996,28837555999.999996,9.962915271697142,2.4155754989946545,0.17073917257562618,0.34606834513777596,0.08518280307171315,9.962915271697142,0.11179754950111151,9.688526849305992,16.90563930635838,7.560036188802149,0.18173410404624277,0.5075486517148093,0.0026874775445181,0.38497933989695454,1.5933500073561866,0.05515737387134622,47.073484629003694,0.8073342829694902,0.43421052631578955,1.7718845861708128,0.49769392657828454,1.3690241199995865,0.1436951522830729,0.43831060857998005,0.4600667408231368,0.27415100470381215,0.22726650597389375,0.6419819304087373,Household & Personal Products,Consumer Defensive,EL
2014Q1,2014,Q1,2013-11-01,2013-09-30,300700000.0,2675000000.0,449500000.0,0.76,2130900000.0,0.7965981308411215,7520500000.0,3595800000.0,4632400000.0,1987600000.0,3908000000.0,1196300000.0,5594700000.0,27107220000.000004,27125620000.000004,9.272305312016503,2.33065003018716,0.17825942424040955,0.37282385004727736,0.0630306953996115,9.272305312016503,0.08362534067523221,10.133540186915889,22.536764216827404,7.538578341398299,0.23212504156967076,0.454819025328095,0.0025749597339749333,0.3556944352104248,1.453461461058563,0.0399840436141214,-485.79247311827964,0.7965981308411215,2.166666666666667,4.927027771694207,0.41545262906350544,1.1100923181505744,0.10306449943058288,2.198936170212766,2.0829903978052124,0.5962440516334276,0.2973314332097171,0.7198137245390344,Household & Personal Products,Consumer Defensive,EL
2013Q4,2013,Q4,2013-08-23,2013-06-30,94000000.0,2407400000.0,145800000.0,0.24,1931800000.0,0.8024424690537509,7145200000.0,3286900000.0,4297200000.0,1934600000.0,3843300000.0,1113900000.0,5364100000.0,25986108000.0,25834708000.0,8.467027305512623,2.221234363692753,0.18814028998488497,0.4089871915786912,0.022734453533602365,8.467027305512623,0.02859837536888862,10.794262690039046,69.11198936170213,7.9059624570263765,0.7436170212765958,0.42696830954304693,0.0026898987720669833,0.33692548843979175,1.3787863124160034,0.013155684935341208,190.23505124450952,0.8024424690537509,-0.4666666666666667,-0.21877585099880756,0.1952285785884629,0.9861560543659541,0.04495050576080489,-0.4742729306487696,-0.40514075887392903,3.012080215736615,0.3345857572588412,0.7208698485849921,Household & Personal Products,Consumer Defensive,EL
2013Q3,2013,Q3,2013-05-03,2013-03-31,178800000.0,2291800000.0,245100000.0,0.45,1848700000.0,0.806658521686011,7095100000.0,3193800000.0,4286200000.0,1915900000.0,3888300000.0,989300000.0,5340300000.0,24649152000.0,24559752000.0,8.248450413223141,2.237173130121614,0.1901594057870925,0.4224434842507358,0.04151336689554295,8.248450413223141,0.055983467969190306,10.755367833144254,34.46469798657718,7.717813263197444,0.39038031319910516,0.44789244920650967,0.0028317404184939102,0.3230116559315584,1.4617151208309411,0.0252004904793449,137.70475977653632,0.806658521686011,-0.6017699115044248,0.9875368048357656,0.22106146556825548,1.053903345478319,-0.21830866807610994,-0.6004469273743017,-0.624712907671107,2.180237154150198,0.2601539589442815,0.5732522703190271,Household & Personal Products,Consumer Defensive,EL
2013Q2,2013,Q2,2013-02-06,2012-12-31,447500000.0,2933000000.0,653100000.0,1.13,2365000000.0,0.8063416297306512,7170100000.0,3110200000.0,4341000000.0,2052200000.0,4047000000.0,994100000.0,5231600000.0,23189764000.0,23222264000.0,8.028394424367578,2.115290907318975,0.18913264808022204,0.4360169764002315,0.099417628938289,8.028394424367578,0.14388142241656485,7.906499829526083,12.955175418994413,7.456036267764132,0.623463687150838,0.5713710894276229,0.012031170304277354,0.40905984574831594,1.3913361270831304,0.06241196078157906,34.59093675417661,0.8063416297306512,0.48684210526315774,0.9900886388253147,0.2677335460634376,1.2589354326495674,0.17644132716509975,0.4941569282136895,0.3549792531120332,0.7791451406260514,0.32056362977439606,0.5987103551955218,Household & Personal Products,Consumer Defensive,EL
2013Q1,2013,Q1,2012-11-02,2012-09-30,299500000.0,2549500000.0,482000000.0,0.76,2010300000.0,0.788507550500098,7007600000.0,3025200000.0,4213100000.0,1972400000.0,3967100000.0,1067900000.0,5064400000.0,24493448000.0,24794448000.0,7.800928313563692,2.13602717501521,0.19331868257320622,0.44780510379479044,0.0734471666627563,7.800928313563692,0.09900171889461853,9.607157481859188,20.445282136894825,8.09647229935211,0.001669449081803005,0.5049161906545556,2.041362245119593e-05,0.36381928192248414,1.3477996349624823,0.04273931160454364,-110.98073402809243,0.788507550500098,4.76234375,6.663796958117731,0.4916173633220392,1.474056061519301,0.11066298342541436,4.849609375,5.584699453551913,1.1593810216580838,0.4106664582069022,0.6727816409876576,Household & Personal Products,Consumer Defensive,EL
2012Q4,2012,Q4,2012-08-17,2012-06-30,51200000.0,2251200000.0,73200000.0,0.13189077794951057,1810000000.0,0.8040156361051883,6593000000.0,2733200000.0,3855100000.0,2125800000.0,3845500000.0,983600000.0,4764900000.0,21009384000.0,20949784000.0,7.0407006697578565,1.8134819832533635,0.19537388138935236,0.4712790867847212,0.016050678784123192,7.0407006697578565,0.01873262110346846,9.332526652452026,102.58488281249998,7.686734962681107,0.0,0.4485563237088247,0.0,0.34145305627180345,1.132750023520557,0.007765812225087214,194.17175600739372,0.8040156361051883,-0.600330975910574,-0.39324287706297395,0.3411836185165514,1.3934858990769827,0.017482714036764293,-0.6073619631901841,-0.6539007092198581,3.8986498349350533,0.35569002718292797,0.6889095387089884,Household & Personal Products,Consumer Defensive,EL
2012Q3,2012,Q3,2012-05-07,2012-03-31,130400000.0,2248200000.0,211500000.0,0.33,1778900000.0,0.7912552264033449,6601500000.0,2835900000.0,3899900000.0,2058200000.0,3746000000.0,898700000.0,4715300000.0,24045108000.0,24062208000.0,7.305255023183926,1.8948109999028278,0.18327652806180414,0.4266370464402835,0.03484211112708723,7.305255023183926,0.045981875242427445,10.695270883373365,46.09875,8.478827885327409,0.0,0.5221987315010571,0.0,0.3405589638718473,1.2134875133611893,0.019753086419753086,142.19460674157304,0.7912552264033449,-0.6699999999999999,0.45811119176516607,0.39636325735186223,1.7961517019905795,-0.18641664761033616,-0.6712881270481472,-0.6457286432160804,3.8583356062672367,0.34295018701563484,0.740378687168023,Household & Personal Products,Consumer Defensive,EL
2012Q2,2012,Q2,2012-02-06,2011-12-31,396700000.0,2737500000.0,597000000.0,1.0,2186500000.0,0.7987214611872147,6342200000.0,2625900000.0,3753300000.0,2022100000.0,3698500000.0,898900000.0,4584900000.0,21722688000.0,21936088000.0,6.788779731127198,1.8561396567924435,0.19117971681750812,0.4617464488365894,0.10486472934546893,6.788779731127198,0.15107201340492785,7.935228493150685,13.689619359717671,8.27247343767851,0.5134862616586842,0.6129714095005007,0.009377292533962649,0.4316325565261266,1.1783789130112259,0.06254927312289112,39.80701484332051,0.7987214611872147,0.42857142857142866,1.0502049892121388,0.48079130517566354,0.7506689173553641,0.1256692751235585,0.4239052404881551,0.3883720930232558,1.552302566989122,0.36344670551522146,0.6142647498060076,Household & Personal Products,Consumer Defensive,EL
2012Q1,2012,Q1,2011-11-04,2011-09-30,278600000.0,2476700000.0,430000000.0,0.7,1942400000.0,0.7842693907215246,6135400000.0,2475300000.0,3562100000.0,1969600000.0,3643400000.0,982200000.0,4395100000.0,17155152000.0,17650252000.0,6.337173579109063,1.8085398050365555,0.1979659027936239,0.4906879974144548,0.07842140701874145,6.337173579109063,0.11255201389730538,6.926616869221141,15.394070351758796,6.93053448066901,0.0010768126346015793,0.5439828955406231,1.7487457995125895e-05,0.4036737621019004,1.0651909017059302,0.04540861231541546,-146.62523076923077,0.7842693907215246,5.734306569343065,4.165335644946112,0.6799924359890754,0.6841157456409934,0.18764903699174565,5.778588807785888,5.656346749226006,4.4520547945205475,0.30112949829261876,0.4421463528315078,Household & Personal Products,Consumer Defensive,EL
2011Q4,2011,Q4,2011-08-22,2011-06-30,41100000.0,2060600000.0,64600000.0,0.1039453717754173,1635500000.0,0.7937008638260701,6273900000.0,2629400000.0,3686500000.0,1943300000.0,3626900000.0,995600000.0,4116500000.0,20796063000.0,20761163000.0,6.649974709155286,1.897030823856327,0.1941535567988014,0.46326158058872746,0.014893908281998632,6.649974709155286,0.015630942420324027,10.092236727166844,126.49673357664234,7.9090526355822615,0.0,0.42697870630775414,0.0,0.32844004526689935,1.1313744661143417,0.006550949170372496,120.69682530470111,0.7937008638260701,-0.6646923491115571,-0.007730473478713078,0.3796685061555765,0.7412989314240063,-0.028281147881884617,-0.6704089815557338,-0.6910569105691057,-0.6646421366513575,0.004419820530906787,0.5599202711168763,Household & Personal Products,Consumer Defensive,EL
2011Q3,2011,Q3,2011-05-06,2011-03-31,124700000.0,2165700000.0,209100000.0,0.31,1683100000.0,0.7771621184836311,6196500000.0,2508300000.0,3710500000.0,1974500000.0,3667700000.0,889300000.0,4075400000.0,19050372000.0,19178872000.0,6.343702579666161,1.879209926563687,0.19809569918502382,0.48937527409002113,0.036223955421664025,6.343702579666161,0.049714946378024955,8.796403934062889,38.19240577385725,7.5949336203803375,0.0,0.5426740132688631,0.0,0.34950375211813123,1.1894656875158267,0.020124263697248446,48.034220877458395,0.7771621184836311,-0.6374269005847952,1.2516315782762273,0.474294008521646,0.7516932240263815,-0.13726997795889076,-0.6373945914510032,-0.5960981263279892,0.3574154946142572,0.12994626522919733,0.5796120844962996,Household & Personal Products,Consumer Defensive,EL
2011Q2,2011,Q2,2011-02-04,2010-12-31,343900000.0,2492000000.0,517700000.0,0.855,1950900000.0,0.7828651685393259,5981800000.0,2387000000.0,3514100000.0,1751400000.0,3576100000.0,866900000.0,3950700000.0,15873690000.0,16061690000.0,6.067615658362989,2.006451981272125,0.20580761643652412,0.5157519899455383,0.0986712506987397,6.067615658362989,0.14407205697528278,6.369859550561798,11.539466414655424,6.650058651026393,0.4300668799069497,0.6241781058945668,0.00931730429408663,0.4165970109331639,1.2650451067717254,0.057491056203818246,77.85036782736636,0.7828651685393259,0.8,3.5944952176020624,0.5247730840441361,0.7514346354537964,0.2165752057869793,0.7995813710099424,0.737248322147651,0.5060410770584519,0.060691816919574815,0.7072345076587565,Household & Personal Products,Consumer Defensive,EL
2011Q1,2011,Q1,2010-11-01,2010-09-30,191100000.0,2091700000.0,298000000.0,0.475,1603600000.0,0.7666491370655447,5637500000.0,2121000000.0,3198400000.0,1686900000.0,3499500000.0,905200000.0,3755100000.0,12437341000.0,12978941000.0,5.391459074733096,1.896022289406604,0.21908647450110866,0.5823196605374823,0.05972066408987805,5.391459074733096,0.0900990099009901,5.94604436582684,16.270723443223442,5.863904290429042,0.0005232862375719519,0.5392178524083076,8.040303791622342e-06,0.37103325942350335,1.0960341454739464,0.0338980044345898,-128.48492768595042,0.7666491370655447,6.870292887029288,2.6635824436536177,0.5669305004758055,0.3721226025451327,0.12470192172815261,6.99581589958159,5.834862385321101,3.820380264127931,0.2063553634679837,0.7098954724509084,Household & Personal Products,Consumer Defensive,EL
2010Q4,2010,Q4,2010-08-20,2010-06-30,23900000.0,1840100000.0,43600000.0,0.060353535353535354,1425800000.0,0.7748491929786425,5335600000.0,1948400000.0,3121000000.0,1572200000.0,3370200000.0,826600000.0,3564000000.0,11034540000.0,11142240000.0,4.92020202020202,1.9851163974049104,0.2302271534597796,0.6304660234038185,-1.1437085536808527,4.92020202020202,0.01226647505645658,5.996706700722787,115.42405857740584,5.663385341818928,0.2510460251046025,0.5012097749818534,0.0005437471793115074,0.3448721793237874,1.1874443455031167,0.004479346277831921,223.82434077079108,0.7748491929786425,-0.5689033189033189,-0.5912996329662996,0.35756263810613753,0.31085249947490023,0.007347746220149781,-0.5843478260869566,-0.6547901821060966,-0.7223464897279795,0.07467199227866503,0.6726224715882765,Household & Personal Products,Consumer Defensive,EL
2010Q3,2010,Q3,2010-04-27,2010-03-31,57500000.0,1860000000.0,126300000.0,0.14,1415400000.0,0.7609677419354839,5794000000.0,2076200000.0,3542400000.0,1647300000.0,3693800000.0,784500000.0,3540100000.0,12844260000.0,12880660000.0,5.2429292929292926,2.1504279730468037,0.24466689678978254,0.6827858587804643,0.019362355061740402,5.2429292929292926,0.02769482708794914,6.905516129032258,55.844608695652184,6.186427126481072,0.09391304347826086,0.5667304015296367,0.0004204212621046288,0.32102174663444943,1.432647362350513,0.009924059371763893,103.49927477840451,0.7609677419354839,-0.78125,-0.3833699518727768,0.3771507822996577,0.23553198406892625,-0.18509989060970694,-0.7755659640905542,-0.683933933933934,-0.36970880261615086,0.13249621324155492,1.0067780822593482,Household & Personal Products,Consumer Defensive,EL
2010Q2,2010,Q2,2010-01-28,2009-12-31,256200000.0,2262300000.0,399600000.0,0.64,1736900000.0,0.7677584758873712,5711500000.0,1981600000.0,3449500000.0,1655700000.0,3702900000.0,756400000.0,3482700000.0,9541428000.0,9721528000.0,5.021794221996959,2.0834088301020715,0.24576731156438764,0.708366976180864,0.08135634771790327,5.021794221996959,0.1292894630601534,4.217578570481368,9.310526932084308,4.81501211142511,0.42544886807181886,0.6946060285563194,0.01142386653234715,0.39609559660334415,1.4024883734976143,0.04485686772301497,17.17938062657544,0.7677584758873712,0.8028169014084509,1.1182097140023728,0.47791587042105516,0.25788794368790763,0.2510984657494778,0.8208955223880597,0.8130671506352087,0.29790706203614453,0.19955263161311124,0.29500431623889406,Household & Personal Products,Consumer Defensive,EL
2010Q1,2010,Q1,2009-10-30,2009-09-30,140700000.0,1833400000.0,220400000.0,0.355,1388300000.0,0.7572270099269117,5466800000.0,1834600000.0,3163000000.0,1539700000.0,3610200000.0,844200000.0,3335700000.0,7293636000.0,7903336000.0,4.663446873411286,2.0542962914853544,0.2577193239189288,0.7679603183255206,0.0466319092368003,4.663446873411286,0.07669246702278426,3.9782022471910112,12.95955223880597,3.975600130818707,0.0007107320540156361,0.527244728737266,1.371058276009387e-05,0.3353698690275847,1.2317984022861597,0.025737177142020926,-170.8111475409836,0.7572270099269117,8.802067039106145,0.7099494287319724,0.4073213947290048,0.21984425817980086,0.10559847097236601,8.860335195530727,15.993197278911564,1.5900575621249762,0.23477842512533043,0.23931973938077983,Household & Personal Products,Consumer Defensive,EL
2009Q4,2009,Q4,2009-08-19,2009-06-30,-17900000.0,1682800000.0,-14700000.0,-0.04550076258261312,1255700000.0,0.7461968148324222,5176600000.0,1640000000.0,2912500000.0,1459200000.0,3512600000.0,795000000.0,3195000000.0,6426189000.0,6983089000.0,4.168784951703101,1.9959566885964912,0.2745817718193409,0.8667073170731707,-0.0017060569138639679,4.168784951703101,-0.010914634146341463,3.8187479201331116,-89.75124301675977,3.9184079268292686,-0.46368715083798884,0.5372327044025157,0.0012915897742814598,0.3250782366804466,1.177220394736842,-0.0034578680987520766,19.74858328211432,0.7461968148324222,-1.6500108940373304,-1.2922032094967812,0.3920198563881552,0.09804857741426928,0.004479641628669706,-1.6580882352941178,-1.209103840682788,-1.4343533470807652,0.13244173889746683,0.09159825401188265,Household & Personal Products,Consumer Defensive,EL
2009Q3,2009,Q3,2009-05-05,2009-03-31,27200000.0,1696500000.0,70300000.0,0.07,1250100000.0,0.736870026525199,5118800000.0,1651300000.0,2896000000.0,1442500000.0,3441900000.0,820300000.0,3212900000.0,4848655000.0,5752055000.0,4.197508896797153,2.007625649913345,0.30163319528014376,0.9350208926300491,0.012527768872805576,4.197508896797153,0.01647187064736874,2.858034188034188,44.56484375,2.936265366680797,0.0,0.5441911495794222,0.0,0.33142533406267094,1.1592374350086656,0.005313745409080253,153.4384493670886,0.736870026525199,-0.825,-0.6788433362071329,0.38509002222661537,0.1679357478839611,-0.18454011741682974,-0.8278481012658228,-0.7399186089530152,-0.5063693804924105,0.16075878016933443,0.1590625190843933,Household & Personal Products,Consumer Defensive,EL
2009Q2,2009,Q2,2009-02-05,2008-12-31,158000000.0,2041000000.0,270300000.0,0.4,1533000000.0,0.7511024007839294,5322000000.0,1653600000.0,3079800000.0,1681500000.0,3642800000.0,896600000.0,3185700000.0,6086736000.0,7012936000.0,4.205493387589013,1.831578947368421,0.31099210822998874,1.0009071117561683,0.052561613410458695,4.205493387589013,0.09554910498306725,2.9822322390984812,9.630911392405064,3.6808998548621195,0.6854430379746835,0.5665848761989739,0.017792787464414424,0.38350244269071776,1.048171275646744,0.029688087185268695,18.372278901297918,0.7511024007839294,2.076923076923077,0.9197198774144786,0.4657572280746,0.21064826646876758,0.09234715690466011,2.091976516634051,1.922162162162162,1.1119496557761008,0.24945618196714514,0.2139277094855621,Household & Personal Products,Consumer Defensive,EL
2009Q1,2009,Q1,2008-10-28,2008-09-30,51100000.0,1903500000.0,92500000.0,0.13,1403400000.0,0.7372734436564223,5181700000.0,1716400000.0,2906200000.0,1824100000.0,3442200000.0,1048400000.0,3136200000.0,9747423000.0,10850523000.0,4.39426523297491,1.5932240556987007,0.2763378813902773,0.8342460964810068,0.01887687063287219,4.39426523297491,0.029771615008156605,5.120789598108747,47.68797945205478,5.678992659053833,0.0019569471624266144,0.47701259061426937,1.0259121821223928e-05,0.36735048343207827,0.8188695795186668,0.009861628423104387,-35.822943770672545,0.7372734436564223,-0.5805823627287853,-0.2249080668435507,0.6447337692866024,0.3332427502548244,-0.07762076897798226,-0.5748752079866889,-0.5400298359025361,-0.01333823484361113,0.43616829711020416,0.11833746007644806,Household & Personal Products,Consumer Defensive,EL
2008Q4,2008,Q4,2008-08-21,2008-06-30,120200000.0,2012100000.0,201100000.0,0.30995358432181536,1521500000.0,0.7561751404005765,5011200000.0,1653200000.0,2787200000.0,1699200000.0,3331400000.0,987200000.0,3085100000.0,9006655000.0,9801855000.0,4.263022176379577,1.64030131826742,0.23884498722860792,0.7239898378901525,0.047102138304860555,4.263022176379577,0.07270747640938785,4.476246210426917,18.73264351081531,5.448012944592306,0.0,0.4969611021069692,0.0,0.4015205938697318,0.8477518832391714,0.02398627075351213,140.5094383775351,0.7561751404005765,0.3476242796600667,1.7147255441922016,0.9693387905947425,0.39006384818446177,0.08068754883159315,0.3340732519422864,0.24751861042183623,1.0989349328699507,0.5158470888830855,0.13576500563988023,Household & Personal Products,Consumer Defensive,EL
2008Q3,2008,Q3,2008-05-06,2008-03-31,90100000.0,1879800000.0,161200000.0,0.23,1407900000.0,0.7489626556016598,5052300000.0,1557400000.0,2811800000.0,1765800000.0,3464600000.0,927900000.0,2965100000.0,8890315000.0,9757815000.0,4.0159876224858175,1.5923660663721826,0.25285513528491976,0.8202773853858996,0.03581839131769009,4.0159876224858175,0.057852831642481055,4.729394084477072,24.66791065482797,5.708433928342108,0.0,0.5085677335919819,0.0,0.3720681669734576,0.8765998414316457,0.017833461987609604,133.28808095952024,0.7489626556016598,-0.5964912280701754,0.2869986866738631,0.8155051484343812,0.2627660057968681,-0.18632607062359127,-0.5984848484848485,-0.5649122807017544,-0.013336616132920372,0.4212405020663724,-0.05360517413465157,Household & Personal Products,Consumer Defensive,EL
2008Q2,2008,Q2,2008-02-01,2007-12-31,224400000.0,2308800000.0,370500000.0,0.57,1730300000.0,0.7494369369369369,4737200000.0,1374000000.0,2614000000.0,1714700000.0,3336300000.0,899000000.0,2875000000.0,8429813000.0,9382513000.0,3.55406104500776,1.5244649209774304,0.2685552647133328,0.9259097525473071,0.09115494855726389,3.55406104500776,0.1633187772925764,3.6511664067914067,9.39150289661319,6.135235080058224,0.0,0.6434927697441601,0.0,0.48737650933040616,0.8274916895083688,0.04736975428523178,20.42105862403101,0.7494369369369369,4.699999999999999,1.4690092553083025,0.970819215870107,0.1564900252548459,0.3794945387865742,4.739130434782608,3.7560975609756095,0.893685761513972,0.5395048528965504,-0.10975831704463371,Household & Personal Products,Consumer Defensive,EL
2008Q1,2008,Q1,2007-10-25,2007-09-30,39100000.0,1710100000.0,77900000.0,0.1,1254300000.0,0.7334658791883516,4612900000.0,1223400000.0,2527800000.0,1771500000.0,3368000000.0,968500000.0,2757500000.0,8324539999.999999,9571840000.0,3.1530927835051545,1.42692633361558,0.31622189945587376,1.192332842896845,0.018744624728083692,3.1530927835051545,0.03196011116560406,4.867867376176831,53.22595907928388,6.804430276279222,0.0,0.4706246773360867,0.0,0.3707212382666002,0.7190516511430991,0.008476229703657136,-39.39678182678656,0.7334658791883516,-0.5399548532731376,-0.35417287002443887,0.6686324960069697,0.0705267739883253,-0.0644439471917655,-0.5586907449209932,-0.5158483530142945,-0.5181980466630494,0.3309452787809539,-0.1752276305758804,Household & Personal Products,Consumer Defensive,EL
2007Q4,2007,Q4,2007-08-28,2007-06-30,88600000.0,1762400000.0,160900000.0,0.21736997055937193,1340700000.0,0.7607240127099409,4125700000.0,1199000000.0,2239400000.0,1500700000.0,2905400000.0,855800000.0,2731500000.0,9274938000.0,10109738000.0,2.9416094210009813,1.4922369560871593,0.26383401604576195,0.9078398665554629,0.04316244411326378,2.9416094210009813,0.07389491242702252,5.262674761688606,26.170818284424378,7.735561301084236,0.0,0.49275531666277167,0.0,0.42717599437671183,0.7424535216898781,0.021475143611993118,83.63334535617673,0.7607240127099409,-0.03391124195834699,5.0718359052027235,0.8222199815550598,-0.042603623700480986,0.06026097271648873,-0.05644302449414271,0.026802807913209957,0.39593711051208463,0.40707611611999756,-0.2251866964931941,Household & Personal Products,Consumer Defensive,EL
2007Q3,2007,Q3,2007-05-03,2007-03-31,93900000.0,1690500000.0,156700000.0,0.225,1264500000.0,0.7480035492457853,4014200000.0,1064900000.0,2265900000.0,1647800000.0,2928900000.0,806300000.0,2618700000.0,9955630000.0,10927830000.0,2.61261040235525,1.375106202209006,0.2925115838772358,1.1026387454221054,0.04518878911824933,2.61261040235525,0.08817729364259555,5.88916296953564,26.50593716719915,9.348887219457227,0.0,0.5283393277936252,0.0,0.42112998854068057,0.7081563296516568,0.02339195854715759,138.08085991678226,0.7480035492457853,-0.5454545454545455,1.161961198761984,0.7592546904350896,-0.15637595558830805,-0.15253669325112257,-0.5494241842610365,-0.5285800240673887,0.07007398592560271,0.33210817069931287,-0.2730542902404587,Household & Personal Products,Consumer Defensive,EL
2007Q2,2007,Q2,2006-12-31,2006-12-31,208400000.0,1991100000.0,332400000.0,0.495,1492100000.0,0.7493847621917533,4041900000.0,1615500000.0,2327000000.0,1717500000.0,2407800000.0,783000000.0,2524800000.0,,,,,,,,,,,,,,,,,,,,,,,,,,,,,,,Household & Personal Products,Consumer Defensive,EL
2007Q1,2007,Q1,2006-09-30,2006-09-30,58300000.0,1593500000.0,99900000.0,0.135,1165400000.0,0.7313460935048635,3946000000.0,1588700000.0,2271400000.0,1640400000.0,2334800000.0,834000000.0,2420200000.0,,,,,,,,,,,,,,,,,,,,,,,,,,,,,,,Household & Personal Products,Consumer Defensive,EL
