Quarters,Year,Quarter,FillingDate,Date,NetIncome,Revenue,OperatingIncome,EPSDiluted,GrossProfit,GrossProfitRatio,TotalAssets,CommonStockEquity,CurrentAssets,CurrentLiability,TotalLiability,Inventory,RetainedEarnings,MarketCap,EnterpriseValue,bookValuePerShare,currentRatio,debtToAssets,debtToEquity,roic,shareholdersEquityPerShare,roe,priceToSalesRatio,peRatio,pbRatio,payoutRatio,inventoryTurnover,dividendYield,assetTurnover,quickRatio,returnOnAssets,priceToFreeCashFlowsRatio,grossProfitMargin,epsdilutedGrowth,fiveYNetIncomeGrowthPerShare,fiveYRevenueGrowthPerShare,fiveYShareholdersEquityGrowthPerShare,grossProfitGrowth,netIncomeGrowth,operatingIncomeGrowth,threeYNetIncomeGrowthPerShare,threeYRevenueGrowthPerShare,threeYShareholdersEquityGrowthPerShare,Industry,Sector,Symbol
2023Q1,2023,Q1,2023-05-03,2023-03-31,-7160000.0,36554000.0,11225000.0,-0.0002,29827000.0,0.8159708924,1186583000.0,188987000.0,69101000.0,38529000.0,995955000.0,0.0,-542937000.0,738563641500.0,739302156500.0,0.004733863547492272,1.7934802356666406,0.6344275958782487,3.983348060977739,-0.03540475876265147,0.004733863547492272,-0.03788620381296068,20204.728388138097,-25787.83664455307,3908.012940043495,-2.1108938547486034,0.0,2.0464045548334784e-05,0.0308061045877111,1.4002180175971346,-0.0060341333054662,49504.90257389905,0.815970892378399,0.9997142857142858,0.9987473909100381,-0.9996097944640495,-0.9997947583881279,-0.022161754581516573,0.08568509768867322,0.08906568351605705,-1.0008884849654427,-0.9996941287221838,-0.9997587320836107,,,GOODO
2022Q4,2022,Q4,2023-02-22,2022-12-31,-7831000.0,37217000.0,10307000.0,-0.7,30503000.0,0.8195985705,1201509000.0,202780000.0,66707000.0,36212000.0,996939000.0,-38884000.0,-530228000.0,221244868.96469998,964105868.9647,18.05594993770172,1.8421241577377665,0.6279719918868689,3.720850182463754,-0.04624927575385961,18.05594993770172,-0.03861820692375974,5.944726038227154,-7.063110361534286,1.0910586298683302,-2.307495849827608,-0.17266742104721736,0.08167421050059742,0.030975215333384935,1.3955870981994918,-0.0065176374042974295,18.018150416540433,0.8195985705457184,-4.181818181818182,-0.0023038525534366514,0.47382385553619516,-0.23994932495745847,-0.08393897531383267,-4.131147540983607,-0.2319672131147541,-14.666666666666666,0.2664874430000681,-0.02572381254384197,,,GOODO
2022Q3,2022,Q3,2022-09-30,2022-09-30,2501000.0,39834000.0,13420000.0,0.22,33298000.0,0.8359190641,1209668000.0,385709000.0,77519000.0,22374000.0,822021000.0,0.0,-514057000.0,240223539.33,973806539.33,34.34432584338195,3.4646911593814247,0.6176264892515964,1.9370120997954416,0.01180951702116763,34.34432584338195,0.0064841629311216484,6.030615537731586,24.012748833466613,0.6228103034411954,7.195521791283487,0.0,0.07491355780616706,0.0329296964125694,2.345356217037633,0.0020675094323401133,10.777188843876178,0.8359190641160817,0.5714285714285713,1.6694325481798715,0.63488610712087,0.4444298810629437,0.1310461956521739,0.5809102402022756,0.3330684414423363,0.13321250566379708,0.38954198206997603,0.5199096823514113,,,GOODO
2022Q2,2022,Q2,2022-06-30,2022-06-30,1582000.0,36399000.0,10067000.0,0.14,29440000.0,0.8088134289,1193389000.0,382881000.0,82042000.0,59664000.0,809233000.0,0.0,-498574000.0,244266572.25,972912572.25,34.09251488360377,1.3750670421024402,0.6195691430036644,1.9311143671271231,0.008983974553222649,34.09251488360377,0.004131832083597776,6.710804479518668,38.60091217604298,0.6379699495404577,11.163716814159292,0.0,0.07230215676799387,0.030500532517058563,0.8240815231965675,0.0013256364856723164,14.021386387118994,0.8088134289403555,-0.5333333333333333,1.2994510694681052,0.5917697992740631,0.6033274149511734,0.018403210184032102,-0.5331956329300679,0.009020747719755437,-0.2877082395317425,0.2908820087243324,0.4759116490632951,,,GOODO
2022Q1,2022,Q1,2022-03-31,2022-03-31,3389000.0,35531000.0,9977000.0,0.3,28908000.0,0.8135993921,1154409000.0,383523000.0,62471000.0,43487000.0,769578000.0,0.0,-482493000.0,280204642.65,981462642.65,34.149679889324275,1.4365442546048244,0.615763563866879,1.8534559856905584,0.009066084635313184,34.149679889324275,0.008836497419972205,7.886201982775604,20.67015658380053,0.7306071412926995,5.12393036293892,0.0,0.06197256346566105,0.030778519571486362,0.2204106974498126,0.0029357012982400518,16.30328984988654,0.8135993920801553,0.111111111111111,2.8806881243063263,0.5923187236712377,0.6347675231453854,0.0147786709727244,0.10247234873129472,0.03678686480307596,-0.26771823681936047,0.26278565589792796,0.5121417503518919,,,GOODO
2021Q4,2021,Q4,2021-12-31,2021-12-31,3074000.0,35307000.0,9623000.0,0.27,28487000.0,0.8068371711,1143352000.0,201303000.0,59548000.0,43717000.0,940790000.0,0.0,-468523000.0,300869033.13,1005948033.13,17.92443480771856,1.3621245739643617,0.6236355907891883,3.5420982300313457,0.010454720375184008,17.92443480771856,0.01527051261034361,8.521512253377518,24.468854353448272,1.4946077958599722,5.594990240728692,0.0,0.05716440745355348,0.030880253850082914,0.18198870004803624,0.002688585842330271,18.308831809773018,0.8068371710992155,-0.325,1.7760666498359001,0.6042073697123904,-0.16080741379957222,0.034874850147128274,-0.313379495197677,-0.1381101656963726,0.22323915638678873,0.29519442406456337,-0.1939626177205458,,,GOODO
2021Q3,2021,Q3,2021-09-30,2021-09-30,4477000.0,34334000.0,11165000.0,0.4,27527000.0,0.8017417138,1104794000.0,370523000.0,66298000.0,13301000.0,732988000.0,0.0,-454494000.0,304238227.23,973631227.23,32.99213304451649,4.984437260356364,0.6151581199753076,1.8342262153766433,0.010526375438998365,32.99213304451649,0.012082920628409032,8.861135528339256,16.98895617768595,0.8211048362179946,3.7851239669421486,0.0,0.05569977236025982,0.031077286806409157,0.7691151041275092,0.00405233916911207,15.768540853633255,0.801741713753131,1.105263157894737,1.6983309936047417,0.5903469359395989,0.6400991523360557,0.04028570348815237,1.0901027077497665,0.2940426518312471,2.161650233523612,0.29118874807265605,0.4993404121008077,,,GOODO
2021Q2,2021,Q2,2021-06-30,2021-06-30,2142000.0,33371000.0,8628000.0,0.19,26461000.0,0.7929339846,1089224000.0,373664000.0,65220000.0,11046000.0,714222000.0,0.0,-442122000.0,285595353.21,936626353.21,33.27181417063505,5.904399782726779,0.6111350833253766,1.7814480388798493,0.008338757049579596,33.27181417063505,0.005732422711312837,8.55818984177879,33.332790990896356,0.7643105924306329,7.842203548085901,0.0,0.05881748358716582,0.030637407916094393,1.3246424044903133,0.001966537645149207,16.301104635273973,0.7929339845974049,26.142857142857142,1.3760533707865168,0.5706217348331529,0.6493301847233562,-0.058863280694266606,26.11392405063291,0.19121910810437664,1.5346979530703944,0.25487910352348375,0.4874211833641167,,,GOODO
2021Q1,2021,Q1,2021-03-31,2021-03-31,79000.0,34677000.0,7243000.0,0.007,28116000.0,0.8107967817,1088343000.0,211747000.0,59364000.0,8673000.0,875180000.0,0.0,-425422000.0,284135357.869353,943053357.869353,18.854390134424133,6.8446904185402975,0.6145020457704969,3.15843435798382,0.01699178700252734,18.854390134424133,0.0003730867497532433,8.193769872519335,899.1625249030158,1.3418624956639433,210.74683544303798,0.0,0.058595312195025374,0.0318621978549042,1.1381298282024674,7.258741040278663e-05,16.833660635662834,0.8107967817285232,-0.9911392405063291,1.013439945559714,0.6108607794862265,-0.06948118721380936,0.08309256905119612,-0.9910522142938045,-0.5241442743577952,1.0491293532338308,0.31586536637195006,-0.18254816953824426,,,GOODO
2020Q4,2020,Q4,2020-12-31,2020-12-31,8829000.0,32865000.0,15221000.0,0.79,25959000.0,0.7898676403,1097908000.0,213183000.0,70274000.0,60731000.0,881871000.0,0.0,-409041000.0,284135357.869353,947498357.869353,18.9822545397429,1.157135565032685,0.6142399909646346,3.1633807573774644,0.016875661930299657,18.9822545397429,0.04141512221893866,8.645530438744956,8.045513587873852,1.3328237142237094,1.8376939630762261,0.0,0.057103065671468965,0.02993420213715539,0.18139006438227595,0.00804165740663152,21.67317756440526,0.7898676403468736,2.16,2.9464285714285716,0.5087453518799062,-0.08845902228151421,-0.022333534197047304,2.102248770203795,0.6384284176533908,2.1300396774606423,0.3014810708062727,-0.20095727854031895,,,GOODO
2020Q3,2020,Q3,2020-09-30,2020-09-30,2846000.0,33142000.0,9290000.0,0.25,26552000.0,0.8011586507,1075836000.0,198049000.0,78032000.0,54928000.0,875025000.0,0.0,-401834000.0,284135357.869353,940152357.869353,17.63469192825667,1.420623361491407,0.619413181934793,3.3647582164009915,0.010683656244155564,17.63469192825667,0.014370181116794329,8.57327131341962,24.959184633639584,1.4346720148516428,5.611384399156711,0.0,0.05620560608772631,0.03080581055105053,0.18879260122341976,0.0026453846125245855,16.752276273176875,0.8011586506547583,1.840909090909091,1.3932025421387124,0.5505029239766082,-0.14051304751613314,-0.024899008446566288,1.8660624370594159,0.20508496562459463,1.761777301927195,0.36022983788220797,-0.258332334701459,,,GOODO
2020Q2,2020,Q2,2020-06-30,2020-06-30,993000.0,33525000.0,7709000.0,0.088,27230000.0,0.8122296793,1086051000.0,205741000.0,70645000.0,52075000.0,877418000.0,0.0,-388900000.0,284135357.869353,947223357.869353,18.319603492122937,1.356601056168987,0.619354892173572,3.2694066812157034,0.008971996956450805,18.319603492122937,0.004826456564321161,8.47532760236698,71.53458153810499,1.3810342025622167,15.935548841893253,0.0,0.05569176648291679,0.030868716110016934,0.18363898223715794,0.0009143217031244389,18.825638234237925,0.8122296793437733,-0.56,1.1511875761266748,0.6205046403712299,-0.10886024411583821,-0.006421951397504196,-0.5619761799735333,-0.19014602374198972,1.187961385576377,0.46608650019679027,-0.13845245473275164,,,GOODO
2020Q1,2020,Q1,2020-03-31,2020-03-31,2267000.0,33619000.0,9519000.0,0.2,27406000.0,0.8151937892,1098825000.0,220354000.0,58101000.0,31682000.0,875361000.0,0.0,-374259000.0,284135357.869353,946284357.869353,19.62077518775187,1.8338804368411086,0.6115641708188292,3.0496473855704913,0.010640530124027565,19.62077518775187,0.010287991141526816,8.451630264712009,31.333850669315506,1.289449512463368,6.9422143802382,0.0,0.05538909383898789,0.030595408732054696,0.31099678050628116,0.002063112870566287,13.97616123312115,0.8151937892263303,2.921568627450981,1.3730459108112556,0.6910965794768612,-0.02994844975061308,0.04907364875210534,2.956369982547993,0.2784045124899275,2.258046614872364,0.5066326073317201,-0.06074065233329363,,,GOODO
2019Q4,2019,Q4,2019-12-31,2019-12-31,573000.0,29386000.0,7446000.0,0.051,26124000.0,0.8889947594,1039508000.0,208134000.0,59881000.0,60077000.0,828471000.0,0.0,-360978000.0,284135357.869353,909727357.869353,18.532681153632556,0.9967375201824326,0.6084041681256902,3.0386241555920703,0.010656867600512128,18.532681153632556,0.002753034103029779,9.66907227487079,123.96830622572121,1.3651558989369974,26.835951134380455,0.0,0.05411857262435614,0.028269142709820415,0.11400369525775256,0.0005512223090154188,16.58893962338586,0.8889947594092424,-0.7450000000000001,2.0052631578947366,0.5292464612822647,-0.0438182219118674,0.02587865698016886,-0.7403715450838242,-0.20592940172763144,1.1446604392830093,0.3351810622926984,-0.1323303192886354,,,GOODO
2019Q3,2019,Q3,2019-09-30,2019-09-30,2207000.0,28667000.0,9377000.0,0.2,25465000.0,0.8883036244,978012000.0,253771000.0,52308000.0,40303000.0,719759000.0,0.0,-343736000.0,284135357.869353,874669357.869353,22.59629387336277,1.2978686450140189,0.6101244156513417,2.351367965606787,0.011029719179359356,22.59629387336277,0.008696817209216183,9.911583279357902,32.18569980395934,1.1196525917829578,6.687358405074762,0.0,0.0519435529272857,0.029311501290372716,0.1532144009130834,0.002256618528198018,20.128602852745324,0.8883036243764607,0.0,1.342170542635659,0.5076785526454191,0.3413127127423414,0.01304849425150177,-0.006303466906798739,0.01636678950791242,1.3442520667602558,0.3278521469266755,0.1233030121948521,,,GOODO
2019Q2,2019,Q2,2019-06-30,2019-06-30,2221000.0,28197000.0,9226000.0,0.2,25137000.0,0.8914778168,969787000.0,259420000.0,53112000.0,57349000.0,705702000.0,0.0,-331461000.0,284135357.869353,859239357.869353,23.099292498464248,0.9261190256150935,0.6008474025739673,2.2461413923367513,0.010958171723137443,23.099292498464248,0.008561406213861691,10.076793909612832,31.982818310372917,1.0952715976769447,6.555155335434489,0.0,0.05123966305768361,0.029075456775559994,0.13234755619104083,0.0022901936198361085,17.378309349807523,0.8914778167890202,-0.5121951219512194,1.4198487712665406,0.5332789559543232,0.3614274468643401,0.0027125134628425544,-0.52009507346586,-0.22202546589088457,1.3899227528089888,0.32710500305925555,0.14506411246717135,,,GOODO
2019Q1,2019,Q1,2019-03-31,2019-03-31,4628000.0,28137000.0,11859000.0,0.41,25069000.0,0.8909620784,935020000.0,253629000.0,47669000.0,37538000.0,676729000.0,0.0,-319402000.0,284135357.869353,838169357.869353,22.583649900134873,1.2698865149981353,0.5971508630831426,2.20143595566753,0.01435926318720233,22.583649900134873,0.018247124737313162,10.098281901743363,15.348712071594262,1.1202794549099393,3.066551426101988,0.0,0.04994802514696379,0.030092404440546727,0.11492354414193617,0.0049496267459519586,22.55042522772643,0.890962078402104,0.8636363636363635,1.2338673000151599,0.6419817927170868,0.4932528701795702,0.0424134059628259,0.8416235575009948,0.2602550478214665,1.7873426335488263,0.3070562549356621,0.11456859350143697,,,GOODO
2018Q4,2018,Q4,2018-12-31,2018-12-31,2513000.0,27260000.0,9410000.0,0.22,24049000.0,0.8822083639,938775000.0,249744000.0,54014000.0,55311000.0,684356000.0,0.0,-310117000.0,284135357.869353,843603357.869353,22.237721477667314,0.9765507765182333,0.6029762190088147,2.2665569543212247,0.011516316671197182,22.237721477667314,0.010062303799090268,10.42316059682146,28.26654972834789,1.137706442874916,5.551134102666136,0.0,0.04909631840474527,0.029037841868392318,0.11916255356077453,0.0026768927591808473,19.187963119216167,0.8822083639031548,1.647058823529412,1.4174418604651164,0.6167487100409229,0.36363338538652223,0.004007848703711435,1.6520498183705241,0.021937445699391833,1.5540123456790123,0.2514346049671763,0.06787074925920698,,,GOODO
2018Q3,2018,Q3,2018-09-30,2018-09-30,-3854000.0,26591000.0,9208000.0,-0.34,23953000.0,0.9007935016,904175000.0,247124000.0,47058000.0,35817000.0,657051000.0,0.0,-298866000.0,284135357.869353,823749357.869353,22.004431267406055,1.3138453806851496,0.5995343821715929,2.193570838931063,-0.01679721073440594,22.004431267406055,-0.015595409591945743,10.685395730485991,-18.43119861633063,1.1497683667687193,-3.5378827192527242,0.0,0.04798769186012199,0.029409129869770786,0.06896166624787112,-0.004262449194016645,19.203525133100364,0.9007935015606784,0.055555555555555455,0.3847381864623244,0.6424336009882644,0.4990203631025677,0.007402111284013963,0.03794308537194209,0.01678445229681979,0.4675324675324676,0.2440233918128656,0.07246112651729178,,,GOODO
2018Q2,2018,Q2,2018-06-30,2018-06-30,-4006000.0,26593000.0,9056000.0,-0.36,23777000.0,0.8941074719,912008000.0,251216000.0,52526000.0,41063000.0,660792000.0,0.0,-287910000.0,284135357.869353,822044357.869353,22.368791397325552,1.2791564181866888,0.5947985105393813,2.159340965543596,-0.018102651105906028,22.368791397325552,-0.015946436532704923,10.68459210579299,-17.731862073723978,1.1310400526612674,-3.3714428357463806,0.0,0.04753368289422865,0.029158735449689038,0.11085405352750652,-0.004392505328900623,21.253299264668488,0.8941074718910992,-1.5714285714285712,0.24600037643515904,0.8651283489970543,0.5098748662715921,0.009167692372989263,-1.4912935323383085,-0.16287668700314292,0.39007308160779536,0.2854311678267594,0.08810866533260565,,,GOODO
2018Q1,2018,Q1,2018-03-31,2018-03-31,-1608000.0,26353000.0,10818000.0,-0.14,23561000.0,0.8940538079,923106000.0,259033000.0,51817000.0,41166000.0,664073000.0,0.0,-276927000.0,284135357.869353,824340357.869353,23.06483321931497,1.258732934946315,0.5896700920587669,2.1013847656476203,-0.0047021084590189565,23.06483321931497,-0.006207703265607085,10.781897995270102,-44.175273300583484,1.0969079533084702,-8.379353233830846,0.0,0.04742106051509232,0.02854818406553527,0.10015546810474664,-0.001741945128728445,22.503988426212022,0.8940538079156073,0.7999999999999999,0.6924254016832441,0.8776629853936586,1.094922683747412,0.04132414036948643,0.7941891718929989,1.2163491087891825,0.7353957544841204,0.3256036217303822,0.14032585392481856,,,GOODO
2017Q4,2017,Q4,2017-12-31,2017-12-31,-7813000.0,25252000.0,4881000.0,-0.7,22626000.0,0.896008237,928454000.0,266798000.0,60828000.0,30457000.0,661656000.0,0.0,-268058000.0,284135357.869353,820079357.869353,23.756244853925157,1.9971763469809896,0.5844414478261712,2.033849579082302,0.03213779289620017,23.756244853925157,-0.029284327468721654,11.251994213106011,-9.091749579846185,1.064983087839313,-1.6994752335850505,0.0,0.046731248442882276,0.02719790102686832,0.21942410611682042,-0.008415064181962703,23.589485916924282,0.896008236971329,-1.1212121212121209,-0.5863959390862944,0.8309164733178653,1.180345687083725,0.019786361382791724,-1.0912740899357602,-0.4258997882851094,-12.707017543859648,0.314113238967527,0.22568819140725496,,,GOODO
2017Q3,2017,Q3,2017-09-30,2017-09-30,-3736000.0,24365000.0,8502000.0,-0.33,22187000.0,0.9106094808,904851000.0,267032000.0,51162000.0,54404000.0,637819000.0,0.0,-253314000.0,284135357.869353,798725357.869353,23.777080697131698,0.9404087934710683,0.5734391629119049,1.9431266664669402,-0.01696022711559013,23.777080697131698,-0.01399083255939363,11.661619448772953,-19.013340328516662,1.0640498437241717,-3.4718950749464668,0.0,0.04565077749304308,0.026927085232817338,0.07879935298875082,-0.0041288565741763004,21.24058891151626,0.910609480812641,0.29787234042553185,0.23536635284486288,0.8785659213569779,1.1533623101921666,0.038619979402677654,0.2928260458073065,0.28720666161998487,0.4207751937984496,0.28142421373724635,0.41140404659717983,,,GOODO
2017Q2,2017,Q2,2017-06-30,2017-06-30,-5283000.0,22867000.0,6605000.0,-0.47,21362000.0,0.9341846329,831573000.0,238804000.0,45005000.0,43363000.0,592769000.0,0.0,-242726000.0,284135357.869353,763902357.869353,21.263601286729074,1.03786638378341,0.5829686630037291,2.030037185306779,-0.07295623571727247,21.263601286729074,-0.022122745012646355,12.425563382575458,-13.445739062528535,1.1898266271475897,-2.304751088396744,0.0,0.0428528152613748,0.027498487805640636,0.11562853123630745,-0.006353020119700856,25.96028852164029,0.9341846328770718,-1.9374999999999996,-0.13005347593582886,0.8426269137792102,0.870947523464799,0.020445208751313653,-1.9317425083240845,-0.3717899942933232,0.001323251417769391,0.24344752582925508,0.2532353712936238,,,GOODO
2017Q1,2017,Q1,2017-03-31,2017-03-31,-1802000.0,22314000.0,10514000.0,-0.16,20934000.0,0.9381554181,832977000.0,234604000.0,44012000.0,69693000.0,598373000.0,0.0,-231214000.0,284135357.869353,776298357.869353,20.889624613791174,0.6315124904940238,0.5957763539689571,2.115343301904486,-0.005951049518558916,20.889624613791174,-0.007681028456462805,12.733501741926727,-39.41944476544853,1.2111275079254957,-6.6498335183129855,0.0,0.04217356153720879,0.026788254657691628,0.05890118089334653,-0.0021633250377861572,27.12509383000983,0.9381554181231514,0.5428571428571428,0.5131045663334235,0.8441322314049584,0.7817438919731755,0.01744835965978129,0.5450643776824035,0.23013923013923013,0.9089393097175198,0.3021708683473389,0.3812422725934648,,,GOODO
2016Q4,2016,Q4,2016-12-31,2016-12-31,-3961000.0,22009000.0,8547000.0,-0.35,20575000.0,0.9348448362,851742000.0,239877000.0,53781000.0,48232000.0,611865000.0,0.0,-223587000.0,284135357.869353,788872357.869353,21.359143422458207,1.1150481008459114,0.5980625588499804,2.1235674950078582,-0.019704934162184426,21.359143422458207,-0.016512629389228647,12.909962191346859,-17.933309635783452,1.1845043829519004,-2.9366321635950516,0.0,0.04093823481605713,0.02583998440842415,0.09657488804113451,-0.004650469273559364,25.042777883778687,0.9348448362033713,0.38596491228070173,-2.7746415770609323,0.9191663760027904,0.7727433968399428,0.01962436196045394,0.38215566994228667,0.3642458100558659,0.3420265780730897,0.3053199691595991,0.3097583348803687,,,GOODO
2016Q3,2016,Q3,2016-09-30,2016-09-30,-6411000.0,21589000.0,6265000.0,-0.57,20179000.0,0.934688962,838643000.0,225915000.0,60957000.0,53482000.0,612728000.0,0.0,-214248000.0,284135357.869353,791574357.869353,20.115938111134646,1.1397666504618376,0.6155014708284693,2.2848682026425866,0.7414143291391511,20.115938111134646,-0.02837792975234048,13.161117136937932,-11.07999367763816,1.2577091289615696,-1.7307752300733115,0.0,0.03905180996552355,0.02574277732002771,0.16355035338992557,-0.007644492352526642,23.71153783437812,0.9346889619713743,-0.1176470588235293,-1.5705693664795508,0.9322473820818045,0.6218806535910173,0.018472719931358197,-0.12552668539325842,-0.16041275797373358,-0.023467432950191637,0.3334774552192711,0.3703694717239788,,,GOODO
2016Q2,2016,Q2,2016-06-30,2016-06-30,-5696000.0,21247000.0,7462000.0,-0.51,19813000.0,0.9325081188,818285000.0,226555000.0,46546000.0,66151000.0,591730000.0,0.0,-203079000.0,284135357.869353,806862357.869353,20.172925032725185,0.7036325981466645,0.6436877127162297,2.3249100659883912,-0.06390148747599807,20.172925032725185,-0.02514179779744433,13.372963612244222,-12.47082855817034,1.2541561999044515,-1.7608848314606742,0.0,0.03530007696054445,0.025965281045112643,0.06036189929101601,-0.006960899930953152,31.39617214026,0.9325081187932414,0.019230769230769246,-1.0191421481744063,0.9644045857988166,0.6198698698698698,-0.005221669930210373,0.030962912555290916,-0.01608649789029536,-0.07208733295689812,0.4901809510450274,0.3616557079491773,,,GOODO
2016Q1,2016,Q1,2016-03-31,2016-03-31,-5878000.0,21527000.0,7584000.0,-0.52,19917000.0,0.9252102011,811461000.0,227558000.0,47526000.0,50092000.0,583903000.0,0.0,-193934000.0,284135357.869353,797137357.869353,20.262234223905356,0.948774255370119,0.6383695581180119,2.276395468408054,-0.07009555039449034,20.262234223905356,-0.025830777208447956,13.199022523777256,-12.084695384031686,1.2486282963875275,-1.656345695814903,0.0,0.03426535885222939,0.02652869330750338,0.10001597061407011,-0.007243724590584144,32.354288074396834,0.925210201142751,-0.3,-2.985810810810811,1.0464873086795323,0.8437393657532694,-0.015909876970206037,-0.2958553791887125,-0.2155564749689698,-0.12433052792654929,0.5338083363021019,0.8403694358178054,,,GOODO
2015Q4,2015,Q4,2015-12-31,2015-12-31,-4536000.0,21783000.0,9668000.0,-0.4,20239000.0,0.9291190378,833322000.0,233871000.0,51311000.0,54414000.0,599451000.0,0.0,-185051000.0,284135357.869353,810053357.869353,20.82435678015701,0.9429742345719851,0.6372926671802737,2.2707817557542405,-0.022342156846694914,20.82435678015701,-0.019395307669612734,13.0439038639927,-15.660017519254463,1.2149234315898636,-2.1203703703703702,0.0,0.03385006382916416,0.026139955503394846,0.2031094938802514,-0.005443274028526788,42.985681977209225,0.9291190377817564,0.375,-3.810861724937103,1.1298891114198062,1.0998649176780062,0.024085412133785355,0.3733075435203095,0.3721260289525972,0.078984771573604,0.5793938515081206,0.9112573039676378,,,GOODO
2015Q3,2015,Q3,2015-09-30,2015-09-30,-7238000.0,21375000.0,7046000.0,-0.64,19763000.0,0.9245847953,838483000.0,230427000.0,67257000.0,66444000.0,608056000.0,0.0,-177999000.0,284135357.869353,818817357.869353,20.517695908347935,1.0122358677984469,0.6421263162163097,2.3365838204724274,0.6909626614501432,20.517695908347935,-0.03141124954974894,13.292882239501894,-9.81401484765657,1.2330818778587274,-1.289582757667864,0.0,0.032850540214329205,0.02549246675245652,0.1449340798266209,-0.008632256110141769,33.81758603539074,0.9245847953216374,-0.10344827586206906,-2.7842950481498354,1.0683322797337402,1.0562822936922465,0.012967708867247565,-0.10200974421437271,-0.051682368775235535,-0.48137535816618915,0.6480339244410178,0.85817736095543,,,GOODO
2015Q2,2015,Q2,2015-06-30,2015-06-30,-6568000.0,20688000.0,7430000.0,-0.58,19510000.0,0.943058778,830340000.0,230874000.0,53148000.0,52901000.0,599466000.0,0.0,-168570000.0,284135357.869353,813377357.869353,20.557497711396326,1.0046690988828189,0.641350531107739,2.3066217937056575,-0.14831502063652038,20.557497711396326,-0.028448417751674074,13.734307708302058,-10.815139991982072,1.2306944821389718,-1.3880937880633375,0.0,0.03208681970581094,0.024915095021316568,0.17385304625621445,-0.007910012765854952,37.68873297113052,0.9430587780355761,-0.07407407407407393,-0.979336307561378,0.9368271180512417,1.0630542156107459,0.03129294851464214,-0.08079644561461247,-0.004688546550569324,-0.40491978609625673,0.6670427074939563,0.8088186903586707,,,GOODO
2015Q1,2015,Q1,2015-03-31,2015-03-31,-6077000.0,19880000.0,7465000.0,-0.54,18918000.0,0.9516096579,807282000.0,227157000.0,52738000.0,52970000.0,580125000.0,0.0,-159883000.0,284135357.869353,788723357.869353,20.226528355846284,0.9956201623560506,0.6321805763041911,2.246675207015412,-0.08863282849428052,20.226528355846284,-0.026752422333452194,14.292523031657595,-11.688964862158672,1.2508324985334063,-1.4484120454171465,0.0,0.03097819316118766,0.024625843261710283,0.21446101566924675,-0.007527728848159627,31.796705222622315,0.9516096579476861,-9.62992125984252,-3.797024485125647,0.8605563550166141,0.9734933991177789,0.03157205954523147,-9.66140350877193,-0.42122809737943867,-0.6419886517157525,0.6429752066115701,0.7251862596927189,,,GOODO
2014Q4,2014,Q4,2014-12-31,2014-12-31,-570000.0,19216000.0,12898000.0,-0.0508,18339000.0,0.9543609492,787794000.0,217672000.0,50570000.0,52501000.0,570122000.0,0.0,-151724000.0,284135357.869353,778135357.869353,19.381964369461528,0.9632197481952725,0.6379827721460178,2.3089740527031495,-0.0016559173973247775,19.381964369461528,-0.0026186188393546254,14.786394560228612,-124.62077099533026,1.3053371948130812,-14.536842105263158,0.0,0.02916215729761429,0.02439216343358797,0.2704519913906402,-0.0007235394024326156,29.85242255404003,0.9543609492089925,0.9108771929824562,-1.2550239722533918,0.8056466110157411,0.8376614941956113,0.029586795418818774,0.9116279069767442,0.8671105964099595,-1.2553763440860215,0.6756191140565052,0.6086435993319244,,,GOODO
2014Q3,2014,Q3,2014-09-30,2014-09-30,-6450000.0,19014000.0,6908000.0,-0.57,17812000.0,0.9367834227,759407000.0,189196000.0,49142000.0,54555000.0,570211000.0,0.0,-149533000.0,284135357.869353,784856357.869353,16.84640252694257,0.9007790303363578,0.6662540640262732,2.674253155457832,-0.2798952543995372,16.84640252694257,-0.03409162984418275,14.94348153304686,-11.012998367029187,1.5018042552133926,-1.2037209302325582,0.0,0.027325004737952855,0.02503795724822131,0.19864357070845937,-0.008493469246398835,37.214847134165424,0.9367834227411381,-0.21276595744680848,-3.5215208875753525,0.7841636753884313,0.5594654382347136,0.0423689138576779,-0.21928166351606806,-0.10610766045548654,-1.586206896551724,0.7017810793878099,0.3582689601700025,,,GOODO
2014Q2,2014,Q2,2014-06-30,2014-06-30,-5290000.0,18390000.0,7728000.0,-0.47,17088000.0,0.9292006525,735530000.0,190550000.0,38884000.0,33885000.0,544980000.0,0.0,-141945000.0,284135357.869353,763655357.869353,16.96696548293255,1.147528404898923,0.6551561459083926,2.5289267908685384,-0.04987322793597751,16.96696548293255,-0.027761742324849122,15.450536045098042,-13.427946969251087,1.4911328148483494,-1.3850661625708884,0.0,0.0257870053728723,0.025002379236740854,0.0698539176626826,-0.007192092776637255,58.16486343282559,0.9292006525285481,0.7329545454545455,-3.3680855483214795,0.7265191749247452,0.5337328996629441,0.08110843983297482,0.7326797715902774,2.0675507666804807,-0.8752215526409075,0.700258875739645,0.3624338624338624,,,GOODO
2014Q1,2014,Q1,2014-03-31,2014-03-31,-19789000.0,17136000.0,-7239000.0,-1.76,15806000.0,0.9223856209,678882000.0,169850000.0,48188000.0,27624000.0,509032000.0,0.0,-135787000.0,284135357.869353,729269357.869353,15.123794737738619,1.7444251375615407,0.6642494571958013,2.6549720341477774,-0.01707532195369639,15.123794737738619,-0.11650868413305858,16.581195020387078,-3.5895618508938427,1.6728605114474713,-0.3530244074991157,0.0,0.02458687314520075,0.02524149999558097,0.2104329568491167,-0.02914939562398178,46.13335896563614,0.9223856209150327,-2.259259259259259,-10.081113724784755,0.603885566284109,0.33366484543091407,0.008228615168718504,-2.2872093023255813,-2.0827101405922823,-7.685472972972973,0.6290521912729347,0.37617280549658894,,,GOODO
2013Q4,2013,Q4,2013-12-31,2013-12-31,-6020000.0,16861000.0,6686000.0,-0.54,15677000.0,0.9297787794,690525000.0,183146000.0,41155000.0,28119000.0,507379000.0,0.0,-115248000.0,284135357.869353,722591357.869353,16.307698033782025,1.4636011237952986,0.6473364469063394,2.440686665283435,-0.19181212989651644,16.307698033782025,-0.03286995074967512,16.85163144946047,-11.79964110753127,1.5514144882735796,-1.0958471760797341,0.0,0.0232178073488247,0.024417653234857537,0.30392261460222625,-0.008718004416929149,65.87882167154022,0.929778779431825,0.03571428571428574,-3.6514217258024737,0.5736003230635714,0.40346860108175564,0.02290225760146157,0.038952745849297574,-0.028480092996222027,-4.73046463494739,0.6486278431643643,0.6444187616808246,,,GOODO
2013Q3,2013,Q3,2013-09-30,2013-09-30,-6264000.0,16190000.0,6882000.0,-0.56,15326000.0,0.9466337245,666412000.0,164857000.0,37921000.0,33451000.0,501555000.0,0.0,-108943000.0,284135357.869353,718266357.869353,14.679207707267445,1.1336282921287855,0.658244449379663,2.6608636575941573,-0.23116229141328826,14.679207707267445,-0.03799656672146163,17.550052987606733,-11.340012686356681,1.7235261946374918,-1.0228288633461047,0.0,0.02254911197270272,0.024294280415118576,0.13545185495201936,-0.009399590643625865,35.37101429968293,0.9466337245213094,-0.19148936170212785,-3.743616405284352,0.5482240225652457,0.23414790848360978,0.11917628158317511,-0.1789949181253529,0.1073209975864843,-2.544186817022737,0.5666105080182108,0.47114934487374593,,,GOODO
2013Q2,2013,Q2,2013-06-30,2013-06-30,-5313000.0,14258000.0,6215000.0,-0.47,13694000.0,0.9604432599,594140000.0,166382000.0,32463000.0,15407000.0,427758000.0,0.0,-102813000.0,284135357.869353,650552357.869353,14.814996856369895,2.1070292724086452,0.6234894132695997,2.226442764241324,-0.13638735317724884,14.814996856369895,-0.031932540779651644,19.92813563398464,-13.369817328691557,1.7077289482597457,-1.0664408055712404,0.0,0.019941200005827,0.02399771097721076,0.2611150775621471,-0.008942336822971016,63.35236518826154,0.9604432599242531,0.0,-3.1784500325967966,0.39436297132118675,0.21736866708659694,0.029778914122424425,-0.016258607498087222,0.019855595667870037,-0.6011287761987822,0.3348453716731731,0.48676371744651653,,,GOODO
2013Q1,2013,Q1,2013-03-31,2013-03-31,-5228000.0,14035000.0,6094000.0,-0.47,13298000.0,0.9474884218,569198000.0,123648000.0,34211000.0,31634000.0,445550000.0,0.0,-97568000.0,284135357.869353,664291357.869353,11.009873251291756,1.081462982866536,0.6806682384688633,3.1333705357142856,-0.14396558855621083,11.009873251291756,-0.04228131469979296,20.244770778008764,-13.58719194095988,2.2979373533688614,-1.0080336648814079,0.0,0.018547498064014883,0.024657500553410237,0.23010052475184928,-0.009184853073974259,93.03711783541355,0.9474884218026363,-0.06818181818181812,-2.845130450864049,0.47527492828334866,-0.11394876941616681,0.004760105780128448,-0.06152284263959391,-0.009588818462538598,-3.40626032717408,0.3135265816226448,0.07422844910839259,,,GOODO
2012Q4,2012,Q4,2012-12-31,2012-12-31,-4925000.0,13792000.0,6153000.0,-0.44,13235000.0,0.9596142691,564779000.0,122365000.0,31196000.0,30890000.0,442414000.0,0.0,-92708000.0,284135357.869353,662774357.869353,10.895632281915725,1.0099061184849465,0.6802395273195356,3.1396641196420547,-0.09743218881512125,10.895632281915725,-0.0402484370530789,20.60146156245309,-14.423114612657512,2.3220312823875537,-1.049746192893401,0.0,0.01819555312921384,0.024420171429886735,0.17954030430560053,-0.008720225079190267,59.504786988346176,0.9596142691415314,0.0,-2.6830540887449645,0.5376224735475869,-0.1405024896453606,0.04831683168316832,-0.007981989357347523,-0.10436681222707424,-3.203496602364833,0.2959761687723304,0.03304719365488427,,,GOODO
2012Q3,2012,Q3,2012-09-30,2012-09-30,-4886000.0,12970000.0,6870000.0,-0.44,12625000.0,0.9734001542,525644000.0,124007000.0,37588000.0,5954000.0,401637000.0,0.0,-88138000.0,284135357.869353,612784357.869353,11.041839352621448,6.3130668458179375,0.65335283956442,2.7694484988750636,-0.07238932256532486,11.041839352621448,-0.03940100155636375,21.90712088429861,-14.538239759995548,2.291284829641496,-1.0540319279574293,0.0,0.01812516414225363,0.02467449452481147,3.52519314746389,-0.009295264475576626,-4240.8262368560145,0.9734001542020047,-0.047619047619047665,-2.53603360034204,0.5513411386006686,-0.14466777502269054,0.047109562909513146,-0.045133689839572194,0.07629641234529218,-2.9101009390221972,0.21702970809866176,0.022139107587751145,,,GOODO
2012Q2,2012,Q2,2012-06-30,2012-06-30,-4675000.0,12410000.0,6383000.0,-0.42,12057000.0,0.9715551974,497335000.0,127638000.0,25628000.0,5074000.0,369697000.0,0.0,-83973000.0,284135357.869353,594631357.869353,11.36515109058276,5.0508474576271185,0.6329114178571787,2.4661072721289896,-0.07898172213534298,11.36515109058276,-0.03662702330027108,22.895677507602983,-15.194404164136524,2.2261031814142576,-1.1007486631016044,0.0,0.01811108634486159,0.024952999487267133,1.8955459203783998,-0.009400102546573235,-10.18406300607,0.9715551974214344,-0.2727272727272726,-2.5019481954775133,0.5359732104488757,-0.13464065434178304,0.02464519418713351,-0.26317211564442045,0.012692368713311121,-3.092778816333255,0.16509532141468677,0.02735554892248154,,,GOODO
2012Q1,2012,Q1,2012-03-31,2012-03-31,-3701000.0,12100000.0,6303000.0,-0.33,11767000.0,0.9724793388,467974000.0,131671000.0,25964000.0,4351000.0,336303000.0,0.0,-79676000.0,284135357.869353,560511357.869353,11.724257738668129,5.967363824408182,0.6027364768128144,2.1421953201540203,-0.043337692553916785,11.724257738668129,-0.02810793568819254,23.482260980938264,-19.193147653968722,2.157919039646946,-1.3907052148068089,0.0,0.0181146057942096,0.02585613730677345,5.265456216961618,-0.007908559022509797,-45.56371999187829,0.9724793388429752,-2.65,-2.2092068308913952,0.6387290450909165,-0.12027317117860145,0.04763176638176638,-2.658154121863799,0.12855863921217547,-2.698377982486653,0.1325289070983731,0.033882742789130955,,,GOODO
2011Q4,2011,Q4,2011-12-31,2011-12-31,2232000.0,11468000.0,5585000.0,0.2,11232000.0,0.9794209976,453147000.0,135314000.0,22291000.0,10284000.0,317833000.0,0.0,-75830000.0,284135357.869353,584856357.869353,12.048637981409263,2.1675418125243096,0.6709743195916557,2.2469958762581848,0.02542311158856893,12.048637981409263,0.0164949672613329,24.776365353100193,31.82519689396875,2.0998223234059523,2.3042114695340503,0.0,0.018100527996817557,0.0253074609343105,0.323706728899261,0.004925553959311217,-12.38602257495,0.9794209975584235,1.9090909090909092,0.2457442652229726,0.6030425938537546,-0.11108732163542805,0.028383080021973997,1.8949478748997595,-0.0676126878130217,-0.016947958141009887,0.07028340578216219,0.0369265519682476,,,GOODO
2011Q3,2011,Q3,2011-09-30,2011-09-30,-2494000.0,11173000.0,5990000.0,-0.22,10922000.0,0.9775351293,427093000.0,139292000.0,21180000.0,2007000.0,287801000.0,0.0,-71803000.0,284135357.869353,556833357.869353,12.402847315920445,10.55306427503737,0.6441407374974537,1.9750452287281395,-0.020623486963589937,12.402847315920445,-0.017904833012664045,25.43053413312029,-28.481892328523756,2.03985410410758,-2.0709703287890937,0.0,0.018177955882473788,0.026160578609342695,3.2192326856003985,-0.005839477584507356,66.24746044983749,0.9775351293296339,0.12,-1.7015790874295817,0.6587054348174638,0.18188930365998,0.029018277746372716,0.11591634172279333,0.0771443984894803,-2.092365790992844,0.06845626955660837,0.042763913382501,,,GOODO
2011Q2,2011,Q2,2011-06-30,2011-06-30,-2821000.0,10816000.0,5561000.0,-0.25,10614000.0,0.9813239645,428016000.0,139860000.0,19883000.0,2964000.0,288156000.0,0.0,-68386000.0,284135357.869353,557144357.869353,12.453423208832048,6.708164642375169,0.6432563268662854,1.9685685685685685,-0.027580034517454645,12.453423208832048,-0.02017017017017017,26.26991104561326,-25.180375564458792,2.031569840335714,-1.6940801134349521,0.0,0.01681944843414177,0.02527008336136967,1.8960863697705803,-0.006590875107472618,-27.22124524519573,0.9813239644970414,-1.9615384615384615,-2.6540312981888325,0.631357293491373,0.1800515500111265,0.0383486597534729,-1.9530405405405404,-0.013307310149041874,-2.156673732722673,0.05775213198274346,0.023314912543012264,,,GOODO
2011Q1,2011,Q1,2011-03-31,2011-03-31,2960000.0,10519000.0,5636000.0,0.26,10222000.0,0.9717653769,416148000.0,123422000.0,30610000.0,9148000.0,292726000.0,0.0,-64977000.0,284135357.869353,550744357.869353,10.989749744605097,3.3460865763008307,0.6750771360189164,2.2761906305196806,0.027876563605157858,10.989749744605097,0.023982758341300578,27.011632081885445,23.997918738965623,2.3021451432431252,1.5280405405405406,0.0,0.015918469401051103,0.02527706489037554,1.565697420201137,0.00711285408075973,67.33065352354336,0.9717653769369712,0.857142857142857,0.7477562588568728,0.8851183534972361,0.02481723018827163,0.022798746386134442,0.8342483919342645,0.16404553326441865,0.044679826809025415,0.10569411974439226,-0.11556826652175647,,,GOODO
2010Q4,2010,Q4,2010-12-31,2010-12-31,1613740.0,10227293.0,4841735.0,0.14,9994146.0,0.9772034496,410608602.0,111374307.0,22344513.0,3648288.0,299234295.0,0.0,-61933725.0,284135357.869353,564943316.869353,9.916998281577188,6.124657099439518,0.7010799617880388,2.584702619069944,0.024254530008070006,9.916998281577188,0.014489338191796784,27.782068810324784,44.018143856716854,2.55117509166053,2.652755710337477,0.0,0.015066262897025165,0.024907644287491083,1.9355664903647958,0.003930117372455826,110.31696665291713,0.9772034496322731,-0.611111111111111,-0.2314184281641468,1.2685455550468647,0.12557811871011404,-0.007702849769458604,-0.6021845411714126,-0.24333135586439356,-0.44852554209719825,0.14020559457336995,-0.21770163376804408,,,GOODO
2010Q3,2010,Q3,2010-09-30,2010-09-30,4056504.0,10334413.0,6398752.0,0.36,10071727.0,0.97458143,397572376.0,112060003.0,18571801.0,8303704.0,285512373.0,0.0,-58458249.0,284135357.869353,554386626.869353,9.97805406936929,2.2365682832625056,0.6878791297109637,2.4404937772489617,0.03319356264880506,9.97805406936929,0.036199392213116396,27.4940974266611,17.51109809514258,2.5355644321136865,1.0448627685317209,0.0,0.014917150867048657,0.02599379037340361,0.3890397586426491,0.010203183734274335,42.90362635778183,0.9745814300241339,2.1999999999999997,1.3382825442610249,1.5605880445089424,0.11836669644187346,-0.03635089718813883,2.222470409404379,0.20024925035442395,0.27526124517435213,0.23609869161060537,-0.22707160324051087,,,GOODO
2010Q2,2010,Q2,2010-06-30,2010-06-30,-3318284.0,10681387.0,5331186.0,-0.3,10451654.0,0.9784922127,411179391.0,111908838.0,19836358.0,3076327.0,299270553.0,0.0,-56245666.0,284135357.869353,568830041.869353,9.9645940256158,6.448065501489276,0.7004414601119928,2.573586663459056,-0.04392385734214363,9.9645940256158,-0.029651670585660088,26.600979617099632,-21.406799257489187,2.5389894395056896,-1.2741257228133578,0.0,0.014879918612396056,0.02597743766783292,1.8388002965874564,-0.008070161279070526,87.50286261954018,0.9784922126686356,-2.5789473684210527,-2.4433207977862277,2.847147951533671,0.10611717615978125,0.0010566420276493106,-2.5272867527728606,-0.00746303668851624,-2.0660728697073596,0.32202451913270613,-0.2412811323818032,,,GOODO
2010Q1,2010,Q1,2010-03-31,2010-03-31,2172666.0,10684976.0,5371272.0,0.19,10440622.0,0.977131067,414620100.0,115104008.0,19862631.0,47398965.0,299516092.0,0.0,-53023831.0,284135357.869353,568075880.869353,10.249098560394605,0.4190519982873044,0.6928460318252782,2.4957244842421127,0.026681419073520955,10.249098560394605,0.018875676336135922,26.59204455577186,32.69432092523114,2.4685096792576764,1.948026525936338,0.0,0.014895756134462102,0.025770521014297186,0.07019916996077868,0.005240136693807174,87.63007803977096,0.9771310670234542,-0.050000000000000044,1.0298308619091754,3.982193223735716,0.13015453043734002,0.0025390381191798105,-0.027926467193179316,-0.0354484811731628,-0.29013710660754266,0.4470892989503602,-0.23096138145474038,,,GOODO
2009Q4,2009,Q4,2009-12-31,2009-12-31,2235084.0,10642171.0,5568673.0,0.2,10414180.0,0.9785766457,416865373.0,118450542.0,22045972.0,36500381.0,298414831.0,0.0,-49877753.0,284135357.869353,567248096.869353,10.547080858297834,0.6039929281834072,0.6865749844854588,2.4162771412223676,0.027505897549728417,10.547080858297834,0.018869343797515085,26.69900322681838,31.781284044509402,2.3987678998493145,1.894632148053496,0.0,0.014903678414944475,0.025529035725401928,0.08483741580670076,0.005361644657398781,58.17431899255539,0.9785766456862984,-0.13043478260869565,0.11763252823478688,4.463673725039211,0.15344664298559182,-0.0022397003436723747,-0.12623085403326062,-0.04002266569071572,0.24746553552492045,0.48760493582797404,-0.22186774064061943,,,GOODO
2009Q3,2009,Q3,2009-09-30,2009-09-30,2557980.0,10657094.0,5800838.0,0.23,10437557.0,0.979399919,418281683.0,121321060.0,21373562.0,43587712.0,296960623.0,0.0,-2551601.0,284135357.869353,568037245.869353,10.802677708595061,0.4903575117684544,0.685397658209193,2.3630628186070908,0.028417722449933278,10.802677708595061,0.021084385513941272,26.66161693510004,27.769505417297342,2.342011830999111,1.6554738504601287,0.0,0.014903703051089909,0.025478270823539744,0.06394916989448769,0.006115448282730564,71.25896435046245,0.979399918964776,0.15,0.8670351133805715,6.889848119727408,0.18231880864313887,0.0016172611754445764,0.14508799071746278,0.11331784893538047,-0.2804229053475855,0.5821157913864302,0.029406305621935566,,,GOODO
2009Q2,2009,Q2,2009-06-30,2009-06-30,2233872.0,10651489.0,5210406.0,0.2,10420704.0,0.9783330762,422245782.0,124239364.0,21127243.0,34873014.0,298006418.0,0.0,-43804965.0,284135357.869353,567207203.869353,11.062529523009673,0.6058335823797737,0.6773127623569725,2.3019472073279448,0.025387304495743966,11.062529523009673,0.01798038824474343,26.675646744727707,31.79852716151071,2.286999455899927,1.8956578532700172,0.0,0.014903660817697733,0.0252258032029317,0.14961092838146997,0.005290454269120443,70.24125470950982,0.9783330762487761,0.05263157894736847,7.4440446040446036,14.602690904829567,0.207992255353213,-0.024648883279698885,0.02511727114115765,-0.06575479964691511,0.30978171008425515,0.6065444033555042,0.048254354787620135,,,GOODO
2009Q1,2009,Q1,2009-03-31,2009-03-31,2179138.0,10684054.0,5577129.0,0.19,10684054.0,1.0,424996806.0,127355835.0,26856380.0,43120679.0,297640971.0,0.0,-2590215.0,284135357.869353,567869926.869353,11.340026536316207,0.6228190423439297,0.6734366351920301,2.2473129637130485,0.026955497770798788,11.340026536316207,0.01711062551629456,26.59433936494078,32.59721939011584,2.2310352554270714,1.943275276737866,0.0,0.014903688973292518,0.025139139516262624,0.2892776804372677,0.005127422063496637,69.35961962883258,1.0,-0.050000000000000044,6.636527767000335,31.25939636223097,0.22891695835421635,-0.002880563072851974,-0.040230259680772346,-0.06824399380447543,0.28668989135569184,0.9146978120691661,0.05748127621505521,,,GOODO
2008Q4,2008,Q4,2008-12-31,2008-12-31,2270480.0,10714919.0,5985611.0,0.2,10714919.0,1.0,429098785.0,130495260.0,21760380.0,34173787.0,298603525.0,0.0,-37542148.0,284135357.869353,566242952.869353,11.619567421182413,0.636756470683217,0.6679375076766997,2.1963339741228913,0.028700641018404048,11.619567421182413,0.017398946137967004,26.517732693019237,31.28582478918037,2.1773615215552886,1.865311740248758,0.0,0.014905406464574349,0.024970751198934295,0.13497116956923738,0.005291275760661965,52.92369503155711,1.0,0.0,10.009197755715862,32.878274424001745,0.24577034864364344,0.024650710045755326,-0.005535412536715141,-0.6156819036500842,0.08136941962265808,1.3767072939180678,0.3188195123978388,,,GOODO
2008Q3,2008,Q3,2008-09-30,2008-09-30,2283118.0,10457143.0,15574627.0,0.2,10457143.0,1.0,430283055.0,133579613.0,3064675.0,286856947.0,296703442.0,0.0,0.0,284135357.869353,571760698.869353,11.894204581445752,0.010683635282501979,0.6755785816385449,2.176155548526705,0.07337835660723616,11.894204581445752,0.01709181475170167,27.1714136327057,31.11264484242087,2.1270862483285753,1.855101663602144,0.0,0.014906332079752874,0.02430293937556988,0.010683635282501979,0.005306083921896482,76.71513199769127,1.0,-0.09090909090909087,11.954619606939968,113.24576104531748,0.27075524233718945,0.02265766482049019,-0.06387003923916208,0.015821298307454434,0.31605317433142993,1.5909972192441286,0.33313391489730665,,,GOODO
2008Q2,2008,Q2,2008-06-30,2008-06-30,2438890.0,10225458.0,15332054.0,0.22,10225458.0,1.0,414245749.0,136673470.0,1775274.0,267218679.0,277572279.0,0.0,0.0,284135357.869353,553327202.869353,12.169687997494712,0.006643525095788682,0.6541216648671029,1.9825875424103887,0.07518111686088698,12.169687997494712,0.017844648270070262,27.787054415494445,29.125478995501336,2.0789357134881628,1.7366154275100558,0.0,0.01490632504085418,0.024684521264694982,0.006643525095788682,0.005887543821240276,62.426216246714134,1.0,-0.12,11614.761904761905,0.0,3304.6032022444733,0.07483874724719584,-0.1392367625654513,0.10346876039986136,0.060819586422636615,2.682934603735787,0.35089306076396376,,,GOODO
2008Q1,2008,Q1,2008-03-31,2008-03-31,2833404.0,9513481.0,13894416.0,0.25,9513481.0,1.0,411183078.0,139549493.0,6911252.0,260786050.0,271633585.0,0.0,-28332410.0,284135357.869353,543810590.869353,12.425775024359682,0.026501616938482714,0.6347807849232551,1.8703838429567063,0.06933589096298967,12.425775024359682,0.02030393618126581,29.86660275763971,25.070141591999676,2.0360902197570363,1.4948129529004688,0.0,0.014906307443607438,0.023136849517917175,0.026501616938482714,0.006890857507516396,-9.725362950983357,1.0,-0.03846153846153849,135.29727936297277,0.0,254189.51183970855,0.0606251585896149,-0.031721383296175146,8.496468491177037,1.6471307064486236,3.435948248488203,0.370173762621575,,,GOODO
2007Q4,2007,Q4,2007-12-31,2007-12-31,2926228.0,8969692.0,1463114.0,0.26,8969692.0,1.0,378902689.0,142368068.0,6608122.0,226520471.0,236534621.0,0.0,-25513703.0,284135357.869353,735819891.869353,12.676746762675382,0.029172294984323957,1.195665681855322,3.18218086656904,0.004914651862591062,12.676746762675382,0.02055396298557623,31.67727028635465,24.27488202127047,1.995780106177693,1.4034924824723158,0.0,0.014454163785868541,0.02367281167540091,0.029172294984323957,0.007722901116703345,-19.205882383871458,1.0,-0.07142857142857148,12.611186502551405,27.360241180990077,0.359113869025449,0.07286447187180492,-0.08006865938156257,-0.8814858267525831,0.46323252183426855,3.6050256570857964,0.38635051668184395,,,GOODO
2007Q3,2007,Q3,2007-09-30,2007-09-30,3180920.0,8360508.0,12345477.0,0.28,8360508.0,1.0,361345877.0,144981092.0,6657234.0,0.0,216364785.0,0.0,-22869878.0,284135357.869353,488727364.869353,12.909415815491307,0.0,0.5712443786926065,1.4237498018017412,0.07026494606784679,12.909415815491307,0.021940240317682252,33.985417856110296,22.33122476118175,1.9598097513940163,1.2911145203274523,0.0,0.014454139149723105,0.02313713406504428,0.0,0.008802978537928633,-9.660653639520593,1.0,0.0,16.26235989559343,90.33972818249356,0.37921856906989526,0.03477166105910613,0.021941615819964122,1.988621164720769,1.321710620432735,5.189598996102123,0.4128946117782133,,,GOODO
2007Q2,2007,Q2,2007-06-30,2007-06-30,3112624.0,8079568.0,4130827.0,0.28,8079568.0,1.0,339146439.0,147497107.0,14482761.0,0.0,191649332.0,0.0,-20353407.0,284135357.869353,456577839.869353,13.13344698662508,0.0,0.537008047429329,1.2347656893365373,0.025064064849124483,13.13344698662508,0.02110294949717217,35.16714728675506,22.82120791568087,1.926379192436317,1.319443980384396,0.0,0.014454142669172452,0.0238232429148401,0.0,0.009177817137569886,-38.36098389948499,1.0,0.03703703703703707,14823.01904761905,0.0,3566.3851642238665,0.09423328540389457,0.01697006290097246,0.33834881468065875,10.765730485730487,10.835246898208505,0.4341297090268762,,,GOODO
2007Q1,2007,Q1,2007-03-31,2007-03-31,3060684.0,7383771.0,3086510.0,0.27,7383771.0,1.0,327189335.0,149672598.0,11061148.0,0.0,177516737.0,0.0,-17802786.0,284135357.869353,445123241.869353,13.32715719762183,0.0,0.5136917986645255,1.122947555169718,0.019427464377359056,13.32715719762183,0.020449194046862205,38.48106311386864,23.20848524948614,1.8983792736019254,1.3418347010014755,0.0,0.014454139149723105,0.022567272860528904,0.0,0.009354473610822308,-7.498735662777847,1.0,0.6875000000000001,146.06986444212723,0.0,272628.6830601093,0.03213284062278792,0.7082569626611598,-0.051407026357368685,8.916722278264919,21.29453308050919,0.4442620071795954,,,GOODO
