Quarters,Year,Quarter,FillingDate,Date,NetIncome,Revenue,OperatingIncome,EPSDiluted,GrossProfit,GrossProfitRatio,TotalAssets,CommonStockEquity,CurrentAssets,CurrentLiability,TotalLiability,Inventory,RetainedEarnings,MarketCap,EnterpriseValue,bookValuePerShare,currentRatio,debtToAssets,debtToEquity,roic,shareholdersEquityPerShare,roe,priceToSalesRatio,peRatio,pbRatio,payoutRatio,inventoryTurnover,dividendYield,assetTurnover,quickRatio,returnOnAssets,priceToFreeCashFlowsRatio,grossProfitMargin,epsdilutedGrowth,fiveYNetIncomeGrowthPerShare,fiveYRevenueGrowthPerShare,fiveYShareholdersEquityGrowthPerShare,grossProfitGrowth,netIncomeGrowth,operatingIncomeGrowth,threeYNetIncomeGrowthPerShare,threeYRevenueGrowthPerShare,threeYShareholdersEquityGrowthPerShare,Industry,Sector,Symbol
2023Q1,2023,Q1,2023-05-05,2023-03-31,120700000.0,1649000000.0,187200000.0,0.9,302000000.0,0.1831412978,14076900000.0,6986900000.0,1792500000.0,756900000.0,7066200000.0,585600000.0,4174000000.0,22851792000.0,27135492000.0,52.4542042042042,2.368212445501387,0.31422401238909137,0.6330847729322017,0.013795454042725405,52.4542042042042,0.017275186420300848,13.857969678593086,47.33179784589892,3.2706625255835924,0.4739022369511185,2.300204918032787,0.0025030859724261448,0.11714226853923804,1.472585546307306,0.008574330996171033,824.974440433213,0.18314129775621588,0.011235955056179785,1.2695381256792382,0.9224531831995605,0.41661934984579446,-0.13689625607316377,0.010887772194304857,-0.022454308093994776,0.9935345207798658,0.5641420530592903,0.2438803190974441,Building Materials,Basic Materials,VMC
2022Q4,2022,Q4,2023-02-24,2022-12-31,119400000.0,1731900000.0,191500000.0,0.89,349900000.0,0.2020324499,14234600000.0,6928600000.0,1902000000.0,956600000.0,7282400000.0,579300000.0,4111400000.0,23289630000.0,27652330000.0,52.09473684210526,1.9882918670290612,0.31782417489778425,0.6529601939785815,0.012941149050726937,52.09473684210526,0.01723291862713968,13.447445002598302,48.76388190954774,3.3613760355627402,0.44472361809045224,2.3856378387709305,0.0022799846970518634,0.12166832928217161,1.2614467907171232,0.008388012308038161,97.97909129154397,0.20203244991050293,-0.33082706766917297,-0.6367893823694809,0.7653751056584469,0.38935220210597155,-0.29011969973625484,-0.32580463015245625,-0.37295350360183366,-0.15714101864983304,0.45424817240580356,0.22750071822587403,Building Materials,Basic Materials,VMC
2022Q3,2022,Q3,2022-11-03,2022-09-30,177100000.0,2088300000.0,305400000.0,1.33,492900000.0,0.2360293061,14615800000.0,6855700000.0,2333400000.0,1362500000.0,7736900000.0,542000000.0,4045300000.0,20975430000.0,25589530000.0,51.54661654135338,1.7125871559633028,0.3240671054612132,0.6908849570430444,0.017209004017817806,51.54661654135338,0.025832518925857317,10.044260882057175,29.60958498023716,3.0595606575550276,0.30039525691699603,2.9435424354243542,0.0025363008052755056,0.1428796234212291,0.9798165137614679,0.012117024042474582,79.7544866920152,0.23602930613417614,-0.04999999999999989,0.6247424019668434,0.900218800381972,0.4576108059800769,0.104661586732407,-0.05445808862786973,-0.007152145643693108,-0.18261905987658553,0.4654359085883516,0.2315408416538453,Building Materials,Basic Materials,VMC
2022Q2,2022,Q2,2022-08-05,2022-06-30,187300000.0,1954300000.0,307600000.0,1.4,446200000.0,0.2283170445,14181500000.0,6721100000.0,1899500000.0,1029300000.0,7437300000.0,524200000.0,3921400000.0,18899300000.0,23473900000.0,50.534586466165415,1.8454289322840765,0.33108627437154037,0.6985910044486766,0.019353814476483017,50.534586466165415,0.027867462171370757,9.670623752750345,25.225974372664176,2.811935546264748,0.28350240256273357,2.8769553605494087,0.002809627869815284,0.1378062969361492,1.197221412610512,0.013207347600747453,959.3553299492386,0.22831704446604922,1.0,0.5521466394158594,0.8876062012577747,0.4539949983191083,0.6599702380952381,0.9946751863684771,1.092517006802721,-0.057134845790409214,0.46387365121503576,0.244387074338299,Building Materials,Basic Materials,VMC
2022Q1,2022,Q1,2022-05-05,2022-03-31,93900000.0,1540700000.0,147000000.0,0.7,268800000.0,0.1744661517,13860800000.0,6575300000.0,1662600000.0,892700000.0,7262500000.0,524500000.0,3787200000.0,24432100000.0,28919100000.0,49.438345864661656,1.862439789402935,0.3325998499365116,0.7011239030918741,0.010373698601837993,49.438345864661656,0.014280717229632109,15.857791912766924,65.04818956336527,3.7157392058157037,0.5665601703940362,2.424976167778837,0.002177463255307567,0.11115520027704029,1.1661252380418954,0.006774500750317442,1607.375,0.1744661517492049,-0.326923076923077,1.0846154477040981,0.9515162008317004,0.45048686318636694,-0.23571225476258176,-0.3210412147505423,-0.28117359413202936,0.4727617120179238,0.5349694188286089,0.2512413252004125,Building Materials,Basic Materials,VMC
2021Q4,2021,Q4,2022-02-25,2021-12-31,138300000.0,1606300000.0,204500000.0,1.04,351700000.0,0.2189503829,13682600000.0,6545000000.0,1691100000.0,769300000.0,7114900000.0,521300000.0,3748500000.0,27566624000.0,31854124000.0,49.28463855421687,2.1982321591056806,0.3305292853697397,0.6909854851031322,0.014316719455604898,49.28463855421687,0.021130634071810542,17.161566332565524,49.831207519884316,4.2118600458365165,0.3552639190166305,2.4066756186456932,0.0017823364950310928,0.11739727829506089,1.3886650201481867,0.010107728063379767,178.5356856039999,0.21895038286745938,-0.21212121212121213,0.007365932735407106,0.836858944425152,0.42892249577058134,-0.10749858524441647,-0.21758316361167684,-0.22055449257906892,0.10891093845961637,0.468088448318603,0.2509419006023906,Building Materials,Basic Materials,VMC
2021Q3,2021,Q3,2021-11-05,2021-09-30,176760000.0,1516506000.0,262366000.0,1.32,394061000.0,0.2598479663120357,13688002000.0,6426098000.0,1718416000.0,876693000.0,7238863000.0,512230000.0,3659657000.0,22466139600.0,26839075600.0,48.385648671033806,1.9601114643324402,0.3293847414692079,0.7016106819410473,0.017563917416650834,48.385648671033806,0.02750658331074316,14.814408647245708,31.774920230821454,3.4960779620852342,0.2777438334464811,2.1912910216113857,0.0021852441440362103,0.1107908955594834,1.2249122554873828,0.012913498989845267,112.01872584851189,0.2598479663120357,-0.09589041095890405,0.26668452824475897,0.5066285338631096,0.42900831945422513,-0.010801678866564248,-0.09513473666966991,-0.08753686494908464,-0.016451631195234923,0.21894587693930015,0.2448766940998761,Building Materials,Basic Materials,VMC
2021Q2,2021,Q2,2021-08-05,2021-06-30,195344000.0,1361047000.0,287536000.0,1.46,398364000.0,0.29268937810376866,11571027000.0,6293113000.0,2200425000.0,599245000.0,5277914000.0,450643000.0,3531861000.0,23113188670.0,25484089670.0,47.39467996174152,3.6719955944563574,0.2790120531219917,0.5130141473703078,0.022349492384246817,47.39467996174152,0.031040917269402283,16.981918089529604,29.580110817327384,3.6727750908016428,0.25129003194364813,2.1362431015238226,0.0021238090815099983,0.11762542771700386,2.5772547121794926,0.016882166120604506,168.67616360279362,0.29268937810376866,0.21666666666666667,0.5861220947776162,0.4292965804663915,0.4116730390800751,0.7375549032350928,0.21623270698693764,0.15238885348659187,0.22039132630435218,0.1311250766253034,0.2502035063514262,Building Materials,Basic Materials,VMC
2021Q1,2021,Q1,2021-05-05,2021-03-31,160614000.0,1068344000.0,249513000.0,1.2,229267000.0,0.21460035344420897,11332760000.0,6136241000.0,1993008000.0,565857000.0,5196519000.0,441329000.0,3385604000.0,22401393750.0,24864692750.0,46.22438587108001,3.5221054082568566,0.2811003674303524,0.5191521975750301,0.018669704861537417,46.22438587108001,0.02617465643868942,20.96833393551141,34.86837036310658,3.6506704593251795,0.30560847746771763,1.9012505409796319,0.002191158306835261,0.09427041603281107,2.3247428237169463,0.014172540493224951,326.4938166792981,0.21460035344420897,0.3953488372093023,7.555856095616782,0.426966132010222,0.3991674702053557,-0.24269590177742692,0.36075504308117223,0.27023876189991347,2.030306639654644,0.24973864256562797,0.2483719933065362,Building Materials,Basic Materials,VMC
2020Q4,2020,Q4,2021-02-25,2020-12-31,118033000.0,1175119000.0,196430000.0,0.86,302741000.0,0.2576258234272444,10998820000.0,6027330000.0,2277165000.0,1047883000.0,5659575000.0,448585000.0,3274107000.0,19668723890.0,19502525890.0,45.44846515205212,2.17310997506401,0.09372550873639172,0.1710326131139327,0.02162419682414822,45.44846515205212,0.01958296625537344,16.73764434921059,41.659374687587366,3.2632565149079276,0.3817152830140723,1.9447328822854086,0.002290692586462456,0.1068404610676418,1.1751016096262654,0.010731423916383757,98.72469677956914,0.2576258234272444,-0.4266666666666667,0.337626961276286,0.3808017418224793,0.3631107076290778,-0.20435587046449652,-0.4092087612869642,-0.3181975953128037,-0.6399162303186212,0.20127358186968683,0.21209797705138655,Building Materials,Basic Materials,VMC
2020Q3,2020,Q3,2020-11-06,2020-09-30,199788000.0,1309890000.0,288104000.0,1.5,380498000.0,0.29048088007389933,11590533000.0,5928352000.0,2265333000.0,1069893000.0,5662181000.0,455461000.0,3204671000.0,17968944420.0,20171351420.0,44.717642355532426,2.117345379397753,0.28355098078750995,0.5543710967230016,0.023331251918834357,44.717642355532426,0.03370042804475848,13.717903350663033,22.485014640518948,3.0310184719125988,0.22540392816385368,2.0405523195180266,0.002506157231466355,0.113013784611976,1.6154017270885968,0.017237171060209226,58.62758503456849,0.29048088007389933,-0.050632911392405104,0.6246986012145636,0.2699500677065446,0.36792658264931033,-0.04040411682668422,-0.048247870576802146,-0.03610620416465928,0.8387890537923586,0.19575472505580868,0.264504308698611,Building Materials,Basic Materials,VMC
2020Q2,2020,Q2,2020-08-05,2020-06-30,209916000.0,1322575000.0,298896000.0,1.58,396519000.0,0.2998083284501824,11398724000.0,5764151000.0,2030110000.0,1038749000.0,5634573000.0,451480000.0,3049943000.0,15356149200.0,17825056200.0,43.48596022692981,1.9543797394750801,0.2882491057771028,0.5700183773811616,0.02448905895369443,43.48596022692981,0.036417505370695526,11.610796514375366,18.28844537815126,2.664078231121981,0.21450484955887117,2.0511561973952332,0.0029322455397867587,0.11602833790869925,1.4561987544633015,0.01841574548168725,58.47310819095343,0.2998083284501824,2.5111111111111115,3.3766577645187668,0.4836431252321372,0.3693330128707339,0.9656608319328981,2.4836204321417905,1.661561339614073,0.7454437994620743,0.28175738580032633,0.25118998865050807,Building Materials,Basic Materials,VMC
2020Q1,2020,Q1,2020-05-06,2020-03-31,60258000.0,1049242000.0,112301000.0,0.45,201723000.0,0.1922559333309189,10629382000.0,5590326000.0,1276780000.0,475676000.0,5039056000.0,470747000.0,2885084000.0,14326515690.0,16992065690.0,42.16981601756093,2.684137942633221,0.2620651887381599,0.49828775638486916,0.010635651664507537,42.16981601756093,0.010778977827053378,13.654157658576382,59.43823098177835,2.5627334953274636,0.7484483388097846,1.8003704750109932,0.0031480089769126553,0.09871147729943283,1.5088127212640536,0.005669003146184792,-238.08085899459908,0.1922559333309189,-0.5754716981132076,2.519729279981043,0.66320577305882,0.3447069848574867,-0.3117158737686851,-0.5729199889434629,-0.4198609331735339,0.34211980539871933,0.33335550313048207,0.23723322628761218,Building Materials,Basic Materials,VMC
2019Q4,2019,Q4,2020-02-26,2019-12-31,141093000.0,1186152000.0,193576000.0,1.06,293081000.0,0.24708553372586312,10648793000.0,5621857000.0,1379326000.0,535563000.0,5026936000.0,458308000.0,2895871000.0,19073923330.0,21586674330.0,42.43967931635804,2.5754691791628623,0.26147000885452465,0.49527051292837937,0.018904884245770456,42.43967931635804,0.025097223212899224,16.080505137621486,33.79672154181994,3.392815457597018,0.29080110281870825,1.9486262513418924,0.0021511043790066442,0.11138839866640285,1.5716264939885691,0.013249670643424095,73.13845259823921,0.24708553372586312,-0.34567901234567905,2.6997733619382753,0.5662859478692835,0.34196072248253706,-0.2684734289629421,-0.3459225915916055,-0.3619271135488635,0.030293408946299154,0.35981512548216676,0.23046479120916144,Building Materials,Basic Materials,VMC
2019Q3,2019,Q3,2019-11-07,2019-09-30,215713000.0,1418758000.0,303376000.0,1.62,400643000.0,0.28238994951922736,10539673000.0,5542239000.0,1324242000.0,535284000.0,4997434000.0,429660000.0,2795834000.0,20026293360.0,22718974360.0,41.85538538221034,2.473905440850091,0.26405866671575107,0.5021602280233675,0.027951229304449873,41.85538538221034,0.038921634379174196,14.115369471044392,23.209418718389713,3.6133940380413043,0.19014153064488465,2.369582926034539,0.0020481074187160514,0.13461119714055644,1.5232119771934152,0.020466764006815012,76.10017350858993,0.28238994951922736,0.09459459459459468,2.207515165089104,0.6165076258758831,0.3130883674055709,0.08135178757469595,0.09189706314095102,0.09889377485746575,0.5504496362037756,0.41373252718086756,0.23614533581623282,Building Materials,Basic Materials,VMC
2019Q2,2019,Q2,2019-07-29,2019-06-30,197558000.0,1327682000.0,276074000.0,1.48,370502000.0,0.2790592928125861,10480764000.0,5371447000.0,1255015000.0,663588000.0,5109317000.0,441423000.0,2623747000.0,18188310190.0,21081129190.0,40.61002200061995,1.891256321693581,0.27849591880897234,0.5434010612038059,0.025617931028318254,40.61002200061995,0.03677928870935523,13.699297113314785,23.016418203768005,3.386109960686571,0.2074732483625062,2.1683963001474775,0.002253535351653248,0.12667797881910137,1.090076975472733,0.018849580049698667,221.98733358556888,0.2790592928125861,2.0833333333333335,3.2614301422652647,0.6639719112448098,0.3034067641444961,0.9329698708751794,2.1210287682269864,1.6435513678626488,0.6103082737955732,0.39965552996643905,0.2095887812936158,Building Materials,Basic Materials,VMC
2019Q1,2019,Q1,2019-05-03,2019-03-31,63299000.0,996511000.0,104433000.0,0.48,191675000.0,0.19234609552729473,10296852000.0,5217209000.0,1083851000.0,659607000.0,5079643000.0,429397000.0,2467201000.0,15870248170.0,18798523170.0,39.51143945532895,1.643176922015685,0.2873803566371547,0.567183143324333,0.01042797757251381,39.51143945532895,0.01213273227122011,15.925813332717853,62.6796954533247,3.0419038551072037,0.6467558729205832,1.8743400629254512,0.0025796067938867024,0.09677821920719071,0.8965459735873027,0.006147412820928183,-2710.5462288642184,0.19234609552729473,-0.48387096774193555,0.16136535500470456,0.7186130577082471,0.2821480574380413,-0.3037190683076387,-0.48961474577091163,-0.4400045042871161,2.389946136760055,0.3381368255507864,0.195973072331767,Building Materials,Basic Materials,VMC
2018Q4,2018,Q4,2019-02-26,2018-12-31,124022000.0,1088047000.0,186489000.0,0.93,275284000.0,0.25300745280304987,9832130000.0,5202903000.0,1079145000.0,602550000.0,4629227000.0,429330000.0,2444870000.0,13047528000.0,15919871000.0,39.39802362562472,1.7909634055265122,0.29621048541872413,0.5597605798147688,0.018554294885704585,39.39802362562472,0.023837077108683363,11.991695211695818,26.300833723049134,2.507740005915928,0.2976649304155714,1.8930962196911467,0.0028294248535048173,0.11066238953309201,0.9639283047050037,0.012613950385114925,93.66764300482426,0.25300745280304987,-0.30597014925373134,12.482390744292426,0.5791789114874859,0.3043916325207669,-0.1977548653327194,-0.30772365211469654,-0.2516012264029793,0.4114475842623034,0.2839011554613341,0.18164315744967588,Building Materials,Basic Materials,VMC
2018Q3,2018,Q3,2018-10-31,2018-09-30,179151000.0,1240197000.0,249184000.0,1.34,343142000.0,0.27668346238541136,9875635000.0,5145789000.0,1175912000.0,690415000.0,4729846000.0,408652000.0,2361903000.0,14864973760.0,17805099760.0,38.86782433983927,1.703195903912864,0.3015656208436217,0.5787551724332265,0.025017036968914663,38.86782433983927,0.034815069175980595,11.985977840617256,20.743637713437266,2.8887647278191935,0.20650735971331446,2.195156269882443,0.0024888035860212644,0.12558149425328094,0.9903333502313826,0.018140706901379,75.91955913973003,0.27668346238541136,0.12605042016806733,3.2616378545716036,0.4999132894704815,0.3107099815277913,0.061754294767067675,0.12213439230325959,0.08221825557104576,0.4588679556120231,0.20402592020889282,0.1889788308043945,Building Materials,Basic Materials,VMC
2018Q2,2018,Q2,2018-08-01,2018-06-30,159652000.0,1200151000.0,230253000.0,1.19,323184000.0,0.2692861148305505,9844784000.0,5020630000.0,1183202000.0,811796000.0,4824154000.0,403764000.0,2244545000.0,17092319220.0,20174189220.0,37.90957209843171,1.457511493035196,0.3186386821691568,0.6248078428404403,0.02258390318238221,37.90957209843171,0.031799196515178374,14.241807255920296,26.7649625748503,3.4044172185562367,0.23187933755919124,2.17197917595427,0.002165885127904837,0.12190729629009636,0.8538758505831514,0.016216912427941536,265.7635852225021,0.2692861148305505,2.051282051282051,4.457235672480431,0.5977792950330979,0.2947937249105105,1.028342977644445,2.0134959134751504,1.836221869110528,2.331565527996226,0.34747892429358795,0.19373766400215467,Building Materials,Basic Materials,VMC
2018Q1,2018,Q1,2018-05-04,2018-03-31,52979000.0,854474000.0,81183000.0,0.39,159334000.0,0.1864702729398437,9453211000.0,4913210000.0,1011199000.0,583307000.0,4540001000.0,399754000.0,2138885000.0,15149217300.0,18086785300.0,37.02773381566056,1.733562257953359,0.3147828817107753,0.6056547552414816,0.011331257096331999,37.02773381566056,0.010782970807272639,17.729289949138302,71.48689716680194,3.083364501008506,0.7017119990939806,1.7389194354528035,0.0024539881674282933,0.0903898156933131,0.9044585441285635,0.0056043390970539,-424.11022676371783,0.1864702729398437,-0.8395061728395061,1.9479033936123074,0.557800766319845,0.29760018415576334,-0.3450888031205429,-0.8382547794813553,-0.4631961066955843,2.3349116049660616,0.3532137558754995,0.1807367685604242,Building Materials,Basic Materials,VMC
2017Q4,2017,Q4,2018-02-27,2017-12-31,327546000.0,977490000.0,151234000.0,2.43,243291000.0,0.24889359481938433,9504891000.0,4968893000.0,1180101000.0,442872000.0,4535998000.0,384338000.0,2180448000.0,17011464030.0,19724683030.0,37.4957025030373,2.664654798677722,0.30035746859169665,0.5745474897527477,0.4421896170193808,37.4957025030373,0.0659193103977083,17.403210293711446,12.984026693960542,3.4235923434052618,0.1009690241981279,1.910295104829603,0.0019441007512155906,0.10284073746874109,1.6482934120919814,0.03446078445297269,111.60766838120482,0.24889359481938433,2.0,91.22110622019333,0.5754785376086559,0.29556931608139114,-0.20367182078843662,2.016660680242036,-0.3409909929538492,7.585616872692854,0.29024617479481146,0.18563007146879232,Building Materials,Basic Materials,VMC
2017Q3,2017,Q3,2017-11-03,2017-09-30,108579000.0,1094715000.0,229487000.0,0.81,305516000.0,0.2790826836208511,9439334000.0,4685134000.0,1746972000.0,413699000.0,4754200000.0,365826000.0,1886006000.0,15845086400.0,17958716400.0,35.36377222909936,4.22280933722344,0.2981982627164162,0.6007924213053458,0.02258548468049513,35.36377222909936,0.02317521761383986,14.474165787442393,36.48285211689185,3.3819921479300272,0.30456165556875636,2.1573070257444797,0.0020870192288758994,0.11597375408053152,3.094919252886761,0.01150282424586311,94.03500492575756,0.2790826836208511,-0.08988764044943816,6.457277217904701,0.4709920725889195,0.21802909113654784,0.0470945077542627,-0.09622187632658837,0.18300195373916808,0.6136476514226801,0.2466397664254467,0.10943329078381832,Building Materials,Basic Materials,VMC
2017Q2,2017,Q2,2017-08-04,2017-06-30,120139000.0,1030763000.0,193987000.0,0.89,291775000.0,0.2830670095841624,9869943000.0,4602104000.0,2184812000.0,925793000.0,5267839000.0,374929000.0,1810528000.0,16774078840.0,18979348840.0,34.75568108871485,2.3599357523766114,0.337901546138615,0.7246835360522057,0.01735173628923846,34.75568108871485,0.026105233606194038,16.273458438069664,34.90556530352342,3.644871745618961,0.2750314219362572,1.9710078441518262,0.001969825008882574,0.10443454435349829,1.8361393961717145,0.012172208086713368,-173.03211033401416,0.2830670095841624,1.696969696969697,7.435251640259394,0.4542639302529333,0.20412897812310626,0.8238331280980629,1.6744507023441153,1.679378453038674,1.5886432932345032,0.2904411076897909,0.11550764052253708,Building Materials,Basic Materials,VMC
2017Q1,2017,Q1,2017-05-10,2017-03-31,44921000.0,787328000.0,72400000.0,0.33,159979000.0,0.20319231629003415,8744324000.0,4520761000.0,1157762000.0,360898000.0,4223563000.0,363399000.0,1734448000.0,15979985280.0,18022415280.0,34.08396664555626,3.208003369373064,0.2663884595310055,0.5152643548287557,0.011400802507463257,34.08396664555626,0.009936601381935474,20.296477808486426,88.93382426927272,3.534799844539448,0.7380067229135594,1.7263366162262417,0.0020745951525682504,0.09003874970781046,2.094192819023658,0.005137160974364628,-411.11359094417287,0.20319231629003415,-0.6024096385542168,1.843186760452052,0.4355114294723234,0.17925972732792633,-0.3326004880999562,-0.6722338966231796,-0.5834268321451792,-0.17950601853267176,0.35177893232831553,0.10602631103304423,Building Materials,Basic Materials,VMC
2016Q4,2016,Q4,2017-02-24,2016-12-31,137052000.0,872974000.0,173799000.0,0.83,239705000.0,0.27458435188218666,8471475000.0,4572476000.0,1137182000.0,372244000.0,3898999000.0,345616000.0,1771518000.0,16591260650.0,18315163650.0,34.49077098309585,3.054937084278054,0.23406655865714057,0.4336576069508074,0.024857105398513924,34.49077098309585,0.029973257377403403,19.005446496688332,30.26453581487319,3.628506885547349,0.19312377783614978,1.8322907504282209,0.0015952977027095284,0.10304864265077805,2.0169754247214193,0.01617805635972484,70.17349872267714,0.27458435188218666,-0.20192307692307698,5.807943346462007,0.3884258348019665,0.17885389901256912,-0.21203843410287007,-0.01941115443780632,-0.23462188870686465,13.841449454554366,0.26214063677527666,0.1419220795704803,Building Materials,Basic Materials,VMC
2016Q3,2016,Q3,2016-11-02,2016-09-30,139765000.0,1008140000.0,227076000.0,1.04,304209000.0,0.3017527327553713,8358085000.0,4503970000.0,1076759000.0,360912000.0,3854115000.0,338042000.0,1660961000.0,15128250870.0,16976655870.0,33.85959900465347,2.9834391763089063,0.23734743066144937,0.44044920370251134,0.025653238515042625,33.85959900465347,0.03103151219923756,15.00610120618168,27.060156101312916,3.3588702566846584,0.18979715951776197,2.0823773377272645,0.0017534743591940446,0.12061853881600869,1.8490573879505254,0.01672213192376005,97.45135481418973,0.3017527327553713,0.14285714285714285,5.816983840019109,0.29006133090535813,0.13118396973596178,0.04115557320044903,0.12941414141414143,0.06216496870702478,2.3090535700382526,0.21351287253174034,0.14182142015184626,Building Materials,Basic Materials,VMC
2016Q2,2016,Q2,2016-08-03,2016-06-30,123750000.0,956825000.0,213786000.0,0.91,292184000.0,0.3053682752854493,8290113000.0,4479331000.0,1023407000.0,332678000.0,3810782000.0,347866000.0,1639267000.0,16058310840.0,17949066840.0,33.57341158305788,3.0762689447453693,0.23915934559637486,0.4426236864388901,0.023148380033365435,33.57341158305788,0.027626893390999684,16.782913113683275,32.441032,3.584979730232037,0.21511111111111111,1.9106236309383497,0.0016577086011868483,0.11541760649100923,1.8777827208291502,0.014927420169061628,-504.9148170041504,0.3053682752854493,5.5,15.75180329701197,0.32246533491198837,0.11972355296031333,0.7738437814932188,5.539315155358275,2.293017667626808,3.1988968580805146,0.2644599114166373,0.14669304440340922,Building Materials,Basic Materials,VMC
2016Q1,2016,Q1,2016-05-04,2016-03-31,18924000.0,754728000.0,64921000.0,0.14,164718000.0,0.2182481635768118,8247025000.0,4421053000.0,1007503000.0,356485000.0,3825972000.0,337758000.0,1584344000.0,14127482970.0,15917152970.0,33.03706443682232,2.826214286716131,0.24027525077224818,0.4482090578873404,0.006893183407620654,33.03706443682232,0.0042804282147262205,18.718641643082012,186.63447170259985,3.1955018340653236,1.411857958148383,1.746842413799229,0.0018912073761997252,0.09151518274771811,1.7831016732821858,0.0022946456449446924,-215.92741482874044,0.2182481635768118,-0.7846153846153846,1.3334967783865401,0.49420828271336503,0.09185263259970228,-0.3513226138014957,-0.7871028710287102,-0.6248165142916585,1.3357277068844242,0.36432377154296186,0.1577511362322538,Building Materials,Basic Materials,VMC
2015Q4,2015,Q4,2016-02-25,2015-12-31,88888000.0,857285000.0,173038000.0,0.65,253929000.0,0.29620137993782697,8301632000.0,4454188000.0,1084591000.0,353479000.0,3847444000.0,347073000.0,1618507000.0,12687232240.0,14383636240.0,33.341727049523925,3.068332206439421,0.2385632126309622,0.44462963844364,0.018321135473629162,33.341727049523925,0.019956050350815907,14.799316726642832,35.68319750697507,2.8483827445092125,0.15003150031500315,1.7384123801044737,0.0010511354839044076,0.10326704435947053,1.9862113449455272,0.01070729225289678,85.9603523178449,0.29620137993782697,-0.2857142857142857,2.827446932876598,0.4129257196562231,0.08542374592014314,-0.12826049641250986,-0.28203222810064216,-0.18457536544678285,23.825548926039556,0.37063901985958164,0.15203918387780685,Building Materials,Basic Materials,VMC
2015Q3,2015,Q3,2015-11-04,2015-09-30,123805000.0,1038460000.0,212206000.0,0.91,291290000.0,0.28050189703984746,8316866000.0,4363277000.0,1143690000.0,412077000.0,3953589000.0,326706000.0,1564215000.0,11905880800.0,13716822800.0,32.69008945562432,2.7754278933306153,0.2380251166725543,0.4537009683318295,0.024606458944092986,32.69008945562432,0.028374315909808157,11.464939236947018,24.0415992892048,2.7286557328356644,0.10766124146843827,2.2869797310119804,0.001119530778436821,0.12486193717681636,1.751289200804704,0.014886015958415105,79.053163884573,0.28050189703984746,1.527777777777778,8.0054305387116,0.34627190075924363,0.040892016441346546,0.24244505201557695,1.570595074955359,0.37996826552908125,7.439940619834013,0.3850510866890936,0.12593983726776758,Building Materials,Basic Materials,VMC
2015Q2,2015,Q2,2015-08-05,2015-06-30,48162000.0,895143000.0,153776000.0,0.36,234449000.0,0.2619123424972323,8195883000.0,4226957000.0,1022200000.0,506640000.0,3968926000.0,341828000.0,1453752000.0,11171334790.0,13142959790.0,31.757037782769736,2.017606189799463,0.2496815779337016,0.4841215560035269,0.017524301896693153,31.757037782769736,0.011394012288272626,12.479944310573842,57.98832476848968,2.6428787399540616,0.2760682695901333,1.9328258656400295,0.0011901890194806345,0.10921861622475577,1.1154804200221065,0.005876364999353944,-208.3154901448897,0.2619123424972323,2.1999999999999997,2.932990964131284,0.17089159037315377,0.006461757299523363,2.010967700507288,2.2138212611522756,13.29277813923227,3.5664264097889666,0.25637594499894056,0.10023939269024318,Building Materials,Basic Materials,VMC
2015Q1,2015,Q1,2015-05-06,2015-03-31,-39678000.0,631293000.0,10759000.0,-0.3,77865000.0,0.12334209313266581,8350615000.0,4160167000.0,1194665000.0,703336000.0,4190448000.0,333692000.0,1418901000.0,11183153700.0,13068392700.0,31.35985496649304,1.6985693893103724,0.2727818250512088,0.5475491729057992,0.001207603833228822,31.35985496649304,-0.0095375978897001,17.71468034652689,-70.4619291546953,2.6881501872400793,-0.334013811179999,1.6584994545868645,0.0011850860996393173,0.07559838407111333,1.0842740880603297,-0.004751506326180766,-367.17843845421413,0.12334209313266581,-2.0714285714285716,0.02203308373918516,0.22226120195463722,-0.022140599208728504,-0.5410526936225392,-2.04358117882223,-0.892293677171345,0.2553557625297573,0.1508179536759798,0.08500910124119596,Building Materials,Basic Materials,VMC
2014Q4,2014,Q4,2015-02-27,2014-12-31,38021000.0,755027000.0,99892000.0,0.28,169660000.0,0.2247071959016035,8061902000.0,4176699000.0,920469000.0,451878000.0,3885203000.0,321804000.0,1471845000.0,8680895370.0,10545206370.0,31.625127774118074,2.0369856465683216,0.2487730562837405,0.4801839921909623,0.010665979414693947,31.625127774118074,0.009103121867292807,11.497463494682972,57.07960975513532,2.0784105749540487,0.20806922490202784,1.8190171657282073,0.0009113115252303749,0.09365370603611901,1.1399426393849668,0.004716132743861188,157.89762032085562,0.2247071959016035,-0.43999999999999995,3.732266798423807,0.22730580689924365,-0.01119720278947966,-0.18839276317677786,-0.4320052585189501,-0.28816868689028086,2.33889075244649,0.2054008741777233,0.0809095917734527,Building Materials,Basic Materials,VMC
2014Q3,2014,Q3,2014-11-05,2014-09-30,66939000.0,873579000.0,140331000.0,0.5,209042000.0,0.23929375591675167,8091538000.0,4201099000.0,954618000.0,364812000.0,3890439000.0,306584000.0,1441742000.0,7938133310.0,9852378310.0,31.875528274543427,2.6167395809348375,0.24792727909082304,0.4775210010523437,0.015502492159821668,31.875528274543427,0.015933687827875517,9.086909495306092,29.646892357220754,1.8895373115463356,0.11800295791690943,2.1675527750958956,0.0009950702125459772,0.10796204627599845,1.5668782825126366,0.008272716509518956,107.3910726751265,0.23929375591675167,0.42857142857142866,0.1740335890653349,0.06775680172772244,-0.021926150053300772,0.1959745520287434,0.45624034633541455,0.3591906708250199,2.2951956797594844,0.12823573261582524,0.06489998910127223,Building Materials,Basic Materials,VMC
2014Q2,2014,Q2,2014-08-06,2014-06-30,45967000.0,791143000.0,103246000.0,0.35,174788000.0,0.2209309821359729,7933898000.0,4086187000.0,1101984000.0,349405000.0,3847711000.0,309714000.0,1382711000.0,8360748750.0,10139601750.0,31.156829255274534,3.153887322734363,0.25290683091716076,0.4910536399827027,0.012220946072929232,31.156829255274534,0.01124936279225596,10.567936201167171,45.47147274131442,2.0461003742608943,0.1423412448060565,1.990077942876331,0.0007825854113843572,0.09971681007242594,1.8946952676693236,0.005793747285382293,-197.02947518499317,0.2209309821359729,-0.14634146341463414,0.7906114543744116,-0.05170059822135455,-0.11681486488728486,4.126950604247331,-0.1486804333734605,-0.4696330694666331,6.574408146922169,0.11239613282520002,0.03912691346204579,Building Materials,Basic Materials,VMC
2014Q1,2014,Q1,2014-05-12,2014-03-31,53995000.0,574420000.0,194669000.0,0.41,34092000.0,0.059350301173357475,7872235000.0,4031119000.0,1053742000.0,340868000.0,3841116000.0,305833000.0,1343294000.0,8692324500.0,10430504500.0,30.816596590474735,3.0913491439501506,0.25494068711109363,0.4978649848838499,0.022702089921722703,30.816596590474735,0.013394543797888379,15.132350022631524,40.24596953421614,2.156305606458157,0.12095564404111492,1.7667419801002509,0.0007513525294643566,0.07296784204231709,1.8104075477897603,0.006858916178188278,-170.51128918356937,0.059350301173357475,4.857142857142856,2.3926786700354237,-0.19095649094790423,-0.013052922914020767,-0.7094770211424237,4.945276370843427,2.6164335209645357,1.9734543144769425,0.16341204273637205,0.01846767225390964,Building Materials,Basic Materials,VMC
2013Q4,2013,Q4,2014-02-26,2013-12-31,9082000.0,680246000.0,53829000.0,0.07,117347000.0,0.1725067108075608,8259143000.0,3938106000.0,951496000.0,299135000.0,4321037000.0,344606000.0,1295834000.0,7747357860.0,10076032860.0,30.204137042405836,3.1808247112507733,0.30540856357614826,0.6405142472041129,0.011199547697893823,30.204137042405836,0.002306184749724868,11.389053166060513,213.26133726051532,1.9672801747845283,0.14325038537767013,1.633456759313535,0.00016792821804671355,0.08236278267612027,1.7830043291490465,0.0010996298284216654,-125.80351493106863,0.1725067108075608,-0.7741935483870968,1.0353626055382879,-0.2779997153093369,-0.051726513534934036,-0.2618896359988175,-0.780431786862655,-0.46045285515250534,1.1913121795456165,0.14873428897232152,-0.016718974330347063,Building Materials,Basic Materials,VMC
2013Q3,2013,Q3,2013-11-05,2013-09-30,41363000.0,813568000.0,99767000.0,0.31,158983000.0,0.19541451974512272,8310056000.0,3862911000.0,1100961000.0,358643000.0,4447145000.0,328179000.0,1288054000.0,6749081460.0,9026820460.0,29.65402330615817,3.069796427087661,0.3036744878734873,0.6532772823396656,0.012436997437454307,29.65402330615817,0.010707727928497446,8.295657474236942,40.79177924715326,1.7471490955913818,0.03123564538355535,1.9945974605322097,0.00019143345767232744,0.09790162665570484,1.9268269560537916,0.004977463449103111,27.204384976298734,0.19541451974512272,0.40909090909090906,-0.40788837269115197,-0.32134933920640724,-0.171804910664144,0.19630535385078446,0.4376129570415682,0.14851610526558148,2.082789877446526,0.08069331443504353,-0.05578000462048077,Building Materials,Basic Materials,VMC
2013Q2,2013,Q2,2013-08-06,2013-06-30,28772000.0,738733000.0,86866000.0,0.22,132895000.0,0.17989584870311737,8120224000.0,3813520000.0,911649000.0,391769000.0,4306704000.0,340487000.0,1247984000.0,6354897500.0,8892499500.0,29.278464491362765,2.327006475754845,0.3232153447983701,0.6882305586439824,0.011204875442901581,29.278464491362765,0.007544735572384569,8.602428076179079,55.21772469762269,1.6664125270091672,0.045148060614486306,1.7793278451159662,0.00020440927646748038,0.09097446080305174,1.2549767847889957,0.0035432520088115797,-96.7731238959615,0.17989584870311737,1.523809523809524,-0.8274904627505452,-0.38971269460907476,-0.17810591640631057,6.5273293684508635,1.524691808301116,2.7353070438291582,2.1800637627769714,-0.012534618789297397,-0.07209057014137543,Building Materials,Basic Materials,VMC
2013Q1,2013,Q1,2013-05-07,2013-03-31,-54836000.0,538162000.0,-50058000.0,-0.42,17655000.0,0.032806106711362006,8078475000.0,3714929000.0,927362000.0,469853000.0,4363546000.0,340574000.0,1220512000.0,6540544640.0,9018487640.0,28.535549137388045,1.9737279532108978,0.3300157517353213,0.7176514006055028,-0.004812922428826225,28.535549137388045,-0.014760981973006753,12.153486570958187,-29.81866219272011,1.7606109403436783,-0.02368881756510322,1.528322772730743,0.00019860731353406064,0.06661678101374331,1.0859843397828683,-0.006787914798275664,-164.67457173070144,0.032806106711362006,-14.999999999999998,-4.28444954049695,-0.4505195186579486,-0.1726179663133849,-0.7771002196803273,-16.743898937697388,-1.9014262047107975,-0.37724940599103235,0.061740825603333035,-0.11020777964214465,Building Materials,Basic Materials,VMC
2012Q4,2012,Q4,2013-02-28,2012-12-31,3483000.0,608431000.0,55532000.0,0.03,79206000.0,0.1301807435847286,8126599000.0,3761062000.0,984972000.0,436411000.0,4365537000.0,335022000.0,1276649000.0,6764105700.0,9165630700.0,28.941486987703342,2.2569825233552776,0.32941246393478996,0.711767846422101,0.007540236049391316,28.941486987703342,0.0009260682222202133,11.117293004465584,485.50859173126616,1.7984563136688518,0.37266724088429515,1.5796723797243166,0.00019189528631996395,0.07486908114944517,1.3117405381624203,0.00042859257605795486,67.11953818827709,0.1301807435847286,-0.7272727272727273,-0.9655862122227118,-0.40638843406453046,-0.16365599736885794,-0.37595234906202973,-0.755750350631136,-0.005978591629971718,1.254369058089973,0.005108343182363286,-0.09510489591465399,Building Materials,Basic Materials,VMC
2012Q3,2012,Q3,2012-11-08,2012-09-30,14260000.0,728861000.0,55866000.0,0.11,126923000.0,0.17413882756794505,8225916000.0,3767197000.0,1049255000.0,632097000.0,4458719000.0,336978000.0,1274465000.0,6110068770.0,8679545770.0,29.033602305919707,1.6599588354319037,0.34191973270818715,0.7466036419120105,0.028652105108435237,29.033602305919707,0.003785307750032717,8.383037053704342,107.11901770687237,1.6219137916068633,0.09081346423562413,1.786282784039314,0.00021194524132991057,0.08860545135642037,1.0133571271497888,0.001733545540703309,75.44598782505618,0.17413882756794505,1.7857142857142856,-0.9222787993965176,-0.4055151690677573,0.20902010969487297,0.1980762514277084,1.7799595252420282,1.8413182789136404,-0.7459559986400887,-0.09509499424949062,-0.10912826477449179,Building Materials,Basic Materials,VMC
2012Q2,2012,Q2,2012-08-08,2012-06-30,-18283000.0,694136000.0,19662000.0,-0.14,105939000.0,0.15261994767595977,8180075000.0,3742936000.0,951235000.0,616467000.0,4437139000.0,334606000.0,1261501000.0,5149433960.0,7804671960.0,28.863752737592154,1.5430428554975368,0.34395026940462037,0.7516930559325621,0.0014664526120278809,28.863752737592154,-0.0048846680787488755,7.41847989442991,-70.4128693321665,1.375773980639797,-0.07083082645080128,1.7578794163882296,0.0002514839514516271,0.08485692368346257,0.8896372393007249,-0.0022350650819216206,-109.70013335889733,0.15261994767595977,0.65,-1.094890734091816,-0.41785508334066596,0.24122746847308002,3.82461972857273,0.6487618388949724,1.4248579269214978,-1.7202910766001314,-0.1585265198457032,-0.18181541669248047,Building Materials,Basic Materials,VMC
2012Q1,2012,Q1,2012-05-02,2012-03-31,-52053000.0,535882000.0,-46279000.0,-0.4,21958000.0,0.04097543862268186,8216039000.0,3745607000.0,918649000.0,481093000.0,4470432000.0,341333000.0,1281080000.0,5537508890.0,8160794890.0,28.90284969095553,1.9095039836372594,0.342556553103022,0.751402376170271,-0.004216665879143516,28.90284969095553,-0.013897079965944104,10.333448203149201,-26.595531909784256,1.4784009347483598,-0.024878489232128792,1.505638189099794,0.00023385966970429552,0.06522388708232763,1.0587308482975226,-0.006335534677963432,537.8310887723387,0.04097543862268186,-0.8602920658543394,-1.430128965609711,-0.4273069841524397,0.3132816743919091,-0.704686974648645,-0.8680423470303248,-7.370229697956231,-0.3551973542247844,-0.23814750031240947,-0.07434349740097246,Building Materials,Basic Materials,VMC
2011Q4,2011,Q4,2012-02-29,2011-12-31,-27865000.0,614627000.0,-5529000.0,-0.21502,74355000.0,0.12097581134574303,8229314000.0,3791617000.0,863100000.0,406253000.0,4437697000.0,327657000.0,1334476000.0,5099484550.0,7759084550.0,29.25788429930629,2.124538157256685,0.34212317089857064,0.7425430891358489,-0.00038432850742710296,29.25788429930629,-0.0073491072542400775,8.296876886306654,-45.751700610084335,1.3449366193895638,-0.04643818410191997,1.6488950335259127,0.00025375113647515613,0.0746875134427973,1.1587163664022173,-0.0033860659588393393,198.13826592065897,0.12097581134574303,-2.433466666666667,-1.1797279084028873,-0.4470480904529407,0.3914927080674577,-0.35779063741578854,-2.3961120296608045,-1.0518337270784115,0.8908405767584494,-0.3436697328515355,-0.08143457592772292,Building Materials,Basic Materials,VMC
2011Q3,2011,Q3,2011-11-04,2011-09-30,19959000.0,760752000.0,106668000.0,0.15,115780000.0,0.15219151576334994,8381881000.0,3876099000.0,1002066000.0,364304000.0,4505782000.0,317777000.0,1372822000.0,3568827080.0,6237886080.0,29.932884403017923,2.750631340858184,0.33661155532988357,0.7279065885572066,0.006832110958780696,29.932884403017923,0.0051492492838805205,4.691183302837192,44.70197755398567,0.9207265036316152,1.6187183726639611,2.0296371354755065,0.009052834243793061,0.09076148897842859,1.5987142606175062,0.0023812077503844306,40.148802789965124,0.15219151576334994,3.5,-0.89158377015867,-0.3949666692360976,0.4974750381026164,0.14815549385164617,3.4522668632510136,3.5413828337874658,-0.7125812323765153,-0.36161848038090366,-0.16401671313554433,Building Materials,Basic Materials,VMC
2011Q2,2011,Q2,2011-08-04,2011-06-30,-8139000.0,701971000.0,23488000.0,-0.06,100840000.0,0.14365265801578697,8385610000.0,3881265000.0,892353000.0,420960000.0,4504345000.0,329265000.0,1385208000.0,4987554380.0,7771883380.0,29.98366114055282,2.119804732041049,0.34476597409133025,0.7448790536075223,0.0005191775895562352,29.98366114055282,-0.0020969967265826992,7.1050718334518095,-153.19923762132942,1.2850331992275714,-3.969160830568866,1.8256753678647897,0.0064771223607190025,0.08371138175994353,1.179508741923223,-0.0009705912867400225,-77.51992384090521,0.14365265801578697,0.8571428571428571,-1.04232976154194,-0.39290621428972833,0.512802540017652,15.19082465522094,0.8512962929128679,1.3838912133891212,-1.049102454754964,-0.4164808621129838,-0.1583099003307277,Building Materials,Basic Materials,VMC
2011Q1,2011,Q1,2011-05-06,2011-03-31,-54733000.0,487200000.0,-61184000.0,-0.42,-7106000.0,-0.014585385878489327,8298791000.0,3905617000.0,765250000.0,618282000.0,4393174000.0,329187000.0,1425668000.0,5885956800.0,8555626800.0,30.25780535800059,1.2377038309379862,0.32930507588394503,0.6997188920470184,-0.005836197589382691,30.25780535800059,-0.014013918927534369,12.081192118226602,-26.884862879798295,1.507049155101486,-0.5894981090018818,1.5015963570857902,0.005481691608745752,0.05870734664844554,0.5519973086714477,-0.006595298037991317,296.62635690167815,-0.014585385878489327,-0.1535292502059874,-1.609824619466548,-0.4644607586678677,0.3937131817644371,-1.1400197044334974,-0.16460625146285934,-1.0802393580851353,-4.306420883414284,-0.49828327726005567,-0.1226815222141612,Building Materials,Basic Materials,VMC
2010Q4,2010,Q4,2011-02-28,2010-12-31,-46997000.0,586243000.0,-29412000.0,-0.3641,50750000.0,0.08656819782922781,8337891000.0,3964980000.0,772106000.0,565672000.0,4372911000.0,319845000.0,1512863000.0,5725900080.0,8396621080.0,30.71770557337424,1.3649358638928566,0.3260131368951693,0.6855676447296077,-0.002732586072704705,30.71770557337424,-0.011853023218276006,9.767110362085347,-30.45885950167032,1.44411827550202,-0.6829372087580058,1.6742265784989605,0.005605406931935145,0.07031070566885558,0.6458495382483135,-0.005636557254106584,113.02828875421939,0.08656819782922781,-4.640999999999999,-1.4039004628625178,-0.39481623498150786,0.4524651679953157,-0.5995960456657752,-4.548014494941869,-1.5832011421319796,-1.4675053249565968,-0.4241543178157548,-0.11232726771101433,Building Materials,Basic Materials,VMC
2010Q3,2010,Q3,2010-11-03,2010-09-30,13246000.0,743204000.0,50432000.0,0.1,126747000.0,0.17054133185504922,8529597000.0,4038854000.0,932144000.0,671256000.0,4490743000.0,316244000.0,1606754000.0,4747985840.0,7423259840.0,31.405841277740628,1.3886564887315718,0.3233177370513519,0.6828100248238733,0.017298449496512654,31.405841277740628,0.003279643185913628,6.3885364449061095,89.61169107655141,1.1755774880696357,2.423071115808546,1.949308129166087,0.0067599190649650295,0.08713236979425874,0.731971110872752,0.0015529455846507167,53.21362667413842,0.17054133185504922,1.5263157894736843,-0.913767794509706,-0.28758282172140487,0.4850353320709839,0.036064903747905344,1.552100700233411,40.679338842975206,-0.9271592496132397,-0.38839111130632326,0.3078051172083431,Building Materials,Basic Materials,VMC
2010Q2,2010,Q2,2010-08-04,2010-06-30,-23992000.0,736152000.0,1210000.0,-0.19,122335000.0,0.16618171247242416,8495044000.0,4044104000.0,867303000.0,1074129000.0,4450940000.0,311340000.0,1625620000.0,5617603440.0,8321910440.0,31.553148991948067,0.8074477087947537,0.32330379925048064,0.6791318917614384,9.170897661496999e-05,31.553148991948067,-0.005932587292512754,7.631037394451146,-58.53621457152384,1.3890848108752891,-1.333777925975325,1.9715327294918739,0.005696379308682565,0.08665664356770841,0.405357270867838,-0.0028242349303900017,-551.7190571596935,0.16618171247242416,0.3870967741935484,-1.1574867942056972,-0.24899715490322852,0.5418489909903088,135.8400447427293,0.3808036751232354,1.032907261354365,-1.1259861481695776,-0.375353896289313,0.3568795298963877,Building Materials,Basic Materials,VMC
2010Q1,2010,Q1,2010-05-04,2010-03-31,-38747000.0,493264000.0,-36770000.0,-0.31,894000.0,0.0018124168802101917,8474882000.0,4063000000.0,766072000.0,909222000.0,4411882000.0,307601000.0,1681624000.0,5984930080.0,8675481080.0,32.06990180911186,0.8425577031792015,0.32171433183376474,0.6710536549347773,-0.0030610127327240478,32.06990180911186,-0.009536549347772582,12.133320250413572,-38.615441711616384,1.4730322618754617,-0.8155470100911039,1.6006775010484362,0.005279928015466473,0.05820305226668643,0.3645545312365957,-0.004571981061211236,-449.3190750750751,0.0018124168802101917,-1.9420138559362243,-1.5792211618654182,-0.241853746716484,0.6496726219987625,-0.9868608633030085,-1.9026144280470447,-27.41522988505747,-1.327509090833997,-0.46078186599702337,0.45718553000100925,Building Materials,Basic Materials,VMC
2009Q4,2009,Q4,2010-02-26,2009-12-31,-13349000.0,590144000.0,1392000.0,-0.10537,68041000.0,0.11529558887322416,8532950000.0,4052022000.0,743289000.0,856695000.0,4480928000.0,325033000.0,1752240000.0,6672867640.0,9388615640.0,31.983250718277397,0.8676238334529792,0.3208753127581903,0.6757152355046443,6.317387595238482e-05,31.983250718277397,-0.003294404620705416,11.30718543270795,-124.96942917072441,1.6467994596278106,-2.3537343621245035,1.6063076672214822,0.004708620295666466,0.06916060682413468,0.3436462218175663,-0.0015644062135603749,80.73742743408873,0.11529558887322416,-1.245046511627907,-1.1266562199530532,2.7065670939632986,0.6346756601675213,-0.5595481615743139,-1.2461461867532084,-0.9831688914683692,-1.0880719388955697,-0.456917166528989,0.5211099920793482,Building Materials,Basic Materials,VMC
2009Q3,2009,Q3,2009-11-06,2009-09-30,54232000.0,778192000.0,82704000.0,0.43,154480000.0,0.19851142134588892,8763168000.0,4085528000.0,885491000.0,675833000.0,4677640000.0,331695000.0,1797036000.0,6778269270.0,9584670270.0,32.59010378028255,1.3102216080007931,0.32556125821164217,0.6983058248529933,0.013619987304426628,32.59010378028255,0.013274171661533099,8.710278787240167,31.24663146297389,1.659092599536706,0.5770762649358312,1.880378058155836,0.00461710781224246,0.088802588287706,0.6693413905506241,0.006188629500199015,44.78361789423611,0.19851142134588892,1.15,-0.5519184636724638,-0.2860211054740912,0.7157989875817805,0.05928658611846346,1.441563119034756,0.2591194202545521,-0.695704879727184,-0.3606969095520009,0.6304097608189868,Building Materials,Basic Materials,VMC
2009Q2,2009,Q2,2009-08-05,2009-06-30,22212000.0,721859000.0,65684000.0,0.2,145834000.0,0.202025603338048,8847872000.0,4003219000.0,927055000.0,748564000.0,4844653000.0,363583000.0,1743097000.0,4890858700.0,7841054700.0,35.277800787824845,1.238444541816064,0.33837593943492855,0.7478748976760952,0.005798257707670941,35.277800787824845,0.005548534816606336,6.775365687758967,55.047482216819745,1.22173148658617,2.4618674590311542,1.584301246207881,0.011180654227446808,0.08158560612088421,0.58240444370822,0.002510434147329437,163.89727891156463,0.202025603338048,1.6666666666666667,-0.7717249794351837,-0.20212033947058086,0.9344362858702212,0.8791346141456312,1.677608297742526,50.535444947209655,-0.8682219042996672,-0.28785278339345205,0.7799142802437027,Building Materials,Basic Materials,VMC
2009Q1,2009,Q1,2009-05-05,2009-03-31,-32780000.0,600294000.0,-1326000.0,-0.3,77607000.0,0.12928165199052463,8835564000.0,3453330000.0,882141000.0,1272060000.0,5382234000.0,361820000.0,1775587000.0,4898385420.0,8365839420.0,31.22416318559106,0.6934743644167728,0.3978127485693047,1.017829167788772,-0.00013482428904954203,31.22416318559106,-0.009492287154717331,8.159977311117553,-37.358034014643074,1.4184527456107583,-1.649450884685784,1.4446050522359184,0.011038126926320958,0.06794065438267438,0.3058338443155197,-0.003710006514581299,61.64592776239618,0.12928165199052463,0.84769795458353,-3.0198313330131605,-0.10173103922386588,0.7709175667363841,-0.479810979288156,0.8495315648625449,0.9928102413394857,-1.4262551151723113,-0.22988962181565006,0.43822485822870405,Building Materials,Basic Materials,VMC
2008Q4,2008,Q4,2009-03-02,2008-12-31,-217853000.0,799199000.0,-184429000.0,-1.96977,149190000.0,0.18667440775076044,8914169000.0,3522736000.0,893890000.0,1663066000.0,5391024000.0,364311000.0,1862913000.0,7695408840.0,11232987840.0,31.85171522089007,0.5374952046401045,0.39799256666549626,1.007107259811692,-0.02443695569136596,31.85171522089007,-0.061841988726944054,9.6289019881156,-8.830964962612404,2.1844977426636567,-0.24772208782986693,1.7842145858895284,0.007012882761924836,0.0896549078214694,0.24286769136041503,-0.024438957798533997,78.0214214453727,0.18667440775076044,-4.71654716981132,-4.511149971940783,0.013299735175675911,0.8054127358186296,-0.2571920775121237,-4.689297205757832,-2.4374488515467294,-3.1851070274233213,-0.03712594475781602,0.5060860189815003,Building Materials,Basic Materials,VMC
2008Q3,2008,Q3,2008-11-06,2008-09-30,59050000.0,1013349000.0,128303000.0,0.53,200846000.0,0.1982002251938868,9127120000.0,3942698000.0,1125545000.0,1902823000.0,5184012000.0,372081000.0,2134748000.0,8203493000.0,11789584000.0,35.80560146756997,0.5915132411159629,0.4028718807246974,0.9326253240801096,0.012456943371106671,35.80560146756997,0.01497705378398244,8.095427143067196,34.731130397967824,2.0806800317954863,0.9117696867061812,2.1836723724135334,0.006563057955921947,0.11102615063678356,0.3401030994475051,0.006469729772370693,171.04151203035735,0.1982002251938868,-0.5826771653543307,-0.44908013462982727,0.129503370480046,1.0661559857788498,-0.1809759160937258,-0.5804767148591524,-0.4619719963601139,-0.551037747048487,0.13446361454073316,0.6930794114113087,Building Materials,Basic Materials,VMC
2008Q2,2008,Q2,2008-08-06,2008-06-30,140755000.0,1021551000.0,238469000.0,1.27,245226000.0,0.2400526258600892,9134482000.0,3915769000.0,1139479000.0,1934191000.0,5218303000.0,383500000.0,2129554000.0,6571137160.0,10143092160.0,35.623160058950894,0.5891243419083224,0.40759454121207966,0.9508132374509324,0.021535593627349085,35.623160058950894,0.03594568525365005,6.432510134100011,11.671232211999573,1.678121758459194,0.382217327981244,2.0243155149934813,0.008187167409544682,0.11183458459932374,0.34873133004961765,0.015409193427717084,206.87373000881502,0.2400526258600892,8.76923076923077,1.3267211720466447,0.23374122711555415,1.1463199881633377,0.5877371317578505,9.102275174047225,2.5721411666017557,0.07729962019039037,0.21514785605572073,0.7407306448809896,Building Materials,Basic Materials,VMC
2008Q1,2008,Q1,2008-05-07,2008-03-31,13933000.0,817339000.0,66758000.0,0.13,154450000.0,0.18896687910401927,9060005000.0,3747019000.0,1159920000.0,2615264000.0,5312576000.0,384836000.0,2040864000.0,7213961600.000001,10920133600.0,34.488963955671736,0.44351927759491966,0.414701206014787,1.0027157588472329,0.006044068892191586,34.488963955671736,0.003718422564710774,8.826156099244011,129.44020670350966,1.9252535415486285,3.8166224072346226,1.7225233606003596,0.007371400479869479,0.09021396787308616,0.1867107871327713,0.0015378578709393648,-74.85769905259991,0.18896687910401927,-0.8311688311688311,1.7437379612820505,0.2753684581847552,1.118984350490026,-0.3013935942609789,-0.8353326321014501,-0.5419282680444911,-0.7571185091198318,0.4649379845545957,0.7741089429406475,Building Materials,Basic Materials,VMC
2007Q4,2007,Q4,2007-12-31,2007-12-31,84613000.0,856890000.0,145737000.0,0.77,221083000.0,0.25800627851882973,8936370000.0,3759600000.0,1157229000.0,2528187000.0,5176360000.0,356318000.0,2083718000.0,8592653960.0,12214274960.0,34.60476418394021,0.4577307770350848,0.40917162113923217,0.972579263751463,0.014410822232112935,34.60476418394021,0.022505851686349613,10.027721131066999,25.388102182879702,2.2855234493031173,0.5880420266389326,1.7843808059093282,0.005790527610168069,0.09588792764847472,0.1806626645892887,0.00946838593299069,55.43826549243524,0.25800627851882973,-0.44202898550724634,1.1656914148696818,0.18754678333838667,1.0754669124419713,-0.20299431850954605,-0.3751486194087717,-0.31994251076756525,-0.0638222220932945,5.2759921209363885,0.7686621736982264,Building Materials,Basic Materials,VMC
2007Q3,2007,Q3,2007-09-30,2007-09-30,135413000.0,904866000.0,214301000.0,1.38,277392000.0,0.3065558878331156,3734508000.0,2299668000.0,821390000.0,455572000.0,1434840000.0,266522000.0,3215846000.0,8776679141.526001,9215164141.526001,24.014159957394817,1.8029861361102086,0.1257365093340274,0.2041877349252153,0.05384432348793778,24.014159957394817,0.05888371712786367,9.699424159517543,16.203538695557295,3.816498356078356,0.32455524949598635,2.3543047103053407,0.005007474842285119,0.24229858390984838,1.0648196113896375,0.036259930357626764,101.2444529984081,0.3065558878331156,-0.04827586206896556,0.8729410876207594,0.2235237104306878,0.0,-0.027489806579182634,-0.04646118962615572,-0.013497028536180046,0.4646251671393158,0.08679488868295128,0.26429395930471433,Building Materials,Basic Materials,VMC
2007Q2,2007,Q2,2007-06-30,2007-06-30,142011000.0,878844000.0,217233000.0,1.45,285233000.0,0.3245547560204086,3689649000.0,2222590000.0,814866000.0,512109000.0,1467059000.0,286112000.0,3124385000.0,10947504215.578001,11459003215.578001,23.254200757496495,1.5911964054527454,0.14800649059029733,0.2457007365281046,0.053645208391681354,23.254200757496495,0.06389437548085791,12.456709285809541,19.272282104164464,4.925561716546012,0.3087648139932822,2.0747504473772507,0.0040052964709166765,0.23819176295631372,0.9675908839719669,0.038489027005007795,1434.7974070220184,0.3245547560204086,0.5934065934065933,1.31173889497289,0.25068872116694396,0.0,0.7059900116630282,0.5978913968089655,0.5839543260466947,0.7327767763336321,0.1533117536142866,0.275129649230768,Building Materials,Basic Materials,VMC
2007Q1,2007,Q1,2007-03-31,2007-03-31,88874000.0,687187000.0,137146000.0,0.91,167195000.0,0.24330349671923363,3570915000.0,2094556000.0,765573000.0,526215000.0,1476359000.0,266416000.0,0.0,11085634845.515999,11578304845.515999,22.008111629470854,1.4548673070893077,0.1575590569923955,0.26861540106829324,0.03466036233100586,22.008111629470854,0.04243094956639975,16.13190419131328,31.183571251198323,5.292594156239317,0.49240497783378717,1.9518046964146298,0.0039476313814992,0.19244003287672767,0.8779225221629943,0.024888298937387195,-452.6411680011432,0.24330349671923363,-0.21551724137931028,7.163257151633227,0.24974457832730323,0.0,-0.29544851184330845,-0.21944493237308976,-0.20096714052668377,5.363835726802671,0.19496559975725664,0.24821764681625594,Building Materials,Basic Materials,VMC
