Quarters,Year,Quarter,FillingDate,Date,NetIncome,Revenue,OperatingIncome,EPSDiluted,GrossProfit,GrossProfitRatio,TotalAssets,CommonStockEquity,CurrentAssets,CurrentLiability,TotalLiability,Inventory,RetainedEarnings,MarketCap,EnterpriseValue,bookValuePerShare,currentRatio,debtToAssets,debtToEquity,roic,shareholdersEquityPerShare,roe,priceToSalesRatio,peRatio,pbRatio,payoutRatio,inventoryTurnover,dividendYield,assetTurnover,quickRatio,returnOnAssets,priceToFreeCashFlowsRatio,grossProfitMargin,epsdilutedGrowth,fiveYNetIncomeGrowthPerShare,fiveYRevenueGrowthPerShare,fiveYShareholdersEquityGrowthPerShare,grossProfitGrowth,netIncomeGrowth,operatingIncomeGrowth,threeYNetIncomeGrowthPerShare,threeYRevenueGrowthPerShare,threeYShareholdersEquityGrowthPerShare,Industry,Sector,Symbol
2023Q4,2023,Q4,2023-05-16,2023-03-31,-3221000.0,208093000.0,1638000.0,-0.0453,157152000.0,0.7552007996,2820560000.0,2029649000.0,617360000.0,453607000.0,790911000.0,17956000.0,470213000.0,2036040900.0,2256978900.0,28.560056848563306,1.3610019245734744,0.056892602887369886,0.07906243887489905,0.002217858471460383,28.560056848563306,-0.001586973905340283,9.784283469410312,-158.02863241229431,1.003149263739691,0.0,2.8369904210291823,0.0,0.07377719318149588,1.1075314093477393,-0.0011419718070170462,18.405555003118756,0.7552007996424676,-1.0629166666666667,-1.2227662834482065,0.028923530094105903,0.14107310427971637,-0.2613024226527907,-1.0612147934167016,-0.9743058823529411,-1.452826702924196,-0.06425511869051877,0.08015466415353296,Software—Infrastructure,Technology,NTCT
2023Q3,2023,Q3,2023-02-02,2022-12-31,52618000.0,269544000.0,63750000.0,0.72,212742000.0,0.7892663164,2904112000.0,2005153000.0,681947000.0,440009000.0,898959000.0,18621000.0,473434000.0,2332397440.0,2240714440.0,27.948720450490633,1.5498478440213723,0.08965253406204719,0.129845951904917,0.023807468819260717,27.948720450490633,0.026241389061084117,8.653123200664826,11.081746930708123,1.1632017307407465,0.0,3.0504269373288224,0.0,0.09281460219165101,1.4207527573299636,0.018118447222421175,54.058254299355674,0.7892663164455525,2.0,-0.2868264561558676,0.21828391153952031,0.045492955357710634,0.24819291246186342,2.026980383132946,1.9785544082605242,0.4851393586697182,0.074511108653444,0.05892351807469457,Software—Infrastructure,Technology,NTCT
2023Q2,2023,Q2,2022-11-03,2022-09-30,17383000.0,228081000.0,21403000.0,0.24,170440000.0,0.7472783792,2822053000.0,1937646000.0,588389000.0,402196000.0,884407000.0,24063000.0,420816000.0,2250529920.0,2189506920.0,26.96568136272545,1.4629409541616525,0.0918841708500868,0.13382320609646964,0.008509044593635141,26.96568136272545,0.008971194944793837,9.867239796388125,32.366822757866885,1.161476306817654,0.0,2.395420354901716,0.0,0.08082094843718385,1.2587320609851913,0.006159700048156431,316.17447597639784,0.7472783791723115,3.4390243902439024,9.683530548175407,0.09472319378729087,0.07010784845008443,0.12800963613019364,3.4373247335950645,4.125894552358697,2.0479495195939803,0.11006385764445478,0.051893724411008674,Software—Infrastructure,Technology,NTCT
2023Q1,2023,Q1,2022-08-04,2022-06-30,-7132000.0,208812000.0,-6847000.0,-0.0984,151098000.0,0.7236078386,2816635000.0,1906889000.0,563395000.0,415194000.0,909746000.0,22435000.0,403433000.0,2452500200.0,2382392200.0,26.3193424612157,1.3569439828128538,0.0931586804822066,0.13760318508313804,-0.0020869492591884713,26.3193424612157,-0.0037401233107957517,11.74501561212957,-85.9681786315199,1.2861263555456035,0.0,2.572498328504569,0.0,0.07413527134328729,1.1742342134038546,-0.002532099473307688,-164.7853389773567,0.7236078386299638,0.004048582995951393,0.6294468204296769,0.16403318314457974,0.035502900133137005,0.05273498735447192,0.023816041609635914,0.051530682920072034,0.7406733362852999,0.19764147204924482,0.01148573577415926,Software—Infrastructure,Technology,NTCT
2022Q4,2022,Q4,2022-05-19,2022-03-31,-7306000.0,191191000.0,-7219000.0,-0.0988,143529000.0,0.750710023,3194709000.0,2061495000.0,921939000.0,475060000.0,1133214000.0,28220000.0,411665000.0,2371738560.0,2150915560.0,27.883663366336634,1.9406790721172062,0.1300080852434447,0.20147417286968924,-0.002475165785100297,27.883663366336634,-0.003544029939437156,12.405074297430318,-81.15721872433615,1.1504944518419884,0.0,1.6889440113394756,0.0,0.05984613935103322,1.7922851850292594,-0.002286906256563587,15.579968206004073,0.7507100229613318,-1.154375,-1.4069846998367161,-0.2549529930144384,0.05161898714242904,-0.28848823144494457,-1.1530853850183342,-1.1258103868943883,-1.3997110972405014,-0.14490888016667083,0.04902945865645998,Software—Infrastructure,Technology,NTCT
2022Q3,2022,Q3,2022-02-03,2021-12-31,47725000.0,262194000.0,57380000.0,0.64,201724000.0,0.7693692457,3133549000.0,2047587000.0,839588000.0,431226000.0,1085962000.0,21500000.0,418971000.0,2444545840.0,2313552840.0,27.708287098432976,1.9469790782559493,0.13311168901459655,0.20370904874860019,0.01944242915878356,27.708287098432976,0.023307922935631064,9.323424029535381,12.80537370350969,1.1938666537734415,0.0,2.8125581395348838,0.0,0.0836731769632452,1.8257433457166312,0.015230334678028012,18.327266893082328,0.7693692456730512,4.818181818181818,1.7894551795841354,0.07738263691174826,0.060337689558259314,0.2586196139111771,5.044199594731509,3.7168105219893137,14.940662913280253,0.12169625519426533,0.05456744597249015,Software—Infrastructure,Technology,NTCT
2022Q2,2022,Q2,2021-11-04,2021-09-30,7896000.0,211918000.0,12165000.0,0.11,160274000.0,0.7563019658547174,3016398000.0,1999004000.0,701588000.0,370787000.0,1017394000.0,20328000.0,371246000.0,2005338720.0,1955004720.0,26.874835309617918,1.892159110216917,0.13862096447484715,0.2091721677395343,0.003932197221159888,26.874835309617918,0.003949967083607637,9.462805047235252,63.49223404255319,1.0031689381311895,0.0,2.5405352223534043,0.0,0.07025531776642208,1.7225657857476124,0.0026176916971831967,93.012,0.7563019658547174,1.7333333333333334,8.707452791730558,-0.037369210202041446,0.04058885218604655,0.17968232471183995,1.696234899920642,2.1404331114652666,1.3158412056682007,0.0010125753727631727,0.03761035571603551,Software—Infrastructure,Technology,NTCT
2022Q1,2022,Q1,2021-08-05,2021-06-30,-11341000.0,190272000.0,-10667000.0,-0.15,135862000.0,0.7140409519004373,3033054000.0,2002955000.0,696256000.0,367565000.0,1030099000.0,19530000.0,363350000.0,2107935860.0,2041471860.0,27.118631446404635,1.8942391141702828,0.13870639955635475,0.21004166344226405,-0.003705901631298703,27.118631446404635,-0.00566213419672434,11.07853945930037,-46.46715148575963,1.0524129898075594,0.0,2.7859703020993343,0.0,0.0627328099005161,1.741471576455865,-0.003739135537975915,98.1439547443896,0.7140409519004373,-2.0,-0.5928993892446426,-0.10590618797399123,0.05841549428311235,-0.14253977670766882,-1.9916061904345546,-1.663866069205875,0.802589960661776,0.009279906577905145,0.06551824772733023,Software—Infrastructure,Technology,NTCT
2021Q4,2021,Q4,2021-05-20,2021-03-31,11437000.0,213389000.0,16068000.0,0.15,158447000.0,0.7425265594758867,3085038000.0,2005779000.0,722472000.0,411275000.0,1079259000.0,19373000.0,374691000.0,2071365120.0,2027810120.0,27.268363310086055,1.756664032581606,0.13731467813362427,0.21120023691543285,0.005648062672435196,27.268363310086055,0.0057020240016472405,9.706991082014536,45.27771968173472,1.032698577460428,0.0,2.836008878335828,0.0,0.06916900213222657,1.6392195003343262,0.0037072476903039766,23.23669112203002,0.7425265594758867,-0.6153846153846154,5.146664314027253,-0.02142796462101845,0.0762344505163166,-0.08657127703731034,-0.6059060680197099,-0.49423984891406986,-0.23579703423907092,0.01937861649812178,0.08946547746217968,Software—Infrastructure,Technology,NTCT
2021Q3,2021,Q3,2021-02-04,2020-12-31,29021000.0,228739000.0,31770000.0,0.39,173464000.0,0.7583490353634492,3146323000.0,1978235000.0,762614000.0,396219000.0,1168088000.0,26040000.0,363254000.0,2015150640.0000002,1999148640.0000002,26.917691721547925,1.9247284961094748,0.14675956664334844,0.2334166567672698,0.01300310038577534,26.917691721547925,0.014670147884351455,8.809825346792634,17.35941766307157,1.0186608972139306,0.0,2.1226958525345623,0.0,0.07270041886989988,1.7628129897859517,0.009223782809330129,17.865919338966073,0.7583490353634492,8.799999999999999,2.5919371340670714,-0.000584562051616992,0.05143333859715572,0.18454783220316992,8.87330439500814,7.406985975125695,-0.6160110023136821,0.009263525864504974,0.006924704092308144,Software—Infrastructure,Technology,NTCT
2021Q2,2021,Q2,2020-11-03,2020-09-30,-3686000.0,205339000.0,3779000.0,-0.05,146439000.0,0.7131572667637419,3077551000.0,1939320000.0,669408000.0,362207000.0,1138231000.0,22449000.0,334233000.0,1594856139.9999998,1641264139.9999998,26.544936899449752,1.8481365627942032,0.14622016012082334,0.23204009652868016,-0.014663794515276973,26.544936899449752,-0.0019006662128993668,7.766942178543773,-108.16984129137275,0.822379050388796,0.0,2.6237248875228296,0.0,0.06672155879788833,1.649700309491534,-0.001197705578234122,193.29246636771296,0.7131572667637419,0.7916666666666667,0.4173196913253027,-0.016048101883623028,-0.0571752310058587,0.11926472274238545,0.7884041331802526,1.2608545592600262,-0.8110156189928892,-0.030647103165122248,0.053410997875946435,Software—Infrastructure,Technology,NTCT
2021Q1,2021,Q1,2020-08-06,2020-06-30,-17420000.0,183815000.0,-14487000.0,-0.24,130835000.0,0.711775426379784,3067527000.0,1929817000.0,630775000.0,357492000.0,1137710000.0,25314000.0,337919000.0,1848064680.0,1917960680.0,26.690690566089927,1.7644450784912669,0.14669797527454526,0.23318273183415836,-0.005324054007154614,26.690690566089927,-0.00902676264122453,10.053938361939993,-26.52216819747417,0.9576372681969326,0.0,2.0929130125622186,0.0,0.05992286294464564,1.5812969241269734,-0.005678841620627952,48.51964294153168,0.711775426379784,-3.3999999999999995,-2.281025326497805,0.028997624699229563,1.4380695047937087,-0.21476542291095252,-3.3745910577971645,-2.1532399299474605,0.09305401758991996,0.026797771550100245,0.05011314505558723,Software—Infrastructure,Technology,NTCT
2020Q4,2020,Q4,2020-05-20,2020-03-31,7336000.0,229351000.0,12562000.0,0.1,166619000.0,0.7264803728782521,3120503000.0,1937919000.0,659743000.0,398997000.0,1182584000.0,21506000.0,355339000.0,1734845310.0000002,1894325310.0000002,26.44071057263313,1.6535036604285245,0.14420752039014223,0.23220784769642075,0.004252228293457075,26.44071057263313,0.0037855039348909836,7.56414975299868,59.1209552208288,0.8952104344918441,0.0,2.9169534083511577,0.0,0.07349808668666558,1.5037005290766596,0.002350903043515741,16.92234836809146,0.7264803728782521,-0.7959183673469388,-0.8028649350872546,0.0765762655942624,1.4922531390700182,-0.1430782919064591,-0.8002450646698435,-0.6588174583774682,-0.5877812956858964,-0.09845621433076407,-0.0028012852397425046,Software—Infrastructure,Technology,NTCT
2020Q3,2020,Q3,2020-02-06,2019-12-31,36725000.0,260024000.0,36819000.0,0.49,194439000.0,0.7477732824662339,3127339000.0,1962807000.0,654049000.0,384104000.0,1164532000.0,19574000.0,348003000.0,1790013690.0,2008627690.0,26.393521319940294,1.7027914314873056,0.14389229949167648,0.22926349865269485,0.016492528876369893,26.393521319940294,0.01871044886226715,6.88403258929945,12.185253165418652,0.9119662249013786,0.0,3.3506181669561665,0.0,0.08314544729560819,1.532946806073355,0.011743210441848485,28.330622002753906,0.7477732824662339,3.1304347826086953,0.15428837727630723,0.17294749451399022,1.5168390104310854,0.23618943473478757,3.1019345238095237,6.04715558601782,1.1329843918761267,0.06172753445799692,0.01002437704909168,Software—Infrastructure,Technology,NTCT
2020Q2,2020,Q2,2019-10-31,2019-09-30,-17472000.0,216421000.0,-7295000.0,-0.23,157289000.0,0.7267732798573151,3069374000.0,1940264000.0,572994000.0,350559000.0,1129110000.0,22072000.0,311278000.0,1745342220.0,2005407220.0,25.635366707624822,1.6345151600729122,0.14660969956740363,0.23192720165915567,-0.004731493836001995,25.635366707624822,-0.009004960149752817,8.06456961200623,-24.973417754120877,0.899538526715952,0.0,2.6790503805726713,0.0,0.07050981731128236,1.4333707022213094,-0.005692365935203726,-257.76727514399647,0.7267732798573151,0.39473684210526316,-1.8438097042662256,0.13329112987910374,1.5509743954880624,0.19810939892292107,0.4045598609549126,0.7016115837696335,-15.760729412107999,-0.03386489786102572,-0.007403152044284725,Software—Infrastructure,Technology,NTCT
2020Q1,2020,Q1,2019-08-08,2019-06-30,-29343000.0,186024000.0,-24448000.0,-0.38,131281000.0,0.7057207672128327,3194001000.0,2011435000.0,675850000.0,349583000.0,1182566000.0,25463000.0,328750000.0,1991299520.0000002,2221932520.0,26.020478124757446,1.9333033928995402,0.15654347008657793,0.24857875099120777,-0.009590268757314049,26.020478124757446,-0.01458809258067002,10.704530168150347,-16.965711754081042,0.9899894950619831,0.0,2.1499037819581353,0.0,0.05824168495877115,1.710935600415352,-0.009186910085500913,43.12879339845358,0.7057207672128327,-2.5833333333333335,-2.3588272585937387,-0.08337636365478539,1.5905959921167365,-0.2560549907630932,-2.5274061735464057,-1.8363723444288598,-2.9378049617780633,-0.1648011695393874,0.015555569989847614,Software—Infrastructure,Technology,NTCT
2019Q4,2019,Q4,2019-05-28,2019-03-31,19211000.0,235002000.0,29231000.0,0.24,176466000.0,0.750912758189292,3269994000.0,2065433000.0,801222000.0,379936000.0,1204561000.0,23351000.0,358093000.0,2236349900.0,2453061900.0,26.580438839199537,2.108834119430641,0.16819602727099806,0.2662879890076318,0.009293952880451208,26.580438839199537,0.009301197376046573,9.51630156339095,29.102466035084067,1.0827511228880338,0.0,2.506787717870755,0.0,0.0718661869104347,1.8984618462056768,0.005874934327096625,29.27466095926275,0.750912758189292,5.799999999999999,-0.3885967015282458,0.11044168213131235,1.6790854889116724,0.00023806284859202828,6.331945600888149,46.6021840873635,7.593435676568916,0.02015784713401024,0.04908327879023682,Software—Infrastructure,Technology,NTCT
2019Q3,2019,Q3,2019-02-07,2018-12-31,-3603000.0,246008000.0,-641000.0,-0.05,176424000.0,0.7171474098403304,3297384000.0,2043477000.0,802233000.0,386365000.0,1253907000.0,24205000.0,338107000.0,1837799620.0,2174498620.0,26.274551906806902,2.0763604363749306,0.18196242839778443,0.29361720244465683,-0.0001678518072715729,26.274551906806902,-0.0017631713006801642,7.470487219927807,-127.51870802109352,0.8993493051304222,0.0,2.8747779384424708,0.0,0.07460702180880359,1.8699856353448163,-0.0010926843825286954,62.465572890112504,0.7171474098403304,0.8529411764705883,-1.1109677777271583,0.18658295369448175,1.7513367427021267,0.1039126000362915,0.8636673225367035,0.9722714885149457,0.8132401859309029,0.01568887700999891,0.026311621267411996,Software—Infrastructure,Technology,NTCT
2019Q2,2019,Q2,2018-11-08,2018-09-30,-26428000.0,223797000.0,-23117000.0,-0.34,159817000.0,0.7141159175502799,3243005000.0,2036598000.0,719831000.0,339032000.0,1206407000.0,26601000.0,341710000.0,1949262490.0,2337014490.0,25.900700741437856,2.1231948606621205,0.18501359079002344,0.2946089508091435,-0.007972809933578058,25.900700741437856,-0.01297654225330674,8.709958087016359,-18.439368189041925,0.9571169617175309,0.0,2.4051727378669976,0.0,0.06900914429672479,1.876737299134005,-0.008149231962331234,1347.1060746371804,0.7141159175502799,0.5641025641025641,-2.4076611193712942,0.2791792012888041,1.8007267882388789,0.1169452908780856,0.5771790605401255,0.6999857241119749,-2.881622431901287,-0.0036070046339462584,-0.0800572521293608,Software—Infrastructure,Technology,NTCT
2019Q1,2019,Q1,2018-08-02,2018-06-30,-62504000.0,205111000.0,-77053000.0,-0.78,143084000.0,0.6975930106137652,3277608000.0,2045201000.0,718074000.0,359825000.0,1232407000.0,29303000.0,368138000.0,2386632600.0,2738853600.0,25.451118743622292,1.9956200931008128,0.18306032936214459,0.2933696981372491,-0.02227266446225562,25.451118743622292,-0.03056129935395103,11.635809878553564,-9.545919461154487,1.1669428090441964,0.0,2.116745725693615,0.0,0.06257947869299807,1.7352435211561175,-0.019070004710752476,125.26939953810624,0.6975930106137652,-4.8999999999999995,-7.130897851001216,0.29191152567019635,1.821783655720214,-0.1515065260061791,-4.716715228637688,-9.239601328903655,-5.135657595190198,0.03311715687675395,1.3248404277161936,Software—Infrastructure,Technology,NTCT
2018Q4,2018,Q4,2018-05-22,2018-03-31,16817000.0,235224000.0,-7525000.0,0.2,168633000.0,0.7169038873584328,3368608000.0,2068782000.0,752408000.0,413300000.0,1299826000.0,34774000.0,396493000.0,2177959250.0,2486079250.0,25.029121045308813,1.8204887490926687,0.17811511461113907,0.2900257252818325,0.0037750065806394137,25.029121045308813,0.008128937703440963,9.259086020134,32.37734509722305,1.0527736851925433,0.0,1.9149652038879623,0.0,0.06982824953215097,1.5998064360029034,0.004992269804025877,31.142621720168727,0.7169038873584328,-0.803921568627451,-0.41956602065488396,0.20467886650291764,1.7940995862848264,-0.17512656834690732,-0.812488152979874,-1.1966754658790937,-0.599274988596105,-0.020917784068005343,1.3591992855857,Software—Infrastructure,Technology,NTCT
2018Q3,2018,Q3,2018-02-01,2017-12-31,89685000.0,268944000.0,38261000.0,1.02,204435000.0,0.7601396573264323,3359019000.0,2331348000.0,713507000.0,419325000.0,1027671000.0,36592000.0,379676000.0,2655544500.0,2671527500.0,26.732576539387686,1.7015608418291301,0.089311790138728,0.12868091764935993,0.0370956591760836,26.732576539387686,0.038469160331276155,9.873968186685705,7.402420973406924,1.1390596770623689,0.0,1.7629263226934848,0.0,0.08006623362356688,1.5018088594765397,0.026699759661972737,36.86566573653742,0.7601396573264323,35.0,2.8510228003649125,0.40470900063218745,2.094252223946476,0.1194557003614062,37.339141004862235,31.88054882970137,1.4037334462910318,0.03452495825035961,1.5491707100421854,Software—Infrastructure,Technology,NTCT
2018Q2,2018,Q2,2017-11-06,2017-09-30,-2468000.0,256863000.0,-1239000.0,-0.03,182620000.0,0.7109626532431685,3317925000.0,2232357000.0,636876000.0,397692000.0,1085568000.0,36956000.0,289991000.0,2865854150.0,2969931150.0,25.199031482463962,1.6014302525572555,0.09041795700626144,0.13438710743846077,-0.00026468921765805307,25.199031482463962,-0.0011055579371937374,11.157131038724923,-290.30127127228525,1.283779498530029,0.0,2.0089565970343113,0.0,0.07741675896833111,1.3133631051165224,-0.0007438383929715108,196.3048256729913,0.7109626532431685,0.888888888888889,-1.1172129724929916,0.42993995370614846,1.982148715692039,0.1471537872030353,0.8981091569647428,0.9630755476084041,-1.1018330009100197,0.1491722570667304,1.5075546933269925,Software—Infrastructure,Technology,NTCT
2018Q1,2018,Q1,2017-08-03,2017-06-30,-24222000.0,225756000.0,-33555000.0,-0.27,159194000.0,0.7051595527915094,3409830000.0,2317519000.0,704898000.0,402247000.0,1092311000.0,41013000.0,292459000.0,3136592000.0,3313575000.0,25.416966440008775,1.7524008880115949,0.08798092573530059,0.12944877690323142,-0.008463104206262353,25.416966440008775,-0.010451694247166906,13.893725969630928,-32.37337957228965,1.3534266601482015,0.0,1.6229488211055032,0.0,0.0662074062343284,1.4576516419016177,-0.007103579943868169,63.631590692390404,0.7051595527915094,-2.125,-3.2142127410795065,0.353447331867158,2.1023709234370416,-0.2956111202063689,-2.0857014791573287,-1.8681534759773357,-1.9509569987884343,-0.05691135180356538,1.5305104339571438,Software—Infrastructure,Technology,NTCT
2017Q4,2017,Q4,2017-05-24,2017-03-31,22310000.0,318920000.0,38651000.0,0.24,226003000.0,0.7086510723692462,3601513000.0,2436250000.0,854466000.0,460187000.0,1165263000.0,40002000.0,316681000.0,3486921900.0000005,3619933900.0000005,26.51498661326484,1.8567799611896902,0.0832983248984524,0.12314007183170857,0.008551058920209714,26.51498661326484,0.009157516675218061,10.93353160667252,39.07353092783505,1.4312660441251925,0.0,2.322808859557022,0.0,0.0885516725887148,1.6018401215158187,0.00619461876161491,39.713467802555755,0.7086510723692462,0.04347826086956513,-0.21774097146745044,0.6183159498151365,2.23033512562729,0.024891843601766783,0.050129442221699225,0.15853366105149572,-0.3995236592760008,0.2744549170461545,1.6724884530320383,Software—Infrastructure,Technology,NTCT
2017Q3,2017,Q3,2017-02-02,2016-12-31,21245000.0,302192000.0,33362000.0,0.23,220514000.0,0.7297148832530311,3512897000.0,2397885000.0,745630000.0,453021000.0,1115012000.0,54151000.0,294371000.0,2890503000.0,3060540000.0,26.13156862317735,1.645906039675865,0.08539960038680326,0.12511025341081827,0.00858154140174818,26.13156862317735,0.008859891112376115,9.565120850320326,34.013920922570016,1.2054385427157681,0.0,1.5083377961625823,0.0,0.08602358680029616,1.4210334620249392,0.006047715034058784,40.00308620618072,0.7297148832530311,24.0,-0.04161864137348665,0.641645782974947,2.3315252734619603,0.17583636383026374,17.78120063191153,40.44347826086957,-0.4454241835996267,0.2353880692301111,1.736364264266052,Software—Infrastructure,Technology,NTCT
2017Q2,2017,Q2,2016-11-01,2016-09-30,-1266000.0,272048000.0,805000.0,-0.01,187538000.0,0.6893562900664588,3459785000.0,2373952000.0,665058000.0,422578000.0,1085833000.0,52860000.0,273126000.0,2688630750.0,2892504750.0,25.82656469282738,1.5738112253832428,0.08671059039795825,0.1263715525840455,0.00023454307447438215,25.82656469282738,-0.0005332879519046721,9.882927828912544,-530.9302428909953,1.1325548073423557,0.0,1.5987514188422247,0.0,0.07863147565527916,1.2667933493934846,-0.00036591869147938386,363.475834797891,0.6893562900664588,0.9,-1.0825442144496045,0.7221422432996859,2.461299775107908,0.030893039721193064,0.859302067126028,1.0748558675841546,-1.057684088002653,0.33018232973218314,1.7927102168190427,Software—Infrastructure,Technology,NTCT
2017Q1,2017,Q1,2016-08-02,2016-06-30,-8998000.0,268952000.0,-10754000.0,-0.1,181918000.0,0.6763957880960171,3494458000.0,2391652000.0,668939000.0,424580000.0,1102806000.0,58842000.0,274392000.0,2076904000.0,2274777000.0,25.62191463832705,1.5755311131000047,0.08585022341089805,0.12543630929583402,-0.002632146167691363,25.62191463832705,-0.003762253036813048,7.722210654689313,-57.70460102244943,0.8683972417391828,0.0,1.4791135583426804,0.0,0.07696529762269284,1.2149418248622168,-0.0025749343675042025,73.6360219819181,0.6763957880960171,-1.5,-2.712065920507673,0.9395601574466889,2.3804891262176024,-0.016850774984327375,-1.4883849557522124,-1.18488419341731,-1.759809937850947,0.458348471264674,1.8407199181689033,Software—Infrastructure,Technology,NTCT
2016Q4,2016,Q4,2016-05-31,2016-03-31,-3616000.0,285887000.0,-4922000.0,-0.04,185036000.0,0.6472347465956829,3592843000.0,2443382000.0,740478000.0,457056000.0,1149461000.0,58029000.0,283390000.0,2215134920.0,2432426920.0,25.336824422414868,1.6201034446544844,0.0834993346494684,0.12278063765714899,-0.0008176953917678566,25.336824422414868,-0.0014799159525608358,7.748288379674487,-153.148155420354,0.9065855932473922,0.0,1.7379413741405159,0.0,0.07957124761644191,1.281928253868235,-0.0010064453136415924,93.75835604842123,0.6472347465956829,0.84,-1.1483284152496238,0.6198064996995617,2.3782538279011156,-0.0819987696215594,0.8524503203166442,-3.184642698624057,-1.1069701656204622,0.25491413188062384,1.8284497289492099,Software—Infrastructure,Technology,NTCT
2016Q3,2016,Q3,2016-02-02,2015-12-31,-24507000.0,307679000.0,2253000.0,-0.25,201564000.0,0.6551113335651767,3635114000.0,2529297000.0,753872000.0,433127000.0,1105817000.0,63427000.0,287006000.0,3033067900.0,3180297900.0,25.60094942154114,1.7405333770464553,0.06877363405934449,0.09884169395685836,0.030563495843622435,25.60094942154114,-0.009689253575202911,9.857897029046507,-30.94083221120496,1.1991742764886844,0.0,1.6730256830687247,0.0,0.08464081181498022,1.392730076859674,-0.006741741799569422,69.54823095090688,0.6551113335651767,-1.777777777777778,-1.9408447427616837,0.7177437243217633,2.548769124942764,0.2525493559031338,-2.0962728995578015,1.0638786504111142,-1.928899988281181,0.41855078975162674,1.9632682269151516,Software—Infrastructure,Technology,NTCT
2016Q2,2016,Q2,2015-11-05,2015-09-30,-7915000.0,261110000.0,-35270000.0,-0.09,160923000.0,0.6163034736318027,3604071000.0,2573620000.0,697543000.0,374224000.0,1030451000.0,71066000.0,311513000.0,3233171700.0,3370770700.0,28.154687670933157,1.86397184573945,0.06936600305598863,0.09713943783464536,-0.002738842061454276,28.154687670933157,-0.0030754346018448723,12.382412393244227,-102.1216582438408,1.2562739254435387,0.0,1.4097740128894267,0.0,0.07244862823179676,1.2927257471460942,-0.0021961276567526,-398.71398446170923,0.6163034736318027,-1.473684210526316,-1.4400991721357321,0.7251663347059183,3.111028040308666,1.0255390386043526,-2.0320771938975093,-3.8468802970376945,-1.3643070149671073,0.408723779158809,2.33193225053164,Software—Infrastructure,Technology,NTCT
2016Q1,2016,Q1,2015-08-06,2015-06-30,7669000.0,100743000.0,12389000.0,0.19,79447000.0,0.7886106230705856,641752000.0,446394000.0,307893000.0,148818000.0,195358000.0,12710000.0,319428000.0,1495255920.0,1400903920.0,10.947469099470277,2.0689231141394187,0.0,0.0,0.017384763726074358,10.947469099470277,0.017179890410713404,14.842281051785235,48.743510236015126,3.3496326563529077,0.0,1.675531077891424,0.0,0.1569812014610005,1.7854359015710466,0.011950099103703612,258.38187662001036,0.7886106230705856,-0.62,0.10060840684424054,0.5461913112907495,0.6597130373145386,-0.17240122087148557,-0.6322528052172245,-0.5949718843991108,0.567628139884954,0.3505538505765098,0.3362377410217155,Software—Infrastructure,Technology,NTCT
2015Q4,2015,Q4,2015-05-20,2015-03-31,20854000.0,119385000.0,30588000.0,0.5,95997000.0,0.8040959919587888,669049000.0,435750000.0,337284000.0,187633000.0,233299000.0,12130000.0,311759000.0,1801051050.0,1696158050.0,10.609159301731065,1.7975729216076064,0.0,0.0,0.048851092396971295,10.609159301731065,0.047857716580608146,15.08607488377937,21.591194135417666,4.133220998278829,0.0,1.9281121187139323,0.0,0.1784398452131309,1.5376346378302324,0.031169615379441566,39.67946794448116,0.8040959919587888,0.19047619047619052,2.0099549940077055,0.6909176796983895,0.6623638945896251,0.00152319746272861,0.18293720574054115,0.09481370127778374,0.6357404671889435,0.3552060680066129,0.29251960205072436,Software—Infrastructure,Technology,NTCT
2015Q3,2015,Q3,2015-01-27,2014-12-31,17629000.0,122833000.0,27939000.0,0.42,95851000.0,0.7803359032181906,638928000.0,432118000.0,315244000.0,168917000.0,206810000.0,10274000.0,290905000.0,1505667240.0,1398963240.0,10.486773770810077,1.8662656807781337,0.0,0.0,0.0415583093529614,10.486773770810077,0.040796726819988985,12.257839831315689,21.35213625276533,3.4843890789090013,0.0,2.6262409966906755,0.0,0.19224857886960658,1.646287821829656,0.027591528309919115,63.58660585328772,0.7803359032181906,0.5555555555555554,1.037896593448086,0.7150101735921529,0.6775869144842606,0.1688576167016243,0.5693937505563963,0.49855181291568335,0.7709720721947955,0.4859834201986687,0.33696343906214965,Software—Infrastructure,Technology,NTCT
2015Q2,2015,Q2,2014-10-28,2014-09-30,11233000.0,103599000.0,18644000.0,0.27,82004000.0,0.7915520420081275,591541000.0,412622000.0,264226000.0,145455000.0,178919000.0,14505000.0,273276000.0,1880548000.0,1801562000.0,10.04924500730638,1.816548073287271,0.0,0.0,0.0280401223948227,10.04924500730638,0.027223463605915342,18.152182936128728,41.85320039170302,4.557556310618435,0.0,1.488796966563254,0.0,0.17513409890438703,1.5094359080127875,0.018989385351142186,-1360.7438494934877,0.7915520420081275,0.0,0.5595642753237348,0.7074790198749081,0.6769983519585449,-0.03814394294829689,-0.021174625304984315,-0.048872564024079176,0.6395891584678131,0.46813296977421515,0.346808989019511,Software—Infrastructure,Technology,NTCT
2015Q1,2015,Q1,2014-07-29,2014-06-30,11476000.0,107852000.0,19602000.0,0.27,85256000.0,0.7904906724029225,588137000.0,412626000.0,246794000.0,141690000.0,175511000.0,11026000.0,262043000.0,1821531540.0000002,1732557540.0000002,10.044205350405297,1.7417884113204884,0.0,0.0,0.027999229337516925,10.044205350405297,0.027812110724966435,16.889177205800543,39.68132493900314,4.4144856116677085,0.0,2.0493379285325592,0.0,0.18337904263802482,1.4878890535676477,0.019512460532154923,69.35468854706062,0.7904906724029225,-0.325,1.1501511121554275,0.8226246058171207,0.7404935687518522,-0.03153398764085787,-0.3118253777884385,-0.24564171637483162,3.9614707344356406,0.7672666412645178,0.3252064667232371,Software—Infrastructure,Technology,NTCT
2014Q4,2014,Q4,2014-05-20,2014-03-31,16676000.0,112317000.0,25985000.0,0.4,88032000.0,0.783781618098774,607763000.0,409161000.0,278762000.0,162964000.0,198602000.0,12580000.0,250567000.0,1549799200.0,1447723200.0,9.921459747817654,1.7105741145283622,0.0,0.0,0.040866661736836236,9.921459747817654,0.040756572596117424,13.798438348602616,23.233976972895178,3.7877490767692907,0.0,1.9304451510333864,0.0,0.18480394495880795,1.4593898038830662,0.027438327111061384,34.09974256859337,0.783781618098774,-0.02439024390243891,1.8726712142134538,0.6611903377496559,0.7716845314767657,0.013889848662842928,-0.035734936972360354,-0.04691167840375587,0.5995887941729512,0.4881090453445123,0.32286543935553236,Software—Infrastructure,Technology,NTCT
2014Q3,2014,Q3,2014-01-28,2013-12-31,17294000.0,110428000.0,27264000.0,0.41,86826000.0,0.7862679755134567,577877000.0,395598000.0,248601000.0,150791000.0,182279000.0,11128000.0,233891000.0,1225765750.0,1137117750.0,9.549740494870248,1.6486461393584497,0.0,0.0,0.04364565809735998,9.549740494870248,0.04371609563243495,11.100135382330569,17.719523389614896,3.0985135162462902,0.0,2.120956146657081,0.0,0.19109256814166337,1.4540257707688125,0.02992678372733298,39.85970831165453,0.7862679755134567,0.7083333333333333,1.069446102327336,0.45529426465310024,0.7268019097464076,0.19937010484439102,0.7498735201861783,0.7166603702304496,0.5834505549718318,0.470350799255257,0.32377216412511667,Software—Infrastructure,Technology,NTCT
2014Q2,2014,Q2,2013-10-29,2013-09-30,9883000.0,92097000.0,15882000.0,0.24,72393000.0,0.7860516629206163,541401000.0,382787000.0,223057000.0,128096000.0,158614000.0,10728000.0,216597000.0,1056737760.0,961820760.0,9.247849826053343,1.7413268173869598,0.0,0.0,0.025914807005523392,9.247849826053343,0.025818536157184022,11.474182220919248,26.731199028635032,2.7606417145827837,0.0,1.8366890380313199,0.0,0.1701086625255587,1.5042077816637522,0.018254491587566334,242.37104587155963,0.7860516629206163,1.0,0.8939424958040522,0.2666391075730352,0.7490807032080375,0.11574680578888152,0.8814011041309727,0.7879094900371496,0.21357249647288898,0.34378642961864025,0.3503317952526533,Software—Infrastructure,Technology,NTCT
2014Q1,2014,Q1,2013-08-02,2013-06-30,5253000.0,81805000.0,8883000.0,0.12,64883000.0,0.7931422284701424,539657000.0,373453000.0,229241000.0,132682000.0,166204000.0,10940000.0,206714000.0,983368750.0,880641750.0,9.019514551382683,1.7277475467659518,0.0,0.0,0.014182578693239703,9.019514551382683,0.014066027050257997,12.020888087525213,46.80034028174377,2.6331794094571475,0.0,1.546800731261426,0.0,0.151587026574287,1.5072278078413048,0.009733960645372894,60.578374299266926,0.7931422284701424,-0.6470588235294118,2.30129908409985,0.2698614306606854,0.7532593955695773,-0.15776834508093512,-0.6390434961863534,-0.593715697036224,-0.2575737473179011,0.23645988116683783,0.36742161637180454,Software—Infrastructure,Technology,NTCT
2013Q4,2013,Q4,2013-05-24,2013-03-31,14553000.0,98077000.0,21864000.0,0.34,77037000.0,0.785474678059076,552176000.0,371903000.0,237312000.0,145171000.0,180273000.0,7563000.0,201461000.0,997238340.0,897308340.0,8.957848592142978,1.6347066562881016,0.0,0.0,0.03952344109133583,8.957848592142978,0.03913117130004329,10.167912354578545,17.131147186147185,2.6814474204295204,0.0,2.7819648287716516,0.0,0.1776190924632726,1.4546155912682286,0.026355727159456405,40.214466489233004,0.785474678059076,0.30769230769230776,3.779277177053724,0.595117684772585,0.7683004568842391,0.06400287280913775,0.30660800861914167,0.24496071062521352,1.0780386611063384,0.374264523792637,0.40361772778256216,Software—Infrastructure,Technology,NTCT
2013Q3,2013,Q3,2013-02-01,2012-12-31,11138000.0,91567000.0,17562000.0,0.26,72403000.0,0.7907106271910186,532120000.0,360342000.0,219541000.0,140362000.0,171778000.0,7427000.0,186908000.0,1084016910.0,993180910.0,8.639430338775803,1.564105669625682,0.0,0.0,0.031093657649512184,8.639430338775803,0.030909524840290612,11.83851070800616,24.331498249236848,3.0083001981450956,0.0,2.5803150666487142,0.0,0.17207960610388634,1.3398783146435644,0.020931368864165977,158.29686185747664,0.7907106271910186,0.13043478260869565,4.137685080406472,0.490859897163038,0.5750074191312269,0.07098692385065973,0.12391523713420786,0.03997157576834251,0.27201537245885604,0.263052224650001,0.3820642651099196,Software—Infrastructure,Technology,NTCT
2013Q2,2013,Q2,2012-11-02,2012-09-30,9910000.0,84545000.0,16887000.0,0.23,67604000.0,0.7996215033414158,561771000.0,352321000.0,286283000.0,120011000.0,209450000.0,8343000.0,175770000.0,1060303850.0,1031521850.0,8.449958028540593,2.3854729983084884,0.11036525559347136,0.17597588562702762,0.0240840906238373,8.449958028540593,0.028127758492965223,12.541295759654622,26.748331231079717,3.0094824038305976,0.0,2.030564545127652,0.0,0.1504972666798393,2.157177258751281,0.01764064004727905,57.57827043171328,0.7996215033414158,0.9166666666666669,1.3615770497839386,1.2119006812771072,0.8622792440226942,0.13623987360919695,0.9788338658146964,1.0553797468354431,0.3549277600461154,0.3722167242604124,0.41011246891469266,Software—Infrastructure,Technology,NTCT
2013Q1,2013,Q1,2012-08-03,2012-06-30,5008000.0,76361000.0,8216000.0,0.12,59498000.0,0.779167376016553,556626000.0,341982000.0,270708000.0,125558000.0,214644000.0,7494000.0,165860000.0,901209780.0,902701780.0,8.192755498059508,2.1560394399401073,0.11138538264472016,0.18129609160716062,0.01295806606554901,8.192755498059508,0.01464404559304291,11.80196409161745,44.98850738817892,2.635255013421759,0.0,2.2502001601281023,0.0,0.1371854710344109,1.9779783048471622,0.008997064456205782,26.979905397718767,0.779167376016553,-0.6,0.43880568409926785,1.106460255884875,0.8580351101676766,-0.15608067856231028,-0.6131922453077933,-0.5981020398180307,-0.07655610022365046,0.2700136423471402,0.4196681327461673,Software—Infrastructure,Technology,NTCT
2012Q4,2012,Q4,2012-05-25,2012-03-31,12947000.0,89462000.0,20443000.0,0.3,70502000.0,0.78806644161767,567757000.0,342369000.0,289687000.0,134091000.0,225388000.0,8021000.0,160852000.0,848401740.0,872763740.0,8.208122557598715,2.160376162456839,0.10920164788809297,0.18109116187505295,0.03253178895560949,8.208122557598715,0.0378159237547792,9.48337551139031,16.38220707499807,2.4780331747325253,0.0,2.363795038025184,0.0,0.15757093263491248,1.9887017025751168,0.0228037699226958,40.42318181818182,0.78806644161767,0.25,3.8008581621801176,1.523393457702757,0.906038415695902,0.06727421356989312,0.2906988336157911,0.17178722916427835,1.2051149758539181,0.3082193216574632,0.4657322750275621,Software—Infrastructure,Technology,NTCT
2012Q3,2012,Q3,2012-02-03,2011-12-31,10031000.0,83297000.0,17446000.0,0.24,66058000.0,0.7930417662100676,530892000.0,325695000.0,236665000.0,120096000.0,205197000.0,9414000.0,147905000.0,730804800.0,751209800.0,7.843725164366736,1.9706318278710364,0.11678458142145672,0.1903621486359938,0.027236230372791527,7.843725164366736,0.030798753434962158,8.773482838517594,18.213657661250128,2.2438318058306086,0.0,1.8312088379009985,0.0,0.1569000851397271,1.777927657873701,0.018894615100623104,30.584005021971123,0.7930417662100676,0.4117647058823528,2.8660840854607077,1.4024239812997255,0.834480198180989,0.1579574736620681,0.4226350872216707,0.5167796904886107,0.19750321869731222,0.09515291935476235,0.4183170318219694,Software—Infrastructure,Technology,NTCT
2012Q2,2012,Q2,2011-11-04,2011-09-30,7051000.0,72624000.0,11502000.0,0.17,57047000.0,0.7855116765807446,500151000.0,315309000.0,242709000.0,122406000.0,184842000.0,8963000.0,137874000.0,482586360.0,439333360.0,7.461522078659662,1.9828194696338415,0.12117540502768163,0.19221144972075013,0.020225167512615425,7.461522078659662,0.02236219073987739,6.644998347653668,17.110564458941994,1.5305188243913113,0.0,1.7379225705678902,0.0,0.14520414834719914,1.814094080355538,0.014097742481770505,50.67055438891222,0.7855116765807446,1.8333333333333337,1.294885829996605,1.1695432998615702,0.7874163983145962,0.15479757085020243,1.9391413088786995,1.679869524697111,0.3235372863912282,-0.021648202640253664,0.41122580165361133,Software—Infrastructure,Technology,NTCT
2012Q1,2012,Q1,2011-08-05,2011-06-30,2399000.0,63296000.0,4292000.0,0.06,49400000.0,0.7804600606673407,506470000.0,322941000.0,246264000.0,118175000.0,183529000.0,9591000.0,130823000.0,890081120.0,914964120.0,7.579351295531356,2.0838925322614767,0.12706774340039884,0.19928098321365204,0.0068290678016776135,7.579351295531356,0.007428601509254012,14.062201718907987,92.7554314297624,2.75617255164256,0.0,1.4488583046606194,0.0,0.12497482575473375,1.8883266342288978,0.004736707011274113,340.76612557427256,0.7804600606673407,-0.7626515643858509,0.2899922163717471,0.9836641235357154,0.8378430871043875,-0.19796080723458834,-0.7772723052641352,-0.7468294697103758,0.4651070510027441,-0.04519564963641296,0.473313091908663,Software—Infrastructure,Technology,NTCT
2011Q4,2011,Q4,2011-05-27,2011-03-31,10771000.0,77980000.0,16953000.0,0.25279290274126925,61593000.0,0.7898563734290844,527570000.0,319559000.0,283726000.0,136590000.0,208011000.0,8925000.0,128424000.0,1164050560.0,1164988560.0,7.499976530229065,2.077209166117578,0.12909376954716908,0.21312496283941307,0.028590422401175618,7.499976530229065,0.033705825841237456,14.927552705822006,27.01816358741064,3.6426780657093056,0.0,1.8360784313725491,0.0,0.14780976931971113,1.9283915367157185,0.020416248080823398,60.71617775923222,0.7898563734290844,-0.027719604841272134,3.4112641786558515,1.2318833879655726,0.8650556609206893,0.022392271429519953,-0.029727051616971444,0.04358264081255771,3.0043343646210876,0.23578694430791378,0.4805130705890195,Software—Infrastructure,Technology,NTCT
2011Q3,2011,Q3,2011-02-04,2010-12-31,11101000.0,76336000.0,16245000.0,0.26,60244000.0,0.7891951372877803,504408000.0,303747000.0,259043000.0,126856000.0,200661000.0,8948000.0,117653000.0,968836050.0000001,919210050.0000001,7.21403633772711,2.042024027243489,0.14245610696103156,0.23656529941036455,0.030285957343274154,7.21403633772711,0.03654686301428491,12.691731948228885,21.818666111161157,3.18961520607611,0.0,1.7983907018328118,0.0,0.15133780590315776,1.9130431355237434,0.02200797766887123,77.18579110898662,0.7891951372877803,0.368421052631579,3.346109843366701,1.2638556600769608,0.8099824512323821,0.09323848582731463,0.34590203685742,0.22124492557510148,4.0978497322144,0.23118510321712374,0.3151516139676946,Software—Infrastructure,Technology,NTCT
2011Q2,2011,Q2,2010-11-09,2010-09-30,8248000.0,69413000.0,13302000.0,0.19,55106000.0,0.7938858715226255,479170000.0,287106000.0,229817000.0,113676000.0,192064000.0,11412000.0,106552000.0,859820220.0000001,820133220.0000001,6.848575926721053,2.0216844364685596,0.1551766596406286,0.2589844865659373,0.0236394803098962,6.848575926721053,0.02872806559249894,12.387020010660828,26.06147611542192,2.994783181124742,0.0,1.2536803364879074,0.0,0.1448609053154413,1.8363770716773988,0.017213097648016363,138.39050700144858,0.7938858715226255,0.11764705882352934,3.1906699459604257,1.1682476355716693,0.7545779131278831,0.05494295122137989,0.1543736878936319,0.15019455252918287,0.9548754919181616,0.8061777720603356,0.5093519703137347,Software—Infrastructure,Technology,NTCT
2011Q1,2011,Q1,2010-08-06,2010-06-30,7145000.0,66811000.0,11565000.0,0.17,52236000.0,0.7818473005942135,472446000.0,275792000.0,219531000.0,115100000.0,196654000.0,9964000.0,98304000.0,594566640.0,573359640.0,6.596001147995791,1.9073066898349262,0.16267679269165153,0.2786737831409178,0.02106233060741857,6.596001147995791,0.025907205430179266,8.899232761072279,20.803591322603218,2.1558516563207055,0.0,1.4627659574468086,0.0,0.14141510352505895,1.7540747176368374,0.015123421512723147,27.322578925600844,0.7818473005942135,0.007803771444775329,7.08291599147572,1.0968871452506588,0.7051474073680212,-0.07145904436860068,0.013044094711470297,0.002513869625520111,1.0493322276972548,0.8399327359411987,0.4959071734272158,Software—Infrastructure,Technology,NTCT
2010Q4,2010,Q4,2010-05-28,2010-03-31,7053000.0,71874000.0,11536000.0,0.1686836314933512,56256000.0,0.7827030636947993,482601000.0,266843000.0,218784000.0,127610000.0,215758000.0,9181000.0,91159000.0,618399480.0,634433480.0,6.381971682770496,1.714473787320743,0.16443397340660296,0.29738835195227153,0.02136538076235187,6.381971682770496,0.02643127232117762,8.60393855914517,21.91973202892386,2.3174656258549033,0.0,1.7011218821479142,0.0,0.14893048294553887,1.5575033304599952,0.014614557367266127,34.36698232744248,0.7827030636947993,-0.1565818425332441,7.528201959434346,1.342820809515614,0.6757912514933471,0.017103597902730066,-0.1742184755883386,-0.1662330153223475,1.6089951473514472,1.022403672813299,0.48198118508633053,Software—Infrastructure,Technology,NTCT
2010Q3,2010,Q3,2010-02-05,2009-12-31,8541000.0,70715000.0,13836000.0,0.2,55310000.0,0.7821537156190341,461476000.0,254320000.0,196666000.0,120168000.0,207156000.0,8728000.0,84106000.0,594800080.0,610132080.0,6.251106085930587,1.6365921043871912,0.17737867191359896,0.32186222082415855,0.027094346228986457,6.251106085930587,0.03358367411135577,8.411229300714135,17.410141669593724,2.338786096256684,0.0,1.7650091659028415,0.0,0.15323657134932261,1.4445276612742162,0.018508004749976163,71.25060852898898,0.7821537156190341,0.1764705882352941,6.095389615716935,1.4192713854452499,0.6386597220943097,0.1813832286727327,0.20533446232006775,0.18448762948377706,2.359702826002141,1.0815982665698416,0.46200052794610647,Software—Infrastructure,Technology,NTCT
2010Q2,2010,Q2,2009-11-06,2009-09-30,7086000.0,59691000.0,11681000.0,0.17,46818000.0,0.7843393476403477,429518000.0,242063000.0,168738000.0,102358000.0,187455000.0,7414000.0,75565000.0,545736450.0,545394450.0,5.992400049511078,1.6485081771820473,0.1963968913991963,0.34848779036862304,0.023123709268789084,5.992400049511078,0.029273370981934454,9.142692365683269,19.254037891617273,2.2545223764061424,0.0,1.736309684380901,0.0,0.13897205704999557,1.43700541237617,0.01649756238388147,93.6725798146241,0.7843393476403477,0.30769230769230776,4.067199765606968,1.2020641037730353,0.5886046391696194,0.020133350764805855,0.35306473171663166,0.3198870056497175,1.4126417784241603,0.8654273410122882,0.43548648665009854,Software—Infrastructure,Technology,NTCT
2010Q1,2010,Q1,2009-08-10,2009-06-30,5237000.0,58062000.0,8850000.0,0.13,45894000.0,0.7904309186731425,427415000.0,232619000.0,163595000.0,106828000.0,194796000.0,7260000.0,68479000.0,378098420.00000006,392365420.00000006,5.77089483738123,1.5313869023102558,0.2105681831475264,0.386898748597492,0.017668185195468734,5.77089483738123,0.02251320829338962,6.51197719678964,18.049380370441092,1.625397839385433,0.0,1.6760330578512397,0.0,0.13584455388790753,1.3894390983637248,0.01225272861270662,48.25145737621236,0.7904309186731425,-0.07645928798026083,12.319345096169132,1.1823153414096141,0.5421738665641288,-0.09400663297536324,-0.07701797673598872,-0.1172069825436409,1.97665526529539,0.9234149598382191,0.39932809151366183,Software—Infrastructure,Technology,NTCT
2009Q4,2009,Q4,2009-06-01,2009-03-31,5674000.0,66086000.0,10025000.0,0.14076260884665956,50656000.0,0.766516357473595,436734000.0,225731000.0,169185000.0,117465000.0,211003000.0,6850000.0,63242000.0,288612440.0,298890440.0,5.600014885013272,1.440301366364449,0.21179940192428343,0.40977978213005745,0.019564787639172177,5.600014885013272,0.02513611333844266,4.367225130890052,12.716445188579485,1.2785680300889113,0.0,2.2525547445255474,0.0,0.15131865162776426,1.3161367215766397,0.012991889800198749,15.469391649246932,0.766516357473595,-0.29618695576670223,25.214349797531582,1.556541976165597,0.5074373472211976,-0.09581607882336142,-0.284940138626339,-0.24430875923413237,1.456323129984946,0.9993409438468861,0.3925829528182715,Software—Infrastructure,Technology,NTCT
2009Q3,2009,Q3,2009-02-06,2008-12-31,7935000.0,72050000.0,13266000.0,0.2,56024000.0,0.7775711311589174,432998000.0,217529000.0,158172000.0,120880000.0,215469000.0,7955000.0,57568000.0,339059079.99999994,370855079.99999994,5.530304571108965,1.308504301786896,0.2194005515037021,0.43672337941148076,0.028070590482156,5.530304571108965,0.036477894901369476,4.705885912560721,10.682390674228103,1.5586844972394482,0.0,2.0145820238843495,0.0,0.1663979972193867,1.1605476505625414,0.018325719749282907,30.874073939173186,0.7775711311589174,0.6666666666666669,32.09093278080032,1.926725075740298,0.4815480909012788,0.08752790449383675,0.6056252529340348,0.462462793517804,2.325455075011663,1.2872776042899838,0.3875386475847963,Software—Infrastructure,Technology,NTCT
2009Q2,2009,Q2,2008-11-07,2008-09-30,4942000.0,68861000.0,9071000.0,0.12,51515000.0,0.7481012474404961,404591000.0,207266000.0,127100000.0,101246000.0,197325000.0,7285000.0,49633000.0,417098640.0,448538640.0,5.287263080023469,1.2553582363747704,0.23789456512873494,0.46437910704119345,0.01932468655201761,5.287263080023469,0.02384375633244237,6.057109829947285,21.099688385269122,2.012383314195285,0.0,2.381056966369252,0.0,0.17019904051251758,1.0814451928965094,0.012214804580428135,5488.14,0.7481012474404961,1.9999999999999996,0.0,2.0145751713048794,0.42580545705162637,0.13797521482692351,2.3012692050768204,1.259277708592777,1.6852355863391886,1.3003093235583747,0.35457577171773635,Software—Infrastructure,Technology,NTCT
2009Q1,2009,Q1,2008-08-07,2008-06-30,1497000.0,60607000.0,4015000.0,0.04,45269000.0,0.7469269226326992,415533000.0,200396000.0,134705000.0,115999000.0,215137000.0,12590000.0,44691000.0,416028720.0,444820720.0,5.144426759767931,1.1612600108621627,0.23463840417006593,0.48653665741831176,0.008915754967960241,5.144426759767931,0.007470208986207309,6.864367482304024,69.4770741482966,2.076033054551987,0.0,1.2182684670373312,0.0,0.14585363857984804,0.9424736420141553,0.003602601959411166,42.82333710756562,0.7469269226326992,1.3171504172603299,3.0913686377019935,1.9954532587109328,0.38716568105334237,0.15623722926031874,1.3047018115204558,1.430516834655801,0.8177598810111406,1.0417320881129186,0.3298975780921977,Software—Infrastructure,Technology,NTCT
2008Q4,2008,Q4,2008-06-16,2008-03-31,-4913000.0,57690000.0,-9326000.0,-0.1261231195769369,39152000.0,0.6786618131391923,420937000.0,197333000.0,135932000.0,122936000.0,223604000.0,12083000.0,43194000.0,362272200.0,404320200.0,5.065795553730041,1.1057135420055964,0.23459567583747687,0.5004231426066598,-0.013743277389412835,5.065795553730041,-0.024897001515205262,6.279635985439418,-18.43436800325667,1.8358419524357306,0.0,1.5342216337002401,0.0,0.13705138773735737,0.8480103468471399,-0.011671580307742013,18.135372446936323,0.6786618131391923,-0.40136799529929884,-9.70265116409939,1.511066546307172,0.36113718512401877,0.028745598822849334,-0.581777205408886,-2.814314928425358,-7.376454111070055,1.0184438771233864,0.33018701629672853,Software—Infrastructure,Technology,NTCT
2008Q3,2008,Q3,2008-02-08,2007-12-31,-3106000.0,53741000.0,-2445000.0,-0.09,38058000.0,0.7081743919912171,410790000.0,200187000.0,157354000.0,106904000.0,210603000.0,10197000.0,48107000.0,466041150.0,513544150.0,5.485326757090013,1.4719187308239168,0.24343338445434407,0.4995329367041816,-0.006678492827819832,5.485326757090013,-0.01551549301403188,8.67198507657096,-37.51136107533805,2.32802904284494,0.0,1.5380013729528292,0.0,0.13082353513960904,1.2303468532515154,-0.007561040921151927,124.94400804289545,0.7081743919912171,-1.9,-6.768658586709172,1.428443022097133,0.466489415096795,0.6612684970972107,-1.9553983389726237,-1.684873949579832,-3.876466067655099,1.049599772073385,0.43791896918855316,Software—Infrastructure,Technology,NTCT
2008Q2,2008,Q2,2007-11-09,2007-09-30,3251000.0,29612000.0,3570000.0,0.1,22909000.0,0.7736390652438201,191228000.0,146568000.0,132235000.0,39161000.0,44660000.0,4846000.0,51213000.0,360813340.0,328890340.0,4.537428023032629,3.3767013099767627,0.0,0.0,0.017099020890569624,4.537428023032629,0.022180830740680092,12.184700121572336,27.746334973854196,2.46174703891709,0.0,1.3832026413536938,0.0,0.15485179994561465,3.110160618983172,0.01700064844060493,150.46427856547123,0.7736390652438201,0.25000000000000006,5.233423605218706,0.5263391324571712,0.2098376700373144,0.05217471179901713,0.2130597014925373,0.24868835257082897,1.907247776966749,0.3661143181827681,0.20288684796269357,Software—Infrastructure,Technology,NTCT
2008Q1,2008,Q1,2007-08-07,2007-06-30,2680000.0,27912000.0,2859000.0,0.08,21773000.0,0.7800587560905704,183785000.0,141717000.0,120370000.0,38494000.0,42068000.0,4932000.0,47962000.0,278653800.0,266003800.0,4.409365276913503,3.1269808281810154,0.0,0.0,0.013977855089806805,4.409365276913503,0.018910928117304205,9.983297506448839,25.99382462686567,1.9662693960498743,0.0,1.244728304947283,0.0,0.1518731126044019,2.8409102717306594,0.014582256440950023,57.347972833916444,0.7800587560905704,0.2373435996150145,3.1667063614993034,0.45012603307780413,0.16942722009957595,0.01392381484586011,0.2897016361886429,0.5804311774461028,7.548526124132844,0.31574770886403186,0.1783281605036278,Software—Infrastructure,Technology,NTCT
2007Q4,2007,Q4,2007-06-04,2007-03-31,2078000.0,27318000.0,1809000.0,0.06465463596764157,21474000.0,0.7860751153085878,180419000.0,138407000.0,117580000.0,38087000.0,42012000.0,4562000.0,45282000.0,290867000.0,271942000.0,4.306378344741755,3.087142594586079,0.0,0.0,0.01004800885342684,4.306378344741755,0.015013691504042425,10.647448568709276,34.99362367661213,2.1015338819568377,0.0,1.2810170977641386,0.0,0.15141420803795608,2.812061858376874,0.011517633952078218,52.12670250896058,0.7860751153085878,0.07757726612735948,2.1068160656976387,0.1060766136321084,0.1387695545678907,0.04470931646801265,0.04790721129601614,-0.05287958115183246,12.122058508151133,0.32540472419745614,0.15921040951178428,Software—Infrastructure,Technology,NTCT
2007Q3,2007,Q3,2007-02-05,2006-12-31,1983000.0,26499000.0,1910000.0,0.06,20555000.0,0.7756896486659874,173030000.0,135690000.0,111669000.0,34680000.0,37340000.0,4426000.0,43204000.0,,,,,,,,,,,,,,,,,,,,,,,,,,,,,,,Software—Infrastructure,Technology,NTCT
2007Q2,2007,Q2,2006-11-06,2006-09-30,2302000.0,25080000.0,2594000.0,0.07,19383000.0,0.7728468899521531,168557000.0,132168000.0,114814000.0,33778000.0,36389000.0,4323000.0,41220000.0,,,,,,,,,,,,,,,,,,,,,,,,,,,,,,,Software—Infrastructure,Technology,NTCT
2007Q1,2007,Q1,2006-08-09,2006-06-30,1374000.0,23575000.0,1055000.0,0.04,18452000.0,0.7826935312831389,167830000.0,129825000.0,111501000.0,35654000.0,38005000.0,4386000.0,38919000.0,,,,,,,,,,,,,,,,,,,,,,,,,,,,,,,Software—Infrastructure,Technology,NTCT
