Quarters,Year,Quarter,FillingDate,Date,NetIncome,Revenue,OperatingIncome,EPSDiluted,GrossProfit,GrossProfitRatio,TotalAssets,CommonStockEquity,CurrentAssets,CurrentLiability,TotalLiability,Inventory,RetainedEarnings,MarketCap,EnterpriseValue,bookValuePerShare,currentRatio,debtToAssets,debtToEquity,roic,shareholdersEquityPerShare,roe,priceToSalesRatio,peRatio,pbRatio,payoutRatio,inventoryTurnover,dividendYield,assetTurnover,quickRatio,returnOnAssets,priceToFreeCashFlowsRatio,grossProfitMargin,epsdilutedGrowth,fiveYNetIncomeGrowthPerShare,fiveYRevenueGrowthPerShare,fiveYShareholdersEquityGrowthPerShare,grossProfitGrowth,netIncomeGrowth,operatingIncomeGrowth,threeYNetIncomeGrowthPerShare,threeYRevenueGrowthPerShare,threeYShareholdersEquityGrowthPerShare,Industry,Sector,Symbol
2023Q1,2023,Q1,2023-05-03,2023-03-31,-25992000.0,50935000.0,-20661000.0,-0.0483,28748000.0,0.564405615,1267102000.0,645543000.0,212703000.0,97404000.0,621559000.0,22730000.0,-1008363000.0,661412820.0,1020331820.0,1.2004876016766655,2.183719354441296,0.4014546579517671,0.7879939833597452,-0.01525961815931861,1.2004876016766655,-0.04026377793578429,12.985428879945028,-6.361696098799631,1.0245836760680542,0.0,0.9761108666959964,0.0,0.04019802667819954,1.9382982218389389,-0.02051295002296579,-8.573076085547635,0.5644056149995091,-1.8186440677966105,0.606976912846982,1.8519808867094212,-0.025357632678615974,-0.6446960240263994,-1.836697247706422,-1.6505352644836273,0.7375970579319475,1.5491129794201262,0.8102849405469439,Oil & Gas E&P,Energy,TELL
2022Q4,2022,Q4,2023-02-22,2022-12-31,31065000.0,102533000.0,31760000.0,0.059,80911000.0,0.7891215511,1426683000.0,672543000.0,574291000.0,297541000.0,754140000.0,22184000.0,-980870000.0,885269280.0,1009666280.0,1.2763034542438885,1.930123915695652,0.4195760375640559,0.8900575873958988,0.023505601825668434,1.2763034542438885,0.046190355114840244,8.63399373860123,7.124330275229358,1.316301381473006,0.0,0.9746664262531555,0.0,0.07186810244462155,1.8516305315906043,0.02177428342525985,-11.358197611013459,0.7891215511103742,2.501272264631043,1.3476630833356116,6.323006143783261,0.16733535637365965,0.18563076066409742,2.4669216602918262,5.357250651666895,1.2686761154895463,3.7092037942219336,0.6972836500424799,Oil & Gas E&P,Energy,TELL
2022Q3,2022,Q3,2022-11-02,2022-09-30,-21177000.0,81103000.0,-7289000.0,-0.0393,68243000.0,0.8414361984,1430282000.0,640598000.0,701564000.0,330555000.0,789684000.0,31364000.0,-1011934000.0,1287132110.0,1277175110.0,1.1894887930346172,2.1223820544236207,0.4177784520814776,0.9327862403566667,-0.008401596898151287,1.1894887930346172,-0.033058173768884695,15.870339075003391,-15.194929758700479,2.0092665134764705,0.0,0.41002423160311186,0.0,0.05670420238806054,2.0272178608703544,-0.014806171090735953,-8.34358906045402,0.841436198414362,-3.5697674418604652,0.6690949804037694,0.0,0.4065736047189817,0.22969223007063572,-3.602695066289937,-2.608695652173913,0.7827924672816021,2.5260339008149675,0.28225569661847905,Oil & Gas E&P,Energy,TELL
2022Q2,2022,Q2,2022-08-03,2022-06-30,-4601000.0,61350000.0,4531000.0,-0.0086,55496000.0,0.9045802771,1340942000.0,653734000.0,877707000.0,237941000.0,687208000.0,22173000.0,-997701000.0,1592872580.0,1365913580.0,1.2230277201457005,3.6887589780659913,0.44488352218067595,0.9125469992382222,0.4571448526299862,1.2230277201457005,-0.007038030758687784,25.96369323553382,-86.55034666376874,2.4365760079787804,0.0,0.2640147927659766,0.0,0.045751419524483534,3.5954165108157063,-0.0034311700282338834,-99.71033364632238,0.9045802770986145,0.9522222222222222,0.950169178003428,0.0,0.27999046662105026,6.8251551043429215,0.9490555174170118,1.105622639750105,0.9555392811674464,3.707717455656807,0.10705933045366481,Oil & Gas E&P,Energy,TELL
2022Q1,2022,Q1,2022-05-04,2022-03-31,-90314000.0,146940000.0,-42898000.0,-0.18,7092000.0,0.0482645978,732206000.0,524655000.0,335781000.0,84338000.0,207551000.0,25310000.0,-997666000.0,2604086100.0,2365748100.0,1.067810891506237,3.9813725722687283,0.07837958170241707,0.10938616805329217,-0.09950881679812616,1.067810891506237,-0.17213978709818833,17.72210494079216,-7.208423112695707,4.963425679732396,0.0,5.525404978269458,0.0,0.20068122905302607,3.680357608669876,-0.12334506955692796,-17.19458890180128,0.04826459779501838,-1.3316062176165802,0.7994586873598651,0.0,-0.1926381954792763,-0.46349950828353126,-1.739444309633584,0.13298839888435265,-0.17333996227653978,12.137117927843343,-0.16210168550981174,Oil & Gas E&P,Energy,TELL
2021Q4,2021,Q4,2022-02-23,2021-12-31,-32968000.0,21577000.0,-49478000.0,-0.0772,13219000.0,0.6126430922,621806000.0,418301000.0,327718000.0,88798000.0,203505000.0,12887000.0,-931060000.0,1315788320.0,1066258320.0,0.9791598393273471,3.690601139665308,0.09000556443649627,0.1337936079521684,-0.08303483268398437,0.9791598393273471,-0.07881405973210678,60.981059461463595,-9.977768745450133,3.14555384758822,0.0,0.6485605649103748,0.0,0.03470053360694493,3.5447419986936644,-0.05301975214134312,-32.3838527232901,0.6126430921814896,-0.9014778325123155,-0.7863727875089198,0.0,1.9238588028986607,0.49620826259196377,-1.0692945016319357,-2.4085147423532653,0.4752169964130857,4.877376981949095,-0.28407559701346397,Oil & Gas E&P,Energy,TELL
2021Q3,2021,Q3,2021-11-03,2021-09-30,-15932000.0,15638000.0,-14516000.0,-0.0406,8835000.0,0.564969945,483877000.0,359201000.0,224335000.0,63064000.0,124676000.0,0.0,-889837000.0,1670367640.0,1461842640.0,0.8408184380296064,3.5572592921476596,0.00472640774411679,0.006366908778093602,-0.043450344674094504,0.8408184380296064,-0.04435399678731407,106.81465916357591,-26.210890660306305,4.650231040559464,0.0,0.0,0.0,0.03231813043397392,3.549854116453127,-0.03292572285932169,-64.53781160652191,0.5649699450057553,0.4905897114178168,0.8406489485247415,0.0,0.8653143189884747,4.765984654731458,0.48188617886178864,0.5017676334305817,0.755750190080024,8.95906813180055,-0.4378735178242986,Oil & Gas E&P,Energy,TELL
2021Q2,2021,Q2,2021-08-03,2021-06-30,-30750000.0,25354000.0,-29135000.0,-0.0797,-2346000.0,-0.0925297783,328165000.0,247019000.0,117192000.0,55794000.0,81146000.0,0.0,-873905000.0,1795109250.0000002,1685299250.0000002,0.6398709994948776,2.100440907624476,0.006240763030792437,0.008290860217230253,-0.11659889825556723,0.6398709994948776,-0.12448435140616713,70.8018162814546,-14.594384146341465,7.267089778519061,0.0,0.0,0.0,0.0772599149817927,2.078359680252357,-0.09370286288909542,-69.4997580239266,-0.09252977833872367,-0.11938202247191003,-1.1061945127303066,0.0,-0.7738152121441539,-1.643092105263158,-0.13952195664257921,-0.48617629055294836,0.5411668136281459,15.684118137066562,-0.6170072006217097,Oil & Gas E&P,Energy,TELL
2021Q1,2021,Q1,2021-05-05,2021-03-31,-26985000.0,8706000.0,-19604000.0,-0.0712,3648000.0,0.4190213646,270270000.0,181906000.0,63724000.0,62442000.0,88364000.0,0.0,-843307000.0,834621840.0,794738840.0,0.510003476544539,1.0205310528170142,0.06973026973026973,0.10360295977043088,-0.09105067394842135,0.510003476544539,-0.14834584895495476,95.86742935906271,-7.73227570872707,4.588204017459566,0.0,0.0,0.0,0.03221223221223221,0.9979340828288652,-0.09984459984459984,-70.28394442105264,0.41902136457615435,0.8022222222222223,0.9723799165808347,0.0,-0.8036895749079044,0.21518987341772153,0.7871929340325697,-1.2093907545073912,0.38483106495463987,-0.26507575908344283,-0.5859424162088226,Oil & Gas E&P,Energy,TELL
2020Q4,2020,Q4,2021-02-24,2020-12-31,-126805000.0,8623000.0,93624000.0,-0.36,3002000.0,0.3481386988,292995000.0,109090000.0,84902000.0,119305000.0,183905000.0,0.0,-816322000.0,456545280.0,491292280.0,0.3058518094853593,0.7116382381291647,0.38582228365671767,1.0362453020441837,4.547647529172268,0.3058518094853593,-1.1623888532404436,52.94506320306158,-0.9000932139899845,4.185033275277294,0.0,0.0,0.0,0.029430536357275723,0.6939943841414861,-0.43278895544292567,-32.26696444978444,0.3481386988287139,-1.4,-0.6388397467068072,-0.7540739676014027,-0.9403330096492505,0.9367741935483871,-3.3034344668431412,7.2486818394180075,-1.0966011639810487,-0.09013628746723598,-0.7202611731278011,Oil & Gas E&P,Energy,TELL
2020Q3,2020,Q3,2020-11-06,2020-09-30,-29466000.0,14265000.0,-14983000.0,-0.15,1550000.0,0.1086575535,293312000.0,86641000.0,83460000.0,142201000.0,206671000.0,0.0,-804672000.0,232194691.2,274582691.2,0.29731751593121697,0.5869157038276805,0.4102627918394065,1.3888920949665862,-0.10698771010488221,0.29731751593121697,-0.3400930275504669,16.27723036803365,-1.9700221543473835,2.6799631952539786,0.0,0.0,0.0,0.04863421885228016,0.5786035259948945,-0.10045957887846389,-25.39034348824494,0.10865755345250613,0.8314606741573034,0.8258936890135141,-0.5698591029807722,-0.9428053167987105,2.441860465116279,0.7713083836518013,0.8695349302961435,0.1490924712212601,0.0,-0.6484212608152798,Oil & Gas E&P,Energy,TELL
2020Q2,2020,Q2,2020-08-05,2020-06-30,-128846000.0,6329000.0,-114843000.0,-0.89,-1075000.0,-0.1698530574,315900000.0,75913000.0,102761000.0,106523000.0,239987000.0,0.0,-775206000.0,282168600.0,335745600.0,0.3093893154660015,0.9646836833359932,0.44916429249762585,1.8691265000724513,-0.8850831185377919,0.3093893154660015,-1.6972850499914376,44.58344130194344,-0.5474919671545877,3.716999723367539,0.0,0.0,0.0,0.020034821145932257,0.866526477849854,-0.4078695789806901,-10.368127870659563,-0.1698530573550324,-3.2380952380952386,0.9159230041146311,-0.8394111467685581,-0.9477917088192572,-1.1761133603238867,-2.1631069867923602,-2.3364225327561665,-2.0399797289469213,0.0,-0.6762008188794635,Oil & Gas E&P,Energy,TELL
2020Q1,2020,Q1,2020-05-04,2020-03-31,-40734000.0,8217000.0,-34421000.0,-0.21,-494000.0,-0.0601192649,364299000.0,146644000.0,68108000.0,64409000.0,217655000.0,0.0,-646360000.0,199882118.70000002,276774118.70000005,0.6631484219903859,1.0574298622863265,0.3632840057205757,0.9024849294891029,-0.13819202972917982,0.6631484219903859,-0.2777747470063555,24.325437349397593,-1.226752336500221,1.3630432796432175,0.0,0.0,0.0,0.022555647970485784,0.9676442733158409,-0.11181474557986709,-9.626841915908107,-0.06011926493854205,0.0454545454545455,0.5384642371452093,-0.6914624721926267,-0.929983238918007,-3.4455445544554455,0.1604872117227592,-0.047791543636418986,0.7990297620356226,0.0,-0.49859969503776025,Oil & Gas E&P,Energy,TELL
2019Q4,2019,Q4,2020-02-24,2019-12-31,-48521000.0,9137000.0,-32851000.0,-0.22,202000.0,0.0221079129,382322000.0,166285000.0,82235000.0,132579000.0,216037000.0,0.0,-605626000.0,1609848240.0,1685611240.0,0.751968272487598,0.6202716870695962,0.36717217424056164,0.844201220795622,-0.13679240367207196,0.751968272487598,-0.29179420873801004,176.1900229834738,-8.294595329857176,9.68125952431067,0.0,0.0,0.0,0.023898703187365623,0.5732883790042164,-0.12691134697977097,-60.44108278580815,0.022107912881689833,-0.047619047619047665,0.5385559687682102,-0.8135028398072599,-0.9205964782202201,1.6601307189542485,-0.22506122655086222,0.14361313868613138,-4.079149410065721,0.0,1.2454444766890838,Oil & Gas E&P,Energy,TELL
2019Q3,2019,Q3,2019-11-06,2019-09-30,-39607000.0,9344000.0,-38360000.0,-0.21,-306000.0,-0.0327482877,394107000.0,202952000.0,110943000.0,115990000.0,191155000.0,0.0,-568085000.0,1819155700.0,1863490700.0,0.9276533503976597,0.9564876282438142,0.3435412210389564,0.6671134061255863,-0.13347196470591752,0.9276533503976597,-0.1951545192952028,194.68703981164384,-11.482539071376271,8.963477571051282,0.0,0.0,0.0,0.023709297221312993,0.8383912406241918,-0.10049808808267806,-46.26540437436419,-0.032748287671232876,-0.1052631578947368,0.5970737442738409,-0.846712286556496,-0.9186162486654311,-7.8,0.06474769179909798,0.08744885336378343,0.22645732749038092,0.0,1.0579532979906643,Oil & Gas E&P,Energy,TELL
2019Q2,2019,Q2,2019-08-07,2019-06-30,-42349000.0,5333000.0,-42036000.0,-0.19,45000.0,0.0084380274,417355000.0,241656000.0,115910000.0,100287000.0,175699000.0,0.0,-528478000.0,1686500820.0,1698908820.0,1.1047535452725128,1.1557829030681943,0.2789304069676894,0.4817302280928262,-0.12203494694601871,1.1047535452725128,-0.17524497632998973,316.2386686667917,-9.955966020449125,6.978932118383156,0.0,0.0,0.0,0.012778090594338154,1.0835502108947321,-0.1014699716069054,-42.98350545417474,0.008438027376711045,-0.11764705882352934,-1.2397605737200295,-0.9278000413336787,-0.9105198550082718,-0.96580547112462,-0.2409599718689562,-0.2889733840304182,-1.258110617213086,0.0,-0.6094862144592983,Oil & Gas E&P,Energy,TELL
2019Q1,2019,Q1,2019-05-08,2019-03-31,-34126000.0,4959000.0,-32612000.0,-0.17,1316000.0,0.2653760839,384012000.0,277611000.0,97856000.0,30141000.0,106401000.0,0.0,-487985000.0,2448499120.0,2419697120.0,1.2743919793608094,3.246607610895458,0.15481026634584336,0.214144972641574,-0.10206516388718029,1.2743919793608094,-0.12292740561433084,493.748562210123,-17.937196858700112,8.81989229533412,0.0,0.0,0.0,0.01291365894815787,3.0931621379516274,-0.08886701457246128,-43.799064808686474,0.26537608388788064,-0.13333333333333347,-1.0362164745904912,-0.9323317932922861,-0.9081488247593621,1.1680395387149918,-0.06530561278641443,-0.042349857768402215,0.9428089333550629,0.0,-0.5094613219162448,Oil & Gas E&P,Energy,TELL
2018Q4,2018,Q4,2019-02-27,2018-12-31,-32034000.0,1872000.0,-31287000.0,-0.15,607000.0,0.3242521368,408548000.0,297934000.0,140434000.0,52770000.0,110614000.0,0.0,-453859000.0,1513974100.0,1437308100.0,1.367686078645599,2.661246920598825,0.13963597912607575,0.1914786496338115,-0.0895854892192482,1.367686078645599,-0.10752045755100123,808.7468482905983,-11.815368826871449,5.081575449596219,0.0,0.0,0.0,0.0045820809305148966,2.587227591434527,-0.07840939130775332,-42.37856123163051,0.32425213675213677,0.0,0.8004333587938189,-0.9739361963608605,-0.8667460357646396,3.5397489539748954,0.03485884727787653,0.09007096323871568,0.32212201835946125,-0.9125837427670583,-0.7331854528024045,Oil & Gas E&P,Energy,TELL
2018Q3,2018,Q3,2018-11-07,2018-09-30,-33191000.0,799000.0,-34384000.0,-0.15,-239000.0,-0.2991239049,420909000.0,325153000.0,176511000.0,38306000.0,95756000.0,0.0,-422343000.0,1902075000.0,1786538000.0,1.4957815806421935,4.607920430219809,0.13489851725669919,0.17462548400291555,-0.08951384421817124,1.4957815806421935,-0.10207809861818898,2380.569461827284,-14.32673766985026,5.8497845629595915,0.0,0.0,0.0,0.0018982725482230127,4.544275048295306,-0.07885552459082605,-78.46520358071037,-0.29912390488110135,0.11764705882352951,0.8260961056105116,-0.9911526648570439,-0.8635698893475963,-1.9409448818897639,0.07427344229374687,0.013343281012367644,0.737096091524537,-0.9677024844552318,-0.7122579429092701,Oil & Gas E&P,Energy,TELL
2018Q2,2018,Q2,2018-08-08,2018-06-30,-35854000.0,813000.0,-34849000.0,-0.17,254000.0,0.3124231242,373538000.0,345054000.0,201875000.0,27825000.0,28484000.0,0.0,-389152000.0,1718337920.0,1521491920.0,1.6707128711912498,7.255166217430368,0.0,0.0,-0.10048570643868772,1.6707128711912498,-0.103908373761788,2113.5767773677735,-11.981493836113126,4.9799101589896075,0.0,0.0,0.0,0.0021764853910445523,7.1415992812219224,-0.09598487971772618,-55.496493233859766,0.3124231242312423,-0.4166666666666668,0.6533723767627715,-0.9870567234132961,-0.8563796770616742,-0.8717819283190308,-0.42368170266836086,-0.372440138626339,0.9722048223227169,-0.9754926449921906,-0.7180734443683374,Oil & Gas E&P,Energy,TELL
2018Q1,2018,Q1,2018-05-09,2018-03-31,-25184000.0,6801000.0,-25392000.0,-0.12,1981000.0,0.291280694,280014000.0,252222000.0,120820000.0,27143000.0,27792000.0,0.0,-353298000.0,1476406120.0,1363919120.0,1.2317211337487548,4.451239730317209,0.0,0.0,-0.10140605884055384,1.2317211337487548,-0.09984854612206706,217.08662255550655,-14.656191629606099,5.853597703610311,0.0,0.0,0.0,0.024288071310720177,4.279188004273662,-0.0899383602248459,-59.829238562223935,0.29128069401558593,0.2941176470588236,0.8364587817049014,-0.9012279380577258,-0.8500876450044347,-0.6359125160816026,0.274717046338162,0.29175499274796385,0.6918543820923982,-0.7242278093667648,-0.8699520024755809,Oil & Gas E&P,Energy,TELL
2017Q4,2017,Q4,2018-03-15,2017-12-31,-34723000.0,5441000.0,-35852000.0,-0.17,5441000.0,1.0,276823000.0,223887000.0,133691000.0,52298000.0,52936000.0,0.0,-328114000.0,1994479280.0,1866206280.0,1.0933477233215478,2.5563310260430607,0.0,0.0,-0.15838280560178494,1.0933477233215478,-0.15509163104601875,366.5648373460761,-14.35992915358696,8.908419336540309,0.0,0.0,0.0,0.01965515871152325,2.4902099506673294,-0.1254339415438746,-17.623122625337974,1.0,-0.4166666666666668,0.8432901901830291,-0.8976599094406098,-0.8807431555332333,0.0,-0.5186756473058083,-0.3739030465606438,0.6433932857130163,-0.8800693161869262,-0.8845487729496365,Oil & Gas E&P,Energy,TELL
2017Q3,2017,Q3,2017-11-09,2017-09-30,-22864000.0,0.0,-26095000.0,-0.12,0.0,0.0,190222000.0,162710000.0,143603000.0,27512000.0,27512000.0,0.0,-293391000.0,2054885400.0,1916862400.0,0.845664093968452,5.219649607444024,0.0,0.0,-0.16447041599140172,0.845664093968452,-0.14051994345768545,0.0,-22.468568491952414,12.629127896257144,0.0,0.0,0.0,0.0,5.1165309683047395,-0.12019640209860058,-143.9801989910314,0.0,0.2941176470588236,0.8493634322649312,-1.0,-0.9173389290457362,0.0,0.2887672255575948,0.20681479680233442,0.7355174062317603,-1.0,-0.9258092300247726,Oil & Gas E&P,Energy,TELL
2017Q2,2017,Q2,2017-08-09,2017-06-30,-32147000.0,0.0,-32899000.0,-0.17,0.0,0.0,197013000.0,177820000.0,167617000.0,19193000.0,19193000.0,0.0,-270527000.0,1866603060.0,1705877060.0,0.9554975228638058,8.73323607565258,0.0,0.0,-0.18287399080832867,0.9554975228638058,-0.18078393881453156,0.0,-14.516152829190904,10.49714913957935,0.0,0.0,0.0,0.0,8.617360496014172,-0.1631719734230736,-60.7341400403462,0.0,0.9109947643979058,-1.0335032527951193,-1.0,-0.9117847933761433,0.0,0.7725700217192906,-3.8700165750676088,-1.2139223682890745,-1.0,-0.9226089318735787,Oil & Gas E&P,Energy,TELL
2017Q1,2017,Q1,2017-05-10,2017-03-31,-141349000.0,0.0,11463000.0,-1.91,0.0,0.0,223918000.0,203961000.0,194538000.0,19957000.0,19957000.0,0.0,-238004000.0,1807376360.0,1620553360.0,1.3225927775219988,9.747857894473118,0.0,0.0,0.11696165710534921,1.3225927775219988,-0.693019743970661,0.0,-3.1966557244833713,8.861382126975256,0.0,0.0,0.0,0.0,9.536453374755725,-0.6312534052644272,-42.76599214424306,0.0,-43.21296296296296,-0.3387131182107018,-1.0,-0.7704041890154838,1.0,-555.492125984252,18.21171171171171,-1.2118976702124746,-1.0,-0.9046747759342411,Oil & Gas E&P,Energy,TELL
2016Q4,2016,Q4,2017-02-09,2016-12-31,-254000.0,0.0,-666000.0,-0.0432,-9000.0,0.0,5016000.0,1969000.0,4067000.0,3047000.0,3047000.0,0.0,-98126000.0,66145612.5,65669612.5,0.3348861574152027,1.3347554972103708,0.006180223285486443,0.01574403250380904,-0.15928813559322033,0.3348861574152027,-0.12899949212798376,0.0,-65.10394931102361,33.59350558659218,0.0,0.0,0.0,0.0,0.6914998359041681,-0.05063795853269538,-75.94214982778415,0.0,0.8121739130434783,0.9362033081552389,-1.0,-0.9469546866786249,0.18181818181818182,0.8140556368960469,0.6964448495897904,0.9413732776718036,-1.0,-0.9673719658773494,Oil & Gas E&P,Energy,TELL
2016Q3,2016,Q3,2016-11-14,2016-09-30,-1366000.0,0.0,-2194000.0,-0.23,-11000.0,0.0,5837000.0,2631000.0,4874000.0,3206000.0,3206000.0,0.0,-97599000.0,32043724.560000002,31255724.560000002,0.4507650155634717,1.5202744853399874,0.017817371937639197,0.0395286963131889,-0.4992240133592634,0.4507650155634717,-0.5191942227290004,0.0,-5.86451767203514,12.179294777651084,0.0,0.0,0.0,0.0,0.8877105427323768,-0.23402432756553024,-15.92630445328032,0.0,-1.3066666666666666,-2.646827487283433,-1.0,-0.9354258228392526,0.0,-1.3120146185472819,-2.5387096774193547,0.7334439104371325,-1.0,-0.9588857612986826,Oil & Gas E&P,Energy,TELL
2016Q2,2016,Q2,2016-09-14,2016-06-30,4378000.0,0.0,-620000.0,0.75,-11000.0,0.0,31550000.0,16512000.0,30426000.0,15038000.0,15038000.0,0.0,-96234000.0,6887357.92,5990357.92,2.828974510446235,2.023274371591967,0.024817749603803486,0.047420058139534885,-0.08282046529225508,2.828974510446235,0.265140503875969,0.0,0.3932936226587483,0.4171122771317829,0.0,0.0,0.0,0.0,0.1527463758478521,0.1387638668779715,-5.339037147286821,0.0,1.403225806451613,1.1846978431494726,-1.0,-0.6297429003284224,0.0,1.2773519163763065,0.6214896214896215,2.4976692558338827,-1.0,-0.7568114546906664,Oil & Gas E&P,Energy,TELL
2016Q1,2016,Q1,2016-05-13,2016-03-31,-15785000.0,0.0,-1638000.0,-1.86,-11000.0,0.0,29453000.0,14971000.0,27438000.0,14482000.0,14482000.0,323000.0,-97598000.0,6050765.7,6192765.7,2.5979439263364634,1.8946278138378676,0.00926900485519302,0.018235254825996926,-0.8217691825376969,2.5979439263364634,-1.0543717854518737,0.0,-0.0958309423503326,0.404165767149823,0.0,0.034055727554179564,0.0,0.0,0.051374119596740785,-0.5359386140630835,-8.067687600000001,0.0,-7.454545454545455,-266.48653189853934,-1.0,-0.7707805522265987,0.9597069597069597,-11.638110488390712,-0.08620689655172414,-2.6424754975507248,-1.0,-0.683805139432667,Oil & Gas E&P,Energy,TELL
2015Q4,2015,Q4,2016-02-12,2015-12-31,-1249000.0,566000.0,-1508000.0,-0.22,-273000.0,-0.4823321555,43629000.0,29513000.0,5834000.0,6492000.0,14134000.0,554000.0,-86338000.0,3166643.1500000004,8310643.15,5.125980172410649,0.8986444855206408,0.12773613880675697,0.18883204011791413,-0.038900110453238296,5.125980172410649,-0.04232033341239454,5.594775883392227,-0.6338356985588471,0.10729655236675364,0.0,1.5144404332129964,0.0,0.01297302253088542,0.506007393715342,-0.02862774759907401,-2.817298176156584,-0.4823321554770318,0.6206896551724138,0.3233301572119572,-0.8558357014123062,-0.5599267299722961,0.4887640449438202,0.6228864734299517,0.45342515404131933,0.799517939243458,-0.6213677184594095,-0.4408839867487212,Oil & Gas E&P,Energy,TELL
2015Q3,2015,Q3,2015-11-13,2015-09-30,-3312000.0,649000.0,-2759000.0,-0.58,-534000.0,-0.8228043143,44080000.0,29645000.0,5822000.0,6154000.0,14441000.0,578000.0,-84509000.0,3478695.8,8428695.8,5.198341861337804,0.946051348716282,0.12722323049001816,0.189171867093945,-0.08462505243682347,5.198341861337804,-0.11172204418957665,5.360085978428351,-0.2625827143719807,0.11734511047394164,0.0,2.046712802768166,0.0,0.01472323049001815,0.5076373090672733,-0.0751361161524501,-3.0976810329474618,-0.8228043143297381,0.9072,-0.1137880122143049,-0.7987375116662994,-0.5471048366055193,0.19090909090909092,0.9070133078780392,0.865696344253517,0.2637958447979074,-0.5385346826407259,-0.49187802993017476,Oil & Gas E&P,Energy,TELL
2015Q2,2015,Q2,2015-10-13,2015-06-30,-35618000.0,916000.0,-20543000.0,-6.25,-660000.0,-0.7205240175,46700000.0,33795000.0,8582000.0,4654000.0,12899000.0,651000.0,-81006000.0,19161340.8,23610340.8,5.926057116003072,1.8440051568543188,0.11777301927194861,0.16274596833851163,-0.5221587802537458,5.926057116003072,-1.053942890960201,20.918494323144106,-0.1344919759672076,0.5669874478473147,0.0,2.420890937019969,0.0,0.01961456102783726,1.2529007305543618,-0.7626980728051392,-4.8119891511803115,-0.7205240174672489,-14.624999999999998,-12.908894390743383,-0.7807437865271075,-0.46083691301621676,0.3230769230769231,-14.621929824561404,-3.9204790419161677,-2.21138021498543,-0.4509269109405823,-0.4528836125224566,Oil & Gas E&P,Energy,TELL
2015Q1,2015,Q1,2015-05-15,2015-03-31,-2280000.0,688000.0,-4175000.0,-0.4,-975000.0,-1.4171511628,66159000.0,54106000.0,10213000.0,9249000.0,11971000.0,656000.0,-45020000.0,23307563.04,23777563.04,9.471281043889006,1.10422748405233,0.05291797034417086,0.06470631722914279,-0.07386693579611496,9.471281043889006,-0.04213950393671682,33.877271860465115,-2.5556538421052633,0.4307759405611208,0.0,2.535060975609756,0.0,0.010399189830559713,0.8279814033949616,-0.03446243141522695,-5.691712586080586,-1.4171511627906976,0.1666666666666666,-3.2312818005265997,-0.8476384043436217,-0.22807049572073798,-2.6792452830188678,0.16022099447513813,-0.4456371191135734,0.4170733546871755,-0.8313375105551647,0.6441693084157203,Oil & Gas E&P,Energy,TELL
2014Q4,2014,Q4,2015-02-12,2014-12-31,-2715000.0,1265000.0,-2888000.0,-0.48,-265000.0,-0.209486166,68449000.0,54072000.0,13813000.0,9640000.0,14366000.0,783000.0,-42468000.0,41566557.76,37662557.76,9.470213104314558,1.432883817427386,0.05114756972344373,0.06474700399467377,-0.04720655903930993,9.470213104314558,-0.050210830004438524,32.85893894071146,-3.8274915064456727,0.768726101494304,-0.15837937384898712,1.9540229885057472,0.010344854690223932,0.01848091279638855,1.1310165975103734,-0.03966456778039124,-8.967973626752967,-0.20948616600790515,-0.0666666666666666,-2.9288213450101144,-0.8526983522466842,-0.1232493260196968,-3.190082644628099,-0.058892355694227766,-0.07360594795539034,0.2977849797244499,-0.5344244326275657,0.50006326094789,Oil & Gas E&P,Energy,TELL
2014Q3,2014,Q3,2014-11-13,2014-09-30,-2564000.0,1590000.0,-2690000.0,-0.45,121000.0,0.0761006289,77209000.0,65047000.0,24199000.0,9522000.0,12162000.0,811000.0,-39323000.0,97240878.666624,86467878.666624,11.398508119686877,2.5413778617937406,0.0,0.0,-0.04036295526500767,11.398508119686877,-0.03941765185173798,61.15778532492075,-9.481364924592825,1.494932566707519,-0.1673166926677067,1.81134401972873,0.004411724841265197,0.02059345413099509,2.245431632010082,-0.03320856376847259,-19.656535004371133,0.07610062893081761,-1.5555555555555554,-1.1449911325655076,-0.8056523103125453,0.0798551730710826,-0.4423963133640553,-1.5564236111111112,0.1500789889415482,-4.161599219638102,-0.5066192030881793,0.6328891046897048,Oil & Gas E&P,Energy,TELL
2014Q2,2014,Q2,2014-09-18,2014-06-30,4608000.0,1927000.0,-3165000.0,0.81,217000.0,0.112610275,81435000.0,70456000.0,32087000.0,6533000.0,10979000.0,739000.0,-36266000.0,100436582.4,84014582.4,12.346353991431712,4.91152609827032,0.0,0.0,0.30530822726491696,12.346353991431712,0.06540252072215283,52.12069662688116,5.449033333333334,1.4255220619961395,0.0,2.313937753721245,0.0,0.023663044145637625,4.476197765192102,0.05658500644685946,-15.637020457730033,0.1126102750389206,-0.8089622641509434,8.051876502990993,-0.7036591406803513,0.4288781015824753,0.2543352601156069,-0.8120717781402936,-0.048013245033112585,1.1988336679111542,-0.5662996781437913,0.6158948069366105,Oil & Gas E&P,Energy,TELL
2014Q1,2014,Q1,2014-05-12,2014-03-31,24520000.0,1907000.0,-3020000.0,4.24,173000.0,0.0907184059,94033000.0,78649000.0,48598000.0,8658000.0,15384000.0,391000.0,-35773000.0,64395159.68,45519159.68,13.87453101195571,5.613074613074613,0.0014675698956749226,0.001754631336698496,0.3058512674344039,13.87453101195571,0.3117649302597617,33.767781688515996,0.6565575008156607,0.8187664138132716,0.0,4.434782608695652,0.0,0.020280114427913606,5.365326865326866,0.26075952059383406,-10.549665740498034,0.09071840587309911,6.729729729729731,56.44548375156058,-0.6839902287105197,0.547207393010881,1.3870246085011186,6.870241800335169,0.2616136919315403,423.4000332834448,-0.5467393742414731,0.2241651193604439,Oil & Gas E&P,Energy,TELL
2013Q4,2013,Q4,2014-02-14,2013-12-31,-4177000.0,1869000.0,-4090000.0,-0.74,-447000.0,-0.2391653291,75798000.0,58181000.0,15662000.0,6728000.0,17617000.0,561000.0,-59862000.0,46709165.120000005,34775165.120000005,10.263755277328322,2.327883472057075,0.002968416053194016,0.003867241883088981,-0.0711339971467672,10.263755277328322,-0.0717931970918341,24.99152761904762,-2.795616777591573,0.8028250652274799,0.0,4.128342245989304,0.0,0.024657642681864957,1.9375743162901309,-0.055106994907517345,-3.3075460359722424,-0.2391653290529695,0.15909090909090912,-6.285258104507706,-0.6693157552863153,0.14501569872507347,0.3704225352112676,0.16073940124573036,0.1470281543274244,-1.2984782651739706,-0.5164825677928355,-0.1188408468747914,Oil & Gas E&P,Energy,TELL
2013Q3,2013,Q3,2013-11-12,2013-09-30,-4977000.0,2355000.0,-4795000.0,-0.88,-710000.0,-0.3014861996,84348000.0,62149000.0,30064000.0,11427000.0,22199000.0,550000.0,-55329000.0,46255816.800000004,20085816.800000004,10.963720350950542,2.6309617572416206,0.009875752833499313,0.013403272779932099,-0.07836882335712404,10.963720350950542,-0.08008173904648506,19.641535796178346,-2.323478842676311,0.7442729054369339,0.0,5.572727272727272,0.0,0.027920045525679327,2.4660015752165925,-0.05900554844216816,-7.7441514816675046,-0.30148619957537154,-0.76,-4.0206888770489995,-0.7935426143468979,0.02743661069635855,-0.06287425149700598,-0.753082071151814,-0.3692175899486008,-0.6837991043974972,-0.2652840385828826,-0.04480773827420453,Oil & Gas E&P,Energy,TELL
2013Q2,2013,Q2,2013-09-16,2013-06-30,-2839000.0,1724000.0,-3502000.0,-0.5,-668000.0,-0.3874709977,82272000.0,65942000.0,35298000.0,5824000.0,16330000.0,555000.0,-50079000.0,47616282.0,15588282.0,11.63284441233778,6.060782967032967,0.00536026837806301,0.00668769524733857,-0.047895727885953907,11.63284441233778,-0.04305298595735647,27.61965313225058,-4.19305054596689,0.7220933850959934,0.0,4.30990990990991,0.0,0.020954881369117075,5.721325549450549,-0.03450748735900428,-13.765909800520381,-0.3874709976798144,0.3333333333333333,-1.0029286447644483,-0.864724711928611,-0.03390113861702261,-6.430894308943089,0.3446445060018467,0.34882856080327257,-0.11531847137495663,-0.5848508818263133,0.058376620573030634,Oil & Gas E&P,Energy,TELL
2013Q1,2013,Q1,2013-05-13,2013-03-31,-4332000.0,1937000.0,-5378000.0,-0.75,123000.0,0.0635002581,66080000.0,47330000.0,17579000.0,6636000.0,18750000.0,541000.0,-46518000.0,49770875.52,36389875.52,8.216274994714016,2.6490355635925256,0.017176150121065374,0.023980562011409256,-0.10331133563121551,8.216274994714016,-0.091527572364251,25.69482473928756,-2.8722804432132967,1.051571424466512,0.0,3.353049907578558,0.0,0.029312953995157386,2.3566907775768535,-0.06555690072639225,-6.714904954128441,0.06350025813113061,0.3055555555555556,-3.310478675247785,-0.8170803214042492,-0.3048978221070174,1.4939759036144578,0.40535346602608097,0.3048985394855887,-5.204198282958872,-0.5746055091257396,-0.33035615200291446,Oil & Gas E&P,Energy,TELL
2012Q4,2012,Q4,2013-02-11,2012-12-31,-7285000.0,1748000.0,-7737000.0,-1.08,-249000.0,-0.1424485126,83200000.0,61724000.0,33759000.0,9409000.0,21476000.0,506000.0,-42184000.0,49551509.120000005,18638509.120000005,9.168008160959115,3.5879477096397068,0.009507211538461539,0.012815112436005444,-0.11853909203258481,9.168008160959115,-0.1180254034087227,28.347545263157897,-1.7004635936856556,0.8027916065063833,0.0,3.9466403162055337,0.0,0.021009615384615384,3.485067488574769,-0.08756009615384615,-8.191686083650191,-0.14244851258581237,-0.3670886075949367,0.4202108871510223,-0.8701690104698688,-0.1633832383314374,0.3631713554987212,-0.371939736346516,-0.31536892213532813,-5.3891996493008865,-0.8273796002594337,-0.15122740685573957,Oil & Gas E&P,Energy,TELL
2012Q3,2012,Q3,2012-11-09,2012-09-30,-5310000.0,1660000.0,-5882000.0,-0.79,-391000.0,-0.2355421687,88467000.0,68863000.0,39920000.0,7608000.0,19604000.0,470000.0,-34900000.0,53849176.0,16748176.0,10.230500091589144,5.247108307045216,0.009472458656900313,0.012169089351320739,-0.07936694404142328,10.230500091589144,-0.07710962345526626,32.43926265060241,-2.5352719397363463,0.7819754585190887,0.0,4.363829787234042,0.0,0.018764058914623533,5.151419558359621,-0.06002238122689817,-13.34552069392813,-0.2355421686746988,-1.1531007751937985,-11.26842793952583,-0.8627625724912393,-0.20444110254272435,0.24275289341989062,-1.1530040795036858,-1.2074194157761684,-2.7661029249455398,-0.8279793717474084,-0.030797861351157117,Oil & Gas E&P,Energy,TELL
2012Q2,2012,Q2,2012-09-24,2012-06-30,34704957.0,1969100.0,28358001.0,5.16,-516344.0,-0.2622233508,92574000.0,72908000.0,43608000.0,7531000.0,19666000.0,499000.0,-29590000.0,59234093.6,18939093.6,10.831437792102891,5.790466073562608,0.009937995549506341,0.0126186426729577,0.4636042014128344,10.831437792102891,0.4760102732210457,30.081810776496877,0.4266976443739723,0.8124498491249247,0.0,4.980849699398798,0.0,0.021270551126666235,5.656353737883415,0.3748888132737054,-13.266296529052816,-0.262223350769387,8.588235294117647,32.052670097813866,-0.8233239103406808,-0.1217122172053392,-1.770254566610229,8.532302777894134,7.189826054936614,46.0270942832652,-0.7432752279856712,0.25355260998748747,Oil & Gas E&P,Energy,TELL
2012Q1,2012,Q1,2012-05-10,2012-03-31,-4607483.0,4805214.0,-4581389.0,-0.68,670355.0,0.1395057535,63566351.0,38765170.0,25046661.0,14348637.0,24801181.0,590678.0,-64295613.0,68909557.76,53351548.760000005,5.760526604778489,1.7455777158485506,0.025995483050458568,0.042626873556855294,-0.11378090547551252,5.760526604778489,-0.1188562567892776,14.340580411195008,-3.7390022795526323,1.7776152602968078,0.0,7.00019130558443,0.0,0.07559367376617229,1.435541438535242,-0.07248305003381428,-15.35409058681924,0.1395057535418818,0.0,-13.421971436376515,-0.4591318274657995,-0.5224181945209376,12.868051129523405,-0.01110718785200979,0.06000403378117332,-10.092735408056557,-0.32925423509447727,-0.3576194148206501,Oil & Gas E&P,Energy,TELL
2011Q4,2011,Q4,2012-02-10,2011-12-31,-4556869.0,3202338.0,-4873839.0,-0.68,-56484.0,-0.017638363,65176234.0,42484419.0,27242573.0,12365702.0,22691815.0,599398.0,-59705526.0,52220524.24,35305964.24,6.313209149813009,2.2030753288410154,0.029296537753316646,0.0449444300980084,-0.10520745443884955,6.313209149813009,-0.10725976975229437,16.306999523473163,-2.864934467064996,1.2291688451712144,0.0,5.436824947697523,0.0,0.0491335231182581,1.934700512756979,-0.06991611390127267,-6.697079494766725,-0.017638362971054273,-5.857142857142857,-443.25953460646457,-0.7066120813019262,-0.46252582778022866,-1.0787263074708038,-5.847738135891634,-0.276531062845433,-5.694873850536341,-0.5227271190254282,-0.29570382471625706,Oil & Gas E&P,Energy,TELL
2011Q3,2011,Q3,2011-11-14,2011-09-30,939999.0,3735348.0,-3818034.0,0.14,717473.0,0.1920766151,67629473.0,46172859.0,32511908.0,11497592.0,21456614.0,581701.0,-55148657.0,62969811.519999996,39225033.519999996,6.980576995063554,2.827714533617126,0.029254079800385253,0.04284850543909356,-0.06528815372740641,6.980576995063554,0.020358258517195135,16.857816599684956,16.747308114157565,1.3637841122205578,0.0,5.188017555410769,0.0,0.05523254631896954,2.620219607723078,0.013899250700948091,-19.271786723697694,0.1920766150837887,1.0356234096692112,-0.28435689179330276,-0.5706520964915464,-0.3802179854898861,-0.8110710973456268,1.034993602864773,-1.3438664693189721,-0.5110702116222013,-0.7193588629248887,-0.3458333358629257,Oil & Gas E&P,Energy,TELL
2011Q2,2011,Q2,2011-09-20,2011-06-30,-26862024.0,5150011.0,11103246.0,-3.93,3797582.0,0.7373929881,71575152.0,50538353.0,37283238.0,6470136.0,19047742.0,731672.0,-56073255.0,88898557.44,69904870.44,7.640567899860851,5.762357700054528,0.01988033500788095,0.028155606891265332,0.28388616986128495,7.640567899860851,-0.5315175981298796,17.261818943687693,-0.8273627988717455,1.7590315505532996,0.0,1.8484088498671536,0.0,0.07195249826364322,3.8990044413285903,-0.3752981761044671,-37.734387807987,0.7373929880926468,-384.2941176470588,-13.30580329238059,-0.39266296245508364,-0.2937282362371674,0.6092451521344762,-399.048014058707,439.049710024855,-15.241254373853812,-0.6536859485239067,-0.3654566598908485,Oil & Gas E&P,Energy,TELL
2011Q1,2011,Q1,2011-05-16,2011-03-31,-67147.0,4866680.0,-25347.0,-0.0102,2359853.0,0.4848999729,94057112.0,74316166.0,29130566.0,4988757.0,17763401.0,797171.0,-29199719.0,126943468.476997,108633050.476997,11.33387219789791,5.839243322535053,0.02064105476681019,0.026124033363077424,0.00020126027319172267,11.33387219789791,-0.0009035315411723473,26.08420288101889,-472.6326882697552,1.7081541649632062,0.0,3.1446540328235724,0.0,0.05174175452038119,5.416971602345033,-0.000713896042225919,-855.6967494455514,0.48489997287678666,0.968125,-1.020925442707662,-0.6749195475269737,0.39699482280256987,0.7798175724189529,0.9679839984360807,0.9928165227628402,-1.031462750301745,-0.596242918169222,-0.04114708261492669,Oil & Gas E&P,Energy,TELL
2010Q4,2010,Q4,2011-02-14,2010-12-31,-2097295.0,4461004.0,-3528514.0,-0.32,1325896.0,0.297219191,96976347.0,76201281.0,39633334.0,7208098.0,18814649.0,794570.0,-29115445.0,150204244.578003,123147668.57800299,11.64801527729224,5.498445498382513,0.010668653047943743,0.013577291436872302,-0.02756773334003119,11.64801527729224,-0.027523093739067195,33.67050210625298,-17.904520415344884,1.9711511749783182,0.0,3.9456662093962773,0.0,0.0460009490767888,5.2309960269685565,-0.021626871550441056,-36.66178375235762,0.29721919101619276,0.38461538461538464,-4.0843400227609115,-0.6597459671238393,0.43129725945147435,-0.08328009579990431,0.3851799671321287,0.07368487926842267,0.828221521341568,-0.6590126386210413,0.06292715386661576,Oil & Gas E&P,Energy,TELL
2010Q3,2010,Q3,2010-11-12,2010-09-30,-3411234.0,3699181.0,-3809194.0,-0.52,1446348.0,0.3909914113,94147053.0,75089203.0,42308846.0,5792621.0,17179271.0,789226.0,-27016312.0,98914994.64,71949366.64,11.47802467656283,7.303920971180403,0.012704784291017585,0.015929294122352052,-0.04588058790822576,11.47802467656283,-0.045429087854348384,26.7397012041314,-7.249209130772031,1.3172998339055482,0.0,2.8544840134511533,0.0,0.039291521955551814,6.643869674884651,-0.03623304066671104,-34.793804841620734,0.3909914113421322,-0.15555555555555556,-8.475276378713225,-0.7084066613227045,0.36581707209049036,-0.05370595001158048,-0.1612102718700024,-0.6700362356170029,-7.787341247678663,-0.6853347408986785,-0.10742929720698488,Oil & Gas E&P,Energy,TELL
2010Q2,2010,Q2,2010-09-28,2010-06-30,-2937654.0,4792557.0,-2280905.0,-0.45,1528434.0,0.3189182726,90706385.0,71904492.0,41770549.0,6112903.0,16888201.0,815179.0,-23640191.0,95774836.08,63337317.08,10.991214456380828,6.833177133679366,0.012722533259373087,0.016049275475028737,-0.0330214005075241,10.991214456380828,-0.04085494408332653,19.984078661975225,-8.150622578424825,1.3319729187433798,0.0,4.004179450157573,0.0,0.05283593872691542,6.2843833772595445,-0.03238640807921074,-17.75419002938553,0.3189182726465225,-3.8125,-2.3285123150551588,-0.595936717053855,0.30349373014918285,-0.5051109978571692,-3.5271337568659162,-1.373355819641822,-1.7044989430645114,-0.557558325141036,-0.10875642177868687,Oil & Gas E&P,Energy,TELL
2010Q1,2010,Q1,2010-05-14,2010-03-31,1162445.0,5136945.0,6109199.0,0.16,3088438.0,0.6012207645,99481081.0,79736979.0,44476606.0,4693994.0,17834320.0,822782.0,-20735183.0,116457295.36000001,91779131.36000001,12.269619170382905,9.475215775733842,0.12982549918210076,0.16197228891754226,0.026281015795663512,12.269619170382905,0.014578493122996295,22.670535767854243,25.045764608218025,1.4605180284043617,0.0,2.489732395701413,0.0,0.051637406312462567,8.853180681526222,0.011685086132105862,52.24284531389277,0.6012207644816131,-0.3333333333333333,0.4474762568998919,-0.5751232457802075,0.5066306293482108,-0.5774489911794041,-0.2700754448041041,0.12239431666986955,2.245263837077744,-0.4012653119829803,0.01722416680988656,Oil & Gas E&P,Energy,TELL
2009Q4,2009,Q4,2010-02-16,2009-12-31,1592555.0,9716269.0,5443006.0,0.24,7309030.0,0.7522465671,104268748.0,69777103.0,66169509.0,13604886.0,32563568.0,854799.0,-21897628.0,89405735.67999999,50548651.67999999,10.801489391871643,4.863657732964466,0.11085498024777281,0.16565190446499334,0.04940123053848814,10.801489391871643,0.022823461157451607,9.201652988405323,14.034952588764597,1.2813047810253744,0.0,2.8161462519258915,0.0,0.09318486302338645,4.362860445872167,0.015273560204252188,-47.643800537690275,0.7522465670721962,2.142857142857143,3.459742277549745,-0.11121907259106216,0.28874051967724174,0.4031361086351932,2.227625988233698,12.906129145157056,162.739042814071,-0.0726903005401143,-0.08041672121557913,Oil & Gas E&P,Energy,TELL
2009Q3,2009,Q3,2009-11-12,2009-09-30,-1297264.0,8878786.0,-457160.0,-0.21,5209067.0,0.5866868511,87909279.0,65372878.0,58905205.0,6239254.0,22536401.0,439999.0,-23490183.0,69363840.0,27076475.0,10.555589679002777,9.441065390189276,0.0,0.0,-0.015156183103904805,10.555589679002777,-0.019844070502754982,7.812311277690441,-13.367333094882769,1.0610492014746544,0.0,8.340289409748658,0.0,0.10099941782027355,7.948268174368282,-0.014756849501632245,52.20566508487843,0.5866868511077978,-0.9090909090909091,-2.2239495419172544,0.009399841993718424,0.3487340072896761,0.21170230236759258,-0.8292992121653959,-2.0675770978604557,-2.0548186694550736,0.08996413142900436,-0.06280460193750145,Oil & Gas E&P,Energy,TELL
2009Q2,2009,Q2,2009-10-02,2009-06-30,-709159.0,7057096.0,428222.0,-0.11,4298966.0,0.6091692674,71703999.0,53512920.0,43542184.0,6381678.0,18191079.0,847159.0,-22192919.0,54995616.00000001,20306774.000000007,8.640592908351096,6.822999217447198,0.0,0.0,-0.022539258031359952,8.640592908351096,-0.01325210808903719,7.792952795314108,-19.387618291525598,1.027707252753167,0.0,3.2557406578930284,0.0,0.09841983848069617,6.508110092674685,-0.00989008995160786,-60.278218209199636,0.6091692673586983,-2.375,0.49801583950349,-0.24148819879369657,0.11747872509483921,0.9669266379517814,-2.8154842211168485,1.5868361945038665,-1.3469726113580403,-0.11115102634460851,-0.2012888474626484,Oil & Gas E&P,Energy,TELL
2009Q1,2009,Q1,2009-05-12,2009-03-31,390617.0,5522513.0,-729713.0,0.08,2185626.0,0.395766565,61791549.0,46519093.0,37796152.0,5370009.0,15272456.0,826526.0,-21483760.0,28635220.799999997,-1657493.200000003,8.967466853267638,7.03837777553073,0.0,0.0,0.008848348955041108,8.967466853267638,0.008396917798891736,5.185179428278394,18.326916647252933,0.6155584503764937,0.0,4.037243837459439,0.0,0.08937327335814158,6.777184358536457,0.006321527884015337,-370.24153500038784,0.3957665649677964,1.7999999999999998,-0.387962282107753,-0.32961039457909985,0.048457465632301994,-0.34725536030591664,1.7444662984520503,-28.94308576118178,-0.8461339844501347,-0.533729072020331,0.10531551343873599,Oil & Gas E&P,Energy,TELL
2008Q4,2008,Q4,2009-02-23,2008-12-31,-524694.0,5172284.0,-24370.0,-0.1,3348363.0,0.6473664246,62219824.0,46500359.0,37074553.0,5744374.0,15719465.0,1170413.0,-21874377.0,26975208.0,-4700425.0,8.963855507620183,6.4540632277773,0.0,0.0,0.001400949995584299,8.963855507620183,-0.01128365482081547,5.215337750208612,-12.852828505757643,0.5801075213204268,0.0,1.5583567509930256,0.0,0.08312919689390313,6.205508729062558,-0.008432907171193542,31.08931987811006,0.6473664245814809,-1.3125,0.5555325744696692,-0.3027084922532594,0.06965774406831961,-0.5506651930225923,-1.3479839316731341,-1.0053748974424574,-1.9731005275345963,-0.5024898860335542,0.10147020902244984,Oil & Gas E&P,Energy,TELL
2008Q3,2008,Q3,2008-09-30,2008-09-30,1507811.0,10438684.0,4534040.0,0.32,7451822.0,0.7138660391,75103193.0,55355958.0,44190319.0,8241464.0,19747235.0,869212.0,-21349683.0,42330326.4,6384439.3999999985,10.67094576620132,5.361950134102388,0.0,0.0,0.039743640634512106,10.67094576620132,0.027238459137496996,4.055140130690804,7.0185066961310145,0.7646932313952547,0.0,3.436287119828074,0.0,0.13899121439483939,5.216958297700506,0.020076523244491083,6.573629188365713,0.7138660390524323,2.2800000000000002,-0.14631678824379232,0.10046529875961717,0.33991921956295956,-0.16979057322138533,2.1624164023019965,1.5459574997390046,3.1668851655777193,0.0376876539989128,0.2697794536536882,Oil & Gas E&P,Energy,TELL
2008Q2,2008,Q2,2008-09-25,2008-06-30,-1297135.0,11662833.0,-8304749.0,-0.25,8975834.0,0.7696100939,85294626.0,62463427.0,46457968.0,8678405.0,22831199.0,1260189.0,-22857494.0,67230518.4,32615290.400000006,12.04104970756852,5.353284157630348,0.0,0.0,-0.1035394951463238,12.04104970756852,-0.020766311781132342,5.764510080869717,-12.957502187513251,1.076318121322418,0.0,2.1322190560304843,0.0,0.13673584781296771,5.161503640357877,-0.015207699017286271,11.122619590813844,0.769610093876848,-1.7812500000000002,-8.755516863883637,0.38541961517671214,0.7042819726154045,0.21304283015045605,-1.7682432868625118,-4.066194890357606,-1.7397738947432047,0.24003813255922915,0.42799804885240944,Oil & Gas E&P,Energy,TELL
2008Q1,2008,Q1,2008-05-13,2008-03-31,1688443.0,9536063.0,2708487.0,0.32,7399437.0,0.7759425457,78579344.0,61317971.0,36774469.0,3612139.0,17261373.0,1278070.0,-21560359.0,48970377.599999994,23001259.599999994,11.820240615012125,10.180801181792837,0.0,0.0,0.023243885191129948,11.820240615012125,0.027535858940929407,5.135282516485052,7.250818890539983,0.7986301047045409,0.0,1.6717597627672975,0.0,0.12135584893658567,9.711689112739016,0.021487109894936258,-7.829236288430229,0.7759425456815879,1.1711229946524062,0.9843178116409499,0.4614870683798332,0.8842678258390653,0.038570969199395955,1.1743992113604909,0.0636028526762591,1.633859926549476,-0.011914781760197649,0.4514498216726015,Oil & Gas E&P,Energy,TELL
2007Q4,2007,Q4,2008-02-13,2007-12-31,-9681483.0,10373981.0,2546521.0,-1.87,7124633.0,0.6867790677,86146911.0,56847306.0,42964979.0,16060592.0,29299605.0,1096024.0,-23248802.0,42745329.6,12512651.600000001,10.958432320521865,2.6751802797804713,0.0,0.0,-0.1391644906258026,10.958432320521865,-0.17030680398469542,4.120436465036904,-1.1037908551820006,0.7519323712543212,0.0,2.964668656890725,0.0,0.12042197311056226,2.5906967190250523,-0.11238340281289946,21.602493730802003,0.6867790677465093,-24.375,-38.41741395509615,0.6783136392817208,0.8883513481710511,0.36737829658302873,-25.292984216997464,2.219149388031664,-34.76175717478927,0.18170337857215546,0.30746559583021743,Oil & Gas E&P,Energy,TELL
2007Q3,2007,Q3,2007-11-14,2007-09-30,398530.0,9321933.0,791054.0,0.08,5210433.0,0.558943408,84506454.0,66708943.0,38623568.0,4513422.0,17797511.0,727028.0,-13567319.0,47310155.04,19324956.04,12.859513135089484,8.557490968050406,0.0,0.0,0.006064268399025275,12.859513135089484,0.005974161515345851,5.075144290352656,29.677913231124382,0.7092025883246269,0.0,5.655215480009023,0.0,0.11031030837005656,8.332001306325887,0.004715971161208587,-19.607907394283014,0.558943407982014,1.4705882352941175,2.2755362355944038,0.8543804178990057,1.3178159352571859,-0.09814328152674942,1.4626984025625873,-0.8205290741202895,2.1824327804799375,0.26523498822317837,0.6431164160335209,Oil & Gas E&P,Energy,TELL
2007Q2,2007,Q2,2007-10-09,2007-06-30,-861317.0,8589353.0,4407700.0,-0.17,5777451.0,0.6726293587,85616429.0,63974780.0,37570150.0,8565993.0,21641649.0,702356.0,-13965849.0,63080206.72,34609758.72,12.332447296076332,4.3859655267054265,0.0,0.0,0.053864043738723826,12.332447296076332,-0.013463383539576065,7.343999800683474,-18.309230724576434,0.9860167822382507,0.0,4.003528125338147,0.0,0.10032365400336891,4.2597496869306335,-0.010060183659376871,7.191987905460101,0.6726293586955852,-4.085299455535391,-2.285872752255011,0.15923724989771718,1.037640566595581,0.5426722380458909,-4.012366792922669,7.112858873031007,0.2721112853682315,0.10217952870904842,0.5949423410978152,Oil & Gas E&P,Energy,TELL
2007Q1,2007,Q1,2007-05-15,2007-03-31,285927.0,6848623.0,543298.0,0.0551,3745093.0,0.5468388317,76236124.0,62571400.0,33617794.0,3184065.0,13664724.0,753390.0,-13104532.0,58100448.0,33554126.0,12.061863619364862,10.558136847080696,0.0,0.0,0.0042937678837323984,12.061863619364862,0.00456961167562177,8.483522600090557,50.80007134688224,0.9285463965965282,0.0,4.119420220602875,0.0,0.08983435464268881,10.201185905438487,0.003750544820458081,114.01074950206532,0.5468388316892315,37.733333333333334,1.106804475625639,0.2536653868995141,1.1427598820545493,-0.07904635343380537,37.161249525736686,1.4145504644238034,-0.5519956669479913,-0.16863107961058657,0.41024786242210304,Oil & Gas E&P,Energy,TELL
