Quarters,Year,Quarter,FillingDate,Date,NetIncome,Revenue,OperatingIncome,EPSDiluted,GrossProfit,GrossProfitRatio,TotalAssets,CommonStockEquity,CurrentAssets,CurrentLiability,TotalLiability,Inventory,RetainedEarnings,MarketCap,EnterpriseValue,bookValuePerShare,currentRatio,debtToAssets,debtToEquity,roic,shareholdersEquityPerShare,roe,priceToSalesRatio,peRatio,pbRatio,payoutRatio,inventoryTurnover,dividendYield,assetTurnover,quickRatio,returnOnAssets,priceToFreeCashFlowsRatio,grossProfitMargin,epsdilutedGrowth,fiveYNetIncomeGrowthPerShare,fiveYRevenueGrowthPerShare,fiveYShareholdersEquityGrowthPerShare,grossProfitGrowth,netIncomeGrowth,operatingIncomeGrowth,threeYNetIncomeGrowthPerShare,threeYRevenueGrowthPerShare,threeYShareholdersEquityGrowthPerShare,Industry,Sector,Symbol
2023Q1,2023,Q1,2023-05-03,2023-03-31,72000000.0,1418300000.0,135300000.0,0.65,238000000.0,0.1678065289,7861700000.0,1781300000.0,2625000000.0,1059300000.0,6080400000.0,1055100000.0,3013104000.0,5914434000.0,9568434000.0,16.164246823956443,2.4780515434721044,0.6283494664003969,2.7731965418514566,0.015353655898130805,16.164246823956443,0.040419918037388425,4.170086723542269,20.53622916666667,3.320290798854769,0.2861111111111111,1.118661738223865,0.0034830044599364874,0.18040627345230675,1.3566506183328613,0.009158324535405828,-8.45402229845626,0.16780652894310089,1.9545454545454548,0.578941414213907,0.4048070779753844,1.1654212522597789,0.022776106574989255,1.9268292682926829,-0.08395396073121192,0.2575090744101632,0.38474597449955344,0.755873631430771,Packaging & Containers,Consumer Cyclical,SLGN
2022Q4,2022,Q4,2023-02-23,2022-12-31,24600000.0,1455400000.0,147700000.0,0.22,232700000.0,0.1598873162,7345800000.0,1718300000.0,2132700000.0,1357800000.0,5627500000.0,769400000.0,2961079000.0,5710072320.0,8629933320.0,15.599920107491739,1.570702607158639,0.477206158621253,2.0400750742012455,0.014958200521832648,15.599920107491739,0.014316475586335331,3.923369740277587,58.02919024390244,3.3230939416865506,0.7154471544715447,1.5891603847153626,0.003082272695278227,0.19812682076833021,0.915893356900869,0.003348852405456179,7.028646381093058,0.1598873162017315,-0.8240000000000001,-0.8312157310362831,0.4654082839176226,1.24874335408902,-0.24398960363872643,-0.8226387887527037,-0.3268003646308113,-0.2898106323437292,0.39658432461502524,0.6890937044548949,Packaging & Containers,Consumer Cyclical,SLGN
2022Q3,2022,Q3,2022-11-03,2022-09-30,138700000.0,1970400000.0,219400000.0,1.25,307800000.0,0.1562119367,7519400000.0,1693200000.0,2332300000.0,1090100000.0,5826200000.0,851100000.0,2954292000.0,4636213240.0,8821900240.0,15.353506043652125,2.1395284836253556,0.5890479293560656,2.615926647767541,0.026765373546498952,15.353506043652125,0.08191589888967635,2.3529299837596427,8.356548738284065,2.7381368060477205,0.12689257390050468,1.9534719774409588,0.0037962015741967903,0.2620421842168258,1.2546555361893403,0.01844562066122297,24.337077375328082,0.15621193666260658,0.5060240963855422,0.9181336048652169,0.5568069106810297,1.7200781984115017,0.12376779846659365,0.4962243797195254,0.3593556381660471,0.7185967220171221,0.5017177422943979,0.7605336687515284,Packaging & Containers,Consumer Cyclical,SLGN
2022Q2,2022,Q2,2022-08-04,2022-06-30,92700000.0,1543800000.0,161400000.0,0.83,273900000.0,0.1774193548,7874500000.0,1625500000.0,2553100000.0,1241300000.0,6249000000.0,1253900000.0,2833431000.0,4583234000.0,9140329000.0,14.665283291230603,2.056795295254975,0.6101841386754715,2.9559489387880653,0.017994802666885565,14.665283291230603,0.05702860658258997,2.9688003627412876,12.360393743257822,2.8195841279606277,0.1941747572815534,1.0127601882127761,0.003927357843828179,0.19605054289161217,0.9498912430516394,0.011772176011175313,-34.101443452380956,0.1774193548387097,0.09210526315789468,2.305052058886463,0.504272416448057,1.9804981030698072,0.17301927194860814,0.09187279151943463,0.11464088397790055,2.0039908748692308,0.41662791710471364,0.7534745841341072,Packaging & Containers,Consumer Cyclical,SLGN
2022Q1,2022,Q1,2022-05-04,2022-03-31,84900000.0,1441900000.0,144800000.0,0.76,233500000.0,0.1619391081,7710400000.0,1638200000.0,2281800000.0,1177800000.0,6072200000.0,1018700000.0,2758697000.0,5113038000.0,9377372000.0,14.811934900542495,1.9373408048904737,0.5867314276820917,2.7615272860456597,0.01771767469074652,14.811934900542495,0.05182517397143206,3.5460420278798805,15.056060070671377,3.1211317299475034,0.22025912838633688,1.1862177284774713,0.0036573168437238294,0.18700715916165178,0.9445576498556632,0.01101110188835858,-15.221905328966955,0.16193910812122894,0.0,2.642216618967914,0.7842858131428798,2.329865404010391,0.0919787496726402,-0.0015523567598080723,0.1294499391594646,0.8181436778536451,0.4051966503660789,0.8215971447724345,Packaging & Containers,Consumer Cyclical,SLGN
2021Q4,2021,Q4,2022-02-24,2021-12-31,85032000.0,1439264000.0,128204000.0,0.76,213832000.0,0.1485703804,7770846000.0,1562696000.0,2295849000.0,1508522000.0,6208150000.0,798837000.0,2691745000.0,4732363440.0,7894101440.0,14.146397986710843,1.5219194681946966,0.488129220422075,2.4273287958758454,0.02042690391936181,14.146397986710843,0.05441365435119819,3.288044055850768,13.91347798475868,3.0283327275426575,0.18187270674569575,1.5340200816937624,0.0032679231415920157,0.18521329595258998,0.8901235779126854,0.010942437927607882,9.401753932162377,0.1485703804166574,-0.2083333333333333,2.8007087108589745,0.8915655256671956,2.525938805630772,-0.13858697841552728,-0.20001505287321716,-0.23650374887593276,1.2294379405201128,0.34630181669101195,0.7756336780650769,Packaging & Containers,Consumer Cyclical,SLGN
2021Q3,2021,Q3,2021-11-04,2021-09-30,106292000.0,1651070000.0,167917000.0,0.96,248234000.0,0.15034735050603548,7547840000.0,1456706000.0,2181374000.0,2041088000.0,6091134000.0,762182000.0,2622401000.0,4237437400.0,8092697400.0,13.187036617933282,1.0687309905305407,0.5466235373298851,2.8322990363189278,0.02269450784055484,13.187036617933282,0.07296736609858132,2.566479555682073,9.96650124186204,2.9089173793476513,0.145504835735521,1.8405525189521663,0.0036498474290145265,0.2187473502352991,0.638995966856892,0.014082439479374232,27.48994388400532,0.15034735050603548,0.12941176470588234,0.6672377555000747,0.5854857379092657,1.1208971903854092,0.056836566134772906,0.1250688005419366,0.09782679759927822,0.25652588393894166,0.26544835648506043,0.6001872001844941,Packaging & Containers,Consumer Cyclical,SLGN
2021Q2,2021,Q2,2021-08-04,2021-06-30,94476000.0,1348661000.0,152954000.0,0.85,234884000.0,0.1741608899493646,6724319000.0,1388580000.0,2053256000.0,1315155000.0,5335739000.0,907805000.0,2531783000.0,4583343000.0,7835774000.0,12.572934209811486,1.56122738384449,0.5081930229663405,2.4609687594521024,0.02376065813386926,12.572934209811486,0.06803785161819989,3.3984396375367867,12.128326241585166,3.3007410448083654,0.1641580930606715,1.22689013609751,0.003383774681493399,0.20056469658860623,0.8034284932194304,0.014049898584525808,-49.81623824792131,0.1741608899493646,0.2878787878787878,2.10714485295918,0.6894770284541606,1.2068644932896846,0.060587178167303336,0.2892291316985303,0.20816745655608215,0.7102371283221189,0.27573987777784037,0.660042607659326,Packaging & Containers,Consumer Cyclical,SLGN
2021Q1,2021,Q1,2021-05-05,2021-03-31,73281000.0,1238110000.0,126600000.0,0.66,221466000.0,0.17887425188391984,6441472000.0,1276356000.0,1819238000.0,1155108000.0,5165116000.0,788637000.0,2452996000.0,4631958180.0,7800241180.0,11.581547284176905,1.5749505673928326,0.5213736860146252,2.6312517824180714,0.02016958774642761,11.581547284176905,0.05741423239284338,3.741152385490788,15.802043435542638,3.6290487763602006,0.21908816746496362,1.2891152710309053,0.0034661366480644696,0.19220917206501867,0.8035776741222466,0.011376436938637628,-19.226764046622833,0.17887425188391984,0.2222222222222222,2.0254876803742703,0.7133962031072592,1.0960618980458305,0.10813339671261665,0.21933809214795588,0.2057142857142857,0.60694592102341,0.22626454024423287,0.551506166438861,Packaging & Containers,Consumer Cyclical,SLGN
2020Q4,2020,Q4,2021-02-25,2020-12-31,60099000.0,1226590000.0,105000000.0,0.54,199855000.0,0.16293545520508076,6511586000.0,1252873000.0,1799193000.0,1191620000.0,5258713000.0,677534000.0,2395395000.0,4093298280.0,6935070280.0,11.34941254268917,1.5098714355247478,0.4993027812271849,2.5950379647418376,0.017915467831559326,11.34941254268917,0.04796894816952716,3.337136516684467,17.027314431188536,3.267129453663699,0.2198206292949966,1.5153999651677996,0.003227470635245277,0.1883703908694441,0.8635437471677212,0.009229548684452605,9.6306782392648,0.16293545520508076,-0.4653465346534653,1.478362237408867,0.6185841664442012,1.1458242161630863,-0.2264206447817117,-0.4674482281946992,-0.39666614952336626,-0.5885594857889641,0.2323062177657999,0.6360286368345013,Packaging & Containers,Consumer Cyclical,SLGN
2020Q3,2020,Q3,2020-11-06,2020-09-30,112851000.0,1488499000.0,174033000.0,1.01,258351000.0,0.17356477901563924,6452579000.0,1218863000.0,1822091000.0,1242341000.0,5233716000.0,678181000.0,2348728000.0,4078565170.0000005,7332576170.0,10.98856844060187,1.4666593149545897,0.5343243376020658,2.828677218030246,0.028765060846887954,10.98856844060187,0.09258710782097741,2.7400523413183353,9.035288056818283,3.3462047580408956,0.11795198979184943,1.8138933411581863,0.0032636477401193514,0.23068280140390376,0.8525799277332069,0.017489286066857918,33.01332467238128,0.17356477901563924,0.44285714285714295,0.7483429650435782,0.34731395236655416,1.1013201436205742,0.152863740824204,0.443624315611728,0.3261273755276834,0.55165342379826,0.1692727227302465,0.9467713343162866,Packaging & Containers,Consumer Cyclical,SLGN
2020Q2,2020,Q2,2020-08-07,2020-06-30,78172000.0,1176470000.0,131234000.0,0.7,224095000.0,0.1904808452404226,6373056000.0,1089694000.0,1827723000.0,1363128000.0,5283362000.0,821448000.0,2249391000.0,3592083390.0,6898844390.0,9.825826638172785,1.3408300614469073,0.5488486214462889,3.209931411937663,0.021217282567094382,9.825826638172785,0.0717375703637902,3.053272408136204,11.487755814102236,3.2964147641447967,0.17077726040014327,1.1593856214879092,0.003716506147147102,0.1846006060514767,0.6751801738354726,0.012266014922825093,56.97830671129229,0.1904808452404226,0.34615384615384603,1.018097929652163,0.40340141893507814,1.0383214960918479,0.21068298955148085,0.35715277777777776,0.28483175218570406,1.7855492965371982,0.14571702714939902,0.9969513765669177,Packaging & Containers,Consumer Cyclical,SLGN
2020Q1,2020,Q1,2020-05-08,2020-03-31,57600000.0,1030384000.0,102141000.0,0.52,185098000.0,0.17963982359974534,5528538000.0,1020575000.0,1982345000.0,1643834000.0,4507963000.0,697808000.0,2184691000.0,3217215240.0,5631593240.0,9.205814435965435,1.2059277274955986,0.5479249667814529,2.9681542267839207,0.018825000312961963,9.205814435965435,0.05643877226073537,3.122345882700042,13.9636078125,3.1523555250716506,0.23907986111111112,1.2113446678742577,0.004280409911274696,0.1863754938466553,0.7394566604657161,0.01041866764775787,-13.791040238680058,0.17963982359974534,0.6774193548387097,0.9594759218604335,0.4295621615831648,1.1297887556085167,0.1818361756874964,0.6530823097233384,0.4295251291094596,1.4652046748313856,0.2720401068207208,1.0695556125444496,Packaging & Containers,Consumer Cyclical,SLGN
2019Q4,2019,Q4,2020-03-02,2019-12-31,34844000.0,1048292000.0,71451000.0,0.31,156619000.0,0.14940398285973755,4931059000.0,1023322000.0,1406808000.0,1018529000.0,3907737000.0,633005000.0,2141302000.0,3443695080.0,5484292080.0,9.235674768278265,1.3812154587645515,0.4551600376308618,2.1932695671548155,0.015856380903250127,9.235674768278265,0.03404988850039382,3.285053286679666,24.70794885776604,3.3652116147214657,0.3508495006313856,1.4086350028830736,0.0035499658698005285,0.21258962831310677,0.6959153838525952,0.00706623060076953,7.727006708999933,0.14940398285973755,-0.5753424657534246,0.6826923883635213,0.3146596215855162,0.645248803156377,-0.2456277243937095,-0.5712774072889238,-0.4615396209352274,0.5527271455957007,0.37356162084746963,1.3019587100722325,Packaging & Containers,Consumer Cyclical,SLGN
2019Q3,2019,Q3,2019-11-08,2019-09-30,81274000.0,1321342000.0,132695000.0,0.73,207615000.0,0.1571243478221384,5074017000.0,968530000.0,1633309000.0,1617777000.0,4105487000.0,703206000.0,2118860000.0,3335627030.0,5869623030.0,8.720938608654937,1.0096008287916072,0.5225416075665493,2.737535233807936,0.027111731237314807,8.720938608654937,0.08391479871557928,2.5244236768376394,10.260437009375693,3.444010025502566,0.15010950611511675,1.5837848368756808,0.0036574832528563604,0.26041339632878646,0.5370288982968604,0.016017683819348653,43.89907125184249,0.1571243478221384,1.6071428571428568,0.11514120234413684,0.2290171991205028,0.41642601063597534,0.13133674453580946,1.6255532224196414,0.93435764369743,0.26801222622653553,0.2620801661355342,0.4026058111847941,Packaging & Containers,Consumer Cyclical,SLGN
2019Q2,2019,Q2,2019-08-08,2019-06-30,30955000.0,1093163000.0,68599000.0,0.28,183513000.0,0.1678734095464263,5111218000.0,929902000.0,1659851000.0,1696887000.0,4181316000.0,822584000.0,2049995000.0,3447846850.0,6047496850.0,8.363556235103657,0.9781741506653066,0.5304001903264545,2.915351295082708,0.014508239405535571,8.363556235103657,0.03328845405214743,3.1540098320195615,27.845637619124535,3.7077529137479,0.3958649652721693,1.1058445094969025,0.0035541021782913586,0.21387524460901491,0.45849959366769855,0.0060562863880977095,-124.42159611706542,0.1678734095464263,-0.33333333333333326,-0.19614634483190363,0.36171103052133613,0.40246631022165613,0.10551997927673391,-0.3377476359590946,-0.2091604989509119,0.011250788824261324,0.3602617256910514,0.4680133519253144,Packaging & Containers,Consumer Cyclical,SLGN
2019Q1,2019,Q1,2019-05-08,2019-03-31,46742000.0,1027131000.0,86742000.0,0.42,165997000.0,0.16161229677616584,4924573000.0,900207000.0,1494836000.0,1298785000.0,4024366000.0,686213000.0,2031487000.0,3305770740.0,5855946740.0,8.131290139013089,1.1509495413020632,0.5465602804547725,2.9899523109684774,0.018926746007935574,8.131290139013089,0.05192361312453691,3.2184509473475145,17.680944011809505,3.6722339861831776,0.3029609344914638,1.2549077327302165,0.004283721139113235,0.20857260111688872,0.5682241479536644,0.009491584346500702,-15.196710093227663,0.16161229677616584,0.23529411764705868,0.703444659857268,0.3766720220317064,0.42412381813945516,0.08942646566603882,0.22386887306242145,0.12148010239702117,0.9210275999077,0.41496832334691114,0.47162438870553797,Packaging & Containers,Consumer Cyclical,SLGN
2018Q4,2018,Q4,2019-02-28,2018-12-31,38192000.0,1070492000.0,77346000.0,0.34,152371000.0,0.14233735516005724,4579294000.0,881265000.0,1290134000.0,1079068000.0,3698029000.0,634806000.0,1997785000.0,2612726300.0,4844521300.0,7.966957465081589,1.1956002772763161,0.5032684077501903,2.6151203100089075,0.01867805771276551,7.966957465081589,0.043337702053298385,2.440678024683977,17.102575801214915,2.9647453376680115,0.28032048596564724,1.4463017047727966,0.0040976354852017985,0.23376791269571248,0.5413477185867804,0.00834015025023508,5.977520293210583,0.14233735516005724,-0.5526315789473684,0.882576866388956,0.42017822892513557,0.4164214061193213,-0.2534748930707913,-0.5492984340150344,-0.4413636199487198,0.5717721268587761,0.4097397249454189,0.5063061804662039,Packaging & Containers,Consumer Cyclical,SLGN
2018Q3,2018,Q3,2018-11-08,2018-09-30,84739000.0,1306999000.0,138455000.0,0.76,204107000.0,0.1561646183355917,5058199000.0,911917000.0,1712545000.0,1459854000.0,4146282000.0,690378000.0,1970875000.0,3057452910.0,5805762910.0,8.240933696015615,1.1730933367309333,0.5772171083027773,3.2016937945010344,0.027772184054824088,8.240933696015615,0.09292402707702566,2.339292463115886,9.020205896930575,3.352775428026893,0.13483756003729097,1.597519040293868,0.003737097622216527,0.2583921668562269,0.6539523815395238,0.016752800749832104,48.82784084194388,0.1561646183355917,0.52,0.25916482143570346,0.2833280099317452,0.6614814186503768,0.1781067821067821,0.5311602189978859,0.3298020496172575,0.31595014863062604,0.18585175215142424,0.575895902299233,Packaging & Containers,Consumer Cyclical,SLGN
2018Q2,2018,Q2,2018-08-08,2018-06-30,55343000.0,1059103000.0,104117000.0,0.5,173250000.0,0.16358182348647865,5059677000.0,838010000.0,1726825000.0,1553748000.0,4221667000.0,833719000.0,1897417000.0,2968605350.0,5750057350.0,7.573862352569027,1.111393224641319,0.5855456781134448,3.535365926420926,0.021144213707595026,7.573862352569027,0.0660409780312884,2.8029430093201513,13.410030853043745,3.5424462118590467,0.2002782646405146,1.062531860255074,0.0037337398182617975,0.20932225515581332,0.5340280405831577,0.010938049998053236,-66.19406760764376,0.16358182348647865,0.2195121951219513,0.07063125578571239,0.38594827397248727,0.7613890559270985,0.08258245122911381,0.2104503401062969,0.1294721312186761,0.4320473568040142,0.2663184119973733,0.5711621027086504,Packaging & Containers,Consumer Cyclical,SLGN
2018Q1,2018,Q1,2018-05-04,2018-03-31,45721000.0,1012280000.0,92182000.0,0.41,160034000.0,0.15809262259453907,4952487000.0,824791000.0,1568537000.0,1459296000.0,4127696000.0,743286000.0,1853351000.0,3077202200.0,5836023200.0,7.464712377366687,1.0748586989891016,0.5923005956401299,3.556490068393084,0.018175873980721437,7.464712377366687,0.055433437076786725,3.0398725649029914,16.825978215699568,3.7308872187014654,0.2478729686577284,1.1465922942178381,0.0036828909065514124,0.20439831543222628,0.516087209174835,0.00923192731247957,-22.088089581164986,0.15809262259453907,-0.6870229007633588,1.1619563140272837,0.529881192709203,0.9415201210123535,0.007751742725263377,-0.6870996441281139,0.06655096609973389,0.560576428387923,0.4091475474355879,0.7269803335439492,Packaging & Containers,Consumer Cyclical,SLGN
2017Q4,2017,Q4,2018-03-01,2017-12-31,146120000.0,995704000.0,86430000.0,1.31,158803000.0,0.15948816114025854,4645449000.0,766065000.0,1291922000.0,958277000.0,3879384000.0,721290000.0,1809845000.0,3245508310.0,5739266310.0,6.937172300754331,1.3481717707927874,0.5483411829513143,3.325163008360909,0.06760534047124443,6.937172300754331,0.19074099456312454,3.259511169986261,5.552813287024364,4.236596515961439,0.06925814399124007,1.1602836584452856,0.00311815562721514,0.2143396687812093,0.530295519980131,0.03145444067946931,9.435933822161232,0.15948816114025854,1.0153846153846153,5.241981765233854,0.45409002654588587,0.2748351871712094,-0.25289919504702224,1.0187339393771933,-0.3762539151018287,6.080222882079142,0.2529156821757565,0.23579215503637094,Packaging & Containers,Consumer Cyclical,SLGN
2017Q3,2017,Q3,2017-11-09,2017-09-30,72382000.0,1266930000.0,138566000.0,0.65,212559000.0,0.16777485733229144,5021090000.0,623103000.0,1668340000.0,1319338000.0,4397987000.0,704384000.0,1651760000.0,3248807130.0,6155791130.0,5.644509063238851,1.2645281194053382,0.618624641263152,4.985002479525857,0.024906212747826843,5.644509063238851,0.11616378030598472,2.564314626696029,11.221046427288552,5.213916687931209,0.13981376585338898,1.4968696052153372,0.0031149894699966387,0.2523217070397065,0.6832919236768743,0.014415595020204777,35.514627888672685,0.16777485733229144,1.6,0.15662486641448226,0.39739666425632886,0.06360598707715254,0.28676243575540744,1.5919215068395045,0.8418247311685032,-0.0008631254497349117,0.18552719726613157,-0.08323750307019814,Packaging & Containers,Consumer Cyclical,SLGN
2017Q2,2017,Q2,2017-08-09,2017-06-30,27926000.0,1021814000.0,75233000.0,0.25,165189000.0,0.16166249434828647,4894572000.0,543007000.0,1569358000.0,1279205000.0,4351565000.0,830887000.0,1589498000.0,3507177240.0,6458856240.0,4.920413563130901,1.226822909541473,0.6320801900554328,5.6974624636514815,0.013869984141709923,4.920413563130901,0.05142843462423136,3.432304940038011,31.397060445463012,6.45880668205014,0.3630308672921292,1.0309765347153104,0.002890643758853773,0.20876472958207581,0.5241106781164864,0.005705503974606973,-87.0872377830751,0.16166249434828647,0.19047619047619052,2.335034951209315,0.5713861727862406,0.04032240548270891,0.32611627570926255,0.20204889807162535,0.32541136675945176,-0.26937034520756636,0.2823726871365948,-0.1749066951107479,Packaging & Containers,Consumer Cyclical,SLGN
2017Q1,2017,Q1,2017-05-05,2017-03-31,23232000.0,805407000.0,56762000.0,0.21,124566000.0,0.15466217701112606,3650006000.0,490326000.0,1443499000.0,1092992000.0,3159680000.0,712854000.0,1571711000.0,3271626400.0,5093016400.0,4.448208291753606,1.320685787270172,0.5950705286511858,4.429728384788896,0.014712173624320873,4.448208291753606,0.04738072221338457,4.062078427428617,35.20603477961433,6.672349416510648,0.43539084022038566,0.9550917859758099,0.0030917344352032372,0.2206590893275244,0.6242397016629582,0.006364921043965407,-18.193693763833124,0.15466217701112606,0.036729857819905225,-0.0998163700742307,0.330173109179487,-0.10361688441741661,0.13228436639306262,-0.019581363943281565,0.0868116719001302,-0.14966421196258653,0.08418443937756206,-0.2209355135493177,Packaging & Containers,Consumer Cyclical,SLGN
2016Q4,2016,Q4,2017-03-01,2016-12-31,23696000.0,805891000.0,52228000.0,0.20256,110013000.0,0.13651101699857673,3149390000.0,469415000.0,962178000.0,861825000.0,2679975000.0,602963000.0,1558594000.0,2994030000.0,4530923000.0,4.012094017094017,1.116442433208598,0.4958366540822191,3.3266576483495416,0.01737434369668019,4.012094017094017,0.05047985258246967,3.7151798444206476,31.58792623227549,6.378215438364773,0.4023041863605672,1.1540973492569195,0.0031840028323029497,0.255887965606038,0.3630516636208047,0.007523996710474092,8.186023748526996,0.13651101699857673,-0.6477217391304348,-0.23351124049813998,0.1569072710067723,-0.14391620592285034,-0.3953303030136474,-0.6603697864411638,-0.5733250549396685,0.10429096549323402,0.01079687892521443,-0.2867018715635848,Packaging & Containers,Consumer Cyclical,SLGN
2016Q3,2016,Q3,2016-11-08,2016-09-30,69770000.0,1139643000.0,122407000.0,0.575,181939000.0,0.15964560831769248,3501519000.0,751654000.0,1298358000.0,966401000.0,2749865000.0,638091000.0,1544431000.0,3057912550.0,4782762550.0,6.217668955248573,1.3434981958834893,0.5193206148531537,2.4192128293071016,0.03162085512893629,6.217668955248573,0.09282196329694248,2.6832197012573236,10.957118209832306,4.068244897253257,0.14950551813100185,1.500889371578662,0.0034111505248899283,0.3254710312867073,0.6303459950889951,0.019925637987399183,27.48092591261211,0.15964560831769248,1.0909090909090906,0.025663344517546514,0.14932717384323826,0.30370493117641634,0.42465957230222307,1.0942518385111812,0.8093893660108498,-0.05102125653053205,0.024282516183887472,0.2535644403327124,Packaging & Containers,Consumer Cyclical,SLGN
2016Q2,2016,Q2,2016-08-03,2016-06-30,33315000.0,874642000.0,67651000.0,0.275,127707000.0,0.14601059633541494,3554175000.0,689406000.0,1367419000.0,1078286000.0,2864769000.0,806539000.0,1485093000.0,3113535840.0,4928165840.0,5.69719357397858,1.268141290900559,0.5444574338629922,2.8069047846987116,0.016915191151238202,5.69719357397858,0.048324209536905686,3.55978313412802,23.364369203061685,4.516258692265516,0.31388263544949724,0.9260990479071688,0.003358560985763376,0.24608861409469146,0.4778676529232504,0.009373483297811729,-50.57068347193347,0.14601059633541494,0.2500000000000001,-0.24572172724236513,0.23325479025830495,0.2564539978800561,0.12144682420506336,0.2537633599277435,0.1776450927827873,-0.41070229711272627,0.04654248141027189,0.32494808376075585,Packaging & Containers,Consumer Cyclical,SLGN
2016Q1,2016,Q1,2016-05-06,2016-03-31,26572000.0,792738000.0,57446000.0,0.22,113877000.0,0.14365023500828772,3384465000.0,668030000.0,1206757000.0,934354000.0,2716435000.0,752971000.0,1462236000.0,3214179670.0,4965575670.0,5.5253841954640945,1.2915415356492292,0.5371631853188022,2.721449635495412,0.014979158362557017,5.5253841954640945,0.03977665673697289,4.054529579760274,30.240287426614483,4.811430130383367,0.39349691404485926,0.9015765547411521,0.003253085102115651,0.23422845265056663,0.43403998912617703,0.007851167023443883,-15.104440711100251,0.14365023500828772,0.0,0.1780756320100123,0.3052980069565246,0.3157583626003408,0.006638615349256581,0.0009417259954043771,0.09348053678500047,0.1482931835396462,0.09492425278148513,0.4371142583261281,Packaging & Containers,Consumer Cyclical,SLGN
2015Q4,2015,Q4,2016-02-25,2015-12-31,26547000.0,829616000.0,52535000.0,0.22,113126000.0,0.13635947233418835,3192679000.0,639184000.0,1045258000.0,781213000.0,2553495000.0,628138000.0,1446193000.0,3246031000.0,4659633000.0,5.28906909391808,1.3379936073772454,0.47406801623338896,2.3679363062905203,0.018009338616613243,5.28906909391808,0.04153264161806303,3.912690931708164,30.56871774588466,5.0783983954542045,0.3699853090744717,1.1406569893876823,0.0030258491061853693,0.25984948690425813,0.4876851767699718,0.008314960570730725,10.903698354047698,0.13635947233418835,-0.6206896551724138,1.0590147717404648,0.4811397528387005,0.4668594673502274,-0.38885827579873156,-0.6224614596962285,-0.5691132928159576,0.03625053207266003,0.10706889271025459,-0.0280346089179116,Packaging & Containers,Consumer Cyclical,SLGN
2015Q3,2015,Q3,2015-11-06,2015-09-30,70316000.0,1203525000.0,121923000.0,0.58,185106000.0,0.1538032030909204,3514415000.0,631885000.0,1359852000.0,975617000.0,2882530000.0,580276000.0,1429468000.0,3144100680.0,4971711680.0,5.229364251783438,1.3938379507532157,0.5496829486557506,3.057224020193548,0.03191983897666337,5.229364251783438,0.11127974235818226,2.612409945784259,11.178468200694011,4.975748245329451,0.1394561692929063,1.7550596612646396,0.0031188568681585604,0.34245386501025066,0.7459833110739152,0.020007881823859732,88.9546097043429,0.1538032030909204,0.6571428571428571,0.3696687070102017,0.5260843391671217,0.009479158797955044,0.3849330749605333,0.664520405264653,0.5573054374065984,0.026503935386329225,0.21273723876988987,-0.014620569390564171,Packaging & Containers,Consumer Cyclical,SLGN
2015Q2,2015,Q2,2015-08-07,2015-06-30,42244000.0,914229000.0,78291000.0,0.35,133657000.0,0.14619641249621265,3526952000.0,583026000.0,1382239000.0,1038368000.0,2943926000.0,753335000.0,1368956000.0,3190555480.0,5047968480.0,4.820548013162899,1.3311648664057445,0.5625506102719856,3.4030883699869303,0.020938795391117482,4.820548013162899,0.07245645991773952,3.489886538274327,18.881707934854653,5.472406856641042,0.232482719439447,1.036155229745067,0.0030781473826620312,0.2592122036251131,0.5495344617707788,0.01197748083897938,-76.5874236059435,0.14619641249621265,0.32075471698113195,0.4779121369650247,0.6712042781801036,0.027137813934437868,0.09342506769636034,0.26843622387701177,0.16745947719240692,3.6032970579724415,0.28285739924252484,0.019207845124197497,Packaging & Containers,Consumer Cyclical,SLGN
2015Q1,2015,Q1,2015-05-08,2015-03-31,33304000.0,816601000.0,67061000.0,0.265,122237000.0,0.14968999548126932,3353306000.0,542903000.0,1250916000.0,922380000.0,2810403000.0,680178000.0,1336533000.0,3650622130.0,5432351130.0,4.322407286508176,1.356182918103168,0.5698278057534862,3.5196103171284743,0.01798200892120092,4.322407286508176,0.061344291705884846,4.47050901235732,27.403781302546243,6.724262216270679,0.3090319481143406,1.0208563052612698,0.0028192454966573053,0.243521169854466,0.554958910644203,0.0099316912921159,-18.887543226994755,0.14968999548126932,0.4324324324324325,0.5173100120263645,0.5005088455474975,-0.05544969849684512,-0.0021632299880818273,0.4090370621086478,0.134166553916926,0.13251552006452952,0.18360263677998223,-0.12896774247736234,Packaging & Containers,Consumer Cyclical,SLGN
2014Q4,2014,Q4,2015-02-27,2014-12-31,23636000.0,910164000.0,59128000.0,0.185,122502000.0,0.1345933260379448,3303924000.0,709956000.0,1157832000.0,664562000.0,2593968000.0,548765000.0,1313521000.0,3389449600.0,4765821600.0,5.613542918590676,1.742248277813056,0.48395877144873795,2.252200136346478,0.014683850348184585,5.613542918590676,0.033292204023911344,3.723998751873289,35.85049923844983,4.774168540022199,0.40687933660517855,1.435335708363325,0.0028373338255273067,0.27547970231760777,0.8025180494822154,0.007153917584060651,9.645696723060944,0.1345933260379448,-0.7175572519083969,0.17489803825045436,0.5744437952816599,0.26307621644031215,-0.40421372085558377,-0.7161727268360633,-0.5994987638432621,-0.2927121368689532,0.20874133520416943,0.1977942439750681,Packaging & Containers,Consumer Cyclical,SLGN
2014Q3,2014,Q3,2014-11-07,2014-09-30,83276000.0,1228444000.0,147635000.0,0.655,205614000.0,0.1673775931177978,3630176000.0,781299000.0,1407455000.0,890157000.0,2848877000.0,588290000.0,1299502000.0,2982056000.0,4803197000.0,6.1570025847938465,1.5811311937107724,0.5418552709290128,2.517640493588242,0.03485091135276353,6.1570025847938465,0.10658659488876858,2.427506666970574,8.952327201114366,3.816792290787522,0.1158917335126567,1.7386493056145778,0.00323635773439533,0.33839791789709367,0.8562950131268978,0.022939934592702944,39.24170965364775,0.1673775931177978,0.8985507246376814,0.3643096485770234,0.4552256188484291,0.43413403133253675,0.4307862525833815,0.8925073290457469,0.7150906133828996,0.16626814443476404,0.18024632327861767,0.29098456171196635,Packaging & Containers,Consumer Cyclical,SLGN
2014Q2,2014,Q2,2014-08-08,2014-06-30,44003000.0,917336000.0,86080000.0,0.345,143707000.0,0.15665688471835837,3640898000.0,757658000.0,1391214000.0,902592000.0,2883240000.0,748227000.0,1225877000.0,3228340500.0,5111884500.0,5.963463203463204,1.5413542331418848,0.5541138477375637,2.6627739692578976,0.020334632314509587,5.963463203463204,0.05807765508976345,3.5192563030340027,18.34159318682817,4.260946891605447,0.2196895666204577,1.0339495901644822,0.002994417720187818,0.2519532269236875,0.6443808498191874,0.012085754668216467,-34.79902663547876,0.15665688471835837,0.40816326530612235,0.5687985112784192,0.5977250322094659,0.5779682325676921,0.12264954260313889,0.39798576693353666,0.2656962211439494,-0.051115220519019094,0.2319422047798655,0.3151768648733858,Packaging & Containers,Consumer Cyclical,SLGN
2014Q1,2014,Q1,2014-05-09,2014-03-31,31476000.0,855846000.0,68010000.0,0.245,128007000.0,0.14956779607546217,3439126000.0,725095000.0,1196228000.0,735014000.0,2714031000.0,648723000.0,1191541000.0,3144371440.0,4920958440.0,5.709679197442399,1.6274900886241623,0.540779546896508,2.5649177004392527,0.01730716566475424,5.709679197442399,0.04340948427447438,3.673992096708987,24.97435697039014,4.336495824685041,0.30782183250730716,1.121956520733811,0.0030813789607502607,0.24885566856230332,0.6586908548680706,0.009152325329167934,-24.176871986898053,0.14956779607546217,0.36111111111111116,0.3643624848433968,0.5665540848668621,0.618711270433894,0.06686724896652887,0.35229420862691185,0.2300151920711857,0.3285525835982061,0.34160882389807207,0.35964448553048267,Packaging & Containers,Consumer Cyclical,SLGN
2013Q4,2013,Q4,2014-02-28,2013-12-31,23276000.0,864827000.0,55292000.0,0.18,119984000.0,0.13873757410441626,3321082000.0,713843000.0,1082448000.0,620256000.0,2607239000.0,515570000.0,1169754000.0,3047157120.0,4590530120.0,5.624708459404942,1.7451632874168086,0.5130364140361484,2.386849769487128,0.014921765191845446,5.624708459404942,0.03260660957661558,3.5234296801556844,32.72853067537378,4.268665686992799,0.38791029386492526,1.4446981011307873,0.0029630897405119694,0.26040519324726097,0.7956456688851055,0.007008559258699424,9.333365351629503,0.13873757410441626,-0.7024793388429752,0.1589747610789269,0.41418995637327566,0.6501695303699745,-0.36119259949421,-0.6983997408487205,-0.5930192331755717,0.7190809495177876,0.4702531733308418,0.5599449937703614,Packaging & Containers,Consumer Cyclical,SLGN
2013Q3,2013,Q3,2013-11-08,2013-09-30,77175000.0,1167921000.0,135859000.0,0.605,187825000.0,0.16081995271940483,3203099000.0,629413000.0,1331809000.0,617203000.0,2573686000.0,544519000.0,1155507000.0,2982103000.0,4647558000.0,4.959991489227568,2.1578135556696907,0.5619333027171498,2.859693079107041,0.03630602775454024,4.959991489227568,0.12261424533652784,2.5533430771430603,9.660197602850664,4.737911355501078,0.11699384515711046,1.79992984634145,0.003027729089169623,0.36462219868945667,1.1700234768787579,0.024093854108162126,22.372540193408508,0.16081995271940483,0.3010752688172042,0.74741515668217,0.44814719326822944,0.26993673461117446,0.46555087390761546,0.2964269515698231,0.8137507509512049,0.4314374956168745,0.4101693203348928,-0.04252069752401414,Packaging & Containers,Consumer Cyclical,SLGN
2013Q2,2013,Q2,2013-08-08,2013-06-30,59529000.0,880029000.0,74905000.0,0.465,128160000.0,0.14563156441435451,3209105000.0,547898000.0,1346379000.0,1013154000.0,2661207000.0,721005000.0,1087361000.0,2998192600.0,4763231600.0,4.29993721550777,1.3288986669351353,0.5852828124975655,3.4280723784354024,0.030910075402953197,4.29993721550777,0.10864978517899317,3.4069247717972932,12.591310957684492,5.472172922697291,0.1522619227603353,1.0428069153473276,0.0030231546832581732,0.2742287958792249,0.5544803652751704,0.018550031862466326,-25.375294954043028,0.14563156441435451,1.4473684210526316,1.1235070284562558,0.4221395264018131,0.16879415408169787,0.15176188293656143,1.3406204537412023,0.2887103434037575,0.9768152273642783,0.5269521867525743,-0.08379128274793202,Packaging & Containers,Consumer Cyclical,SLGN
2013Q1,2013,Q1,2013-05-10,2013-03-31,25433000.0,795741000.0,58124000.0,0.19,111273000.0,0.13983570030952283,3099652000.0,510894000.0,1218665000.0,915163000.0,2588758000.0,645770000.0,1036896000.0,3163208400.0,4788220400.0,3.8447772426249247,1.3316370963424002,0.5754352424078574,3.4912310577145163,0.01582660587317307,3.8447772426249247,0.04978136364881952,3.975173329010319,31.093543821019935,6.191516048338794,0.35701647465890773,1.0599253604224415,0.0028705032523307665,0.25671946399144163,0.5549973064907563,0.008205114638675567,-33.63326315789474,0.13983570030952283,-0.09523809523809519,0.3664995620131138,0.33025063700087987,0.12349193709050198,0.016990513097044253,-0.133723900677816,-0.009407594246369895,0.09524795850960842,0.38209317800965353,-0.1598233893716227,Packaging & Containers,Consumer Cyclical,SLGN
2012Q4,2012,Q4,2013-02-28,2012-12-31,29359000.0,858802000.0,58676000.0,0.21,109414000.0,0.1274030568163558,3293543000.0,753643000.0,1378487000.0,702559000.0,2539900000.0,515927000.0,1020543000.0,2876561920.0,4082269920.0,5.441622862754159,1.9620942867431774,0.5074523089572537,2.2176494706379546,0.016413836633428255,5.441622862754159,0.03895611051917154,3.3495053807513258,24.494719847406248,3.8168760540468094,0.28676044824415,1.4525078160282365,0.0029267577872963014,0.26075323747101525,1.1277330444845202,0.008914108605838758,8.902374389938197,0.1274030568163558,-0.6283185840707964,0.6281105176580292,0.3865295339932681,0.6637720852640682,-0.3879656096346723,-0.626746506986028,-0.5569348797873626,0.3326761095110489,0.3566184251319176,0.22439331389456807,Packaging & Containers,Consumer Cyclical,SLGN
2012Q3,2012,Q3,2012-11-09,2012-09-30,78657000.0,1139547000.0,132432000.0,0.565,178771000.0,0.15687900542935043,3541956000.0,736340000.0,1633342000.0,830614000.0,2805616000.0,561511000.0,999603000.0,2976881250.0,4544057250.0,5.306954954954955,1.9664272453871474,0.5617520375747186,2.702149822093055,0.03282042690094395,5.306954954954955,0.106821576988891,2.612337402494149,9.4615903543232,4.042808009886737,0.10709790609863076,1.7110546365075663,0.0028298072017484744,0.3217281637603629,1.22825163072137,0.022207221094784915,18.15437167634288,0.15687900542935043,6.533333333333332,0.7948136532517228,0.36840618335648284,0.7075111116520277,0.5500958128484597,6.4344990548204155,0.9293987383266074,0.1785429466199394,0.2345882836505679,0.23613472608353053,Packaging & Containers,Consumer Cyclical,SLGN
2012Q2,2012,Q2,2012-08-09,2012-06-30,10580000.0,821611000.0,68639000.0,0.075,115329000.0,0.1403693475379468,3220990000.0,659500000.0,1572341000.0,622996000.0,2561490000.0,741380000.0,929370000.0,2976304110.0,4388951110.0,4.729700655488461,2.5238380342730933,0.5530998233462383,2.701332827899924,0.021391942459147564,4.729700655488461,0.01604245640636846,3.6225222276722198,70.3285470226843,4.5129705989385895,0.7996219281663516,0.9526585556664598,0.0028424514724740275,0.2550802703516621,1.2479646739304908,0.003284704392127886,-24.230098180486017,0.1403693475379468,-0.6808510638297872,-0.5726998648965901,0.29837806796788824,0.6817209691498956,0.011258713665658292,-0.6769465648854962,0.04374866944435996,-0.6563122331540758,0.3038672341293213,0.2515072415607692,Packaging & Containers,Consumer Cyclical,SLGN
2012Q1,2012,Q1,2012-05-10,2012-03-31,32750000.0,768357000.0,65762000.0,0.235,114045000.0,0.14842709834100554,3417828000.0,694140000.0,1748100000.0,723464000.0,2723688000.0,687923000.0,927250000.0,3091348000.0,4354664000.0,4.96239633971976,2.416291619209802,0.5593596283955775,2.7541922378770853,0.01647191197511588,4.96239633971976,0.0471806840118708,4.023322492018684,23.598076335877863,4.453493531564238,0.25914503816793893,0.9511413341318723,0.0027454042702406843,0.22480856263100424,1.4052917629626354,0.009582108871482123,-23.447190977147063,0.14842709834100554,-0.11069063386944182,0.2356255952555537,0.2698151361137691,0.8989883306546409,-0.023420106182565507,-0.11720308372418999,-0.06007289358965197,0.28881064946011376,0.27685152446337,0.4068543267829215,Packaging & Containers,Consumer Cyclical,SLGN
2011Q4,2011,Q4,2012-02-29,2011-12-31,37098000.0,835909000.0,69965000.0,0.26425,116780000.0,0.1397042022516805,2979087000.0,657994000.0,1333723000.0,595489000.0,2321093000.0,554148000.0,902987000.0,2712528000.0,3691686000.0,4.6865669515669515,2.2397105572059264,0.4619734166877302,2.0915980996787207,0.023775805346798764,4.6865669515669515,0.056380453317203504,3.245003941816633,18.27947598253275,4.122420569184522,0.2088522292306863,1.2977201036546193,0.0028563760447818417,0.2805923425532722,1.2376551036207217,0.012452808528250434,11.607724994971822,0.1397042022516805,-0.5281250000000001,0.9337679834480104,0.4060961187108262,0.9447450028191555,-0.361697475868251,-0.5289501752247447,-0.48574431646955923,0.6697509807265905,0.23558631701358235,0.3749388152880102,Packaging & Containers,Consumer Cyclical,SLGN
2011Q3,2011,Q3,2011-11-09,2011-09-30,78756000.0,1148008000.0,136051000.0,0.56,182954000.0,0.15936648525097385,3019584000.0,667511000.0,1345639000.0,633919000.0,2352073000.0,580425000.0,873637000.0,2571101940.0,3861586940.0,4.7692302196310425,2.122730191081195,0.4738897808439838,2.143709991296024,0.042986313002588386,4.7692302196310425,0.1179845725388795,2.2396202291273233,8.161606544263295,3.851774637421706,0.09854487277159836,1.6626678726795021,0.003018550092961308,0.38018746953222693,1.1357602469716161,0.026081738411648757,28.717449151690477,0.15936648525097385,0.5342465753424659,0.6946550211477116,0.43319155259621905,1.0828567129721105,0.5651407697638011,0.5380228879428192,0.44027227879994074,0.6167681613773227,0.29059147358829596,0.22109496858640643,Packaging & Containers,Consumer Cyclical,SLGN
2011Q2,2011,Q2,2011-08-09,2011-06-30,51206000.0,822224000.0,94462000.0,0.365,116893000.0,0.14216685477436805,3007672000.0,636123000.0,1355908000.0,666442000.0,2371549000.0,742474000.0,802643000.0,2873840650.0,4238723650.0,4.534343146339725,2.034547642555541,0.4962073656967914,2.3461327447679143,0.029127958313115102,4.534343146339725,0.08049701079822613,3.495204044153418,14.030780816701169,4.5177436596381515,0.15236495723157442,0.949974005823773,0.0027148338931039895,0.2733755542492665,0.8387391550952671,0.017025127739992926,-64.9308777677361,0.14216685477436805,0.9729729729729729,2.332131713670488,0.46633099360084135,1.264080388830024,0.14643690786763697,0.9610140931372549,0.7609708810260617,0.6590399844863961,0.20683044625389382,0.23250956849528145,Packaging & Containers,Consumer Cyclical,SLGN
2011Q1,2011,Q1,2011-05-10,2011-03-31,26112000.0,703087000.0,53642000.0,0.185,101962000.0,0.1450204597724037,2855089000.0,587772000.0,1215622000.0,940160000.0,2267317000.0,654483000.0,759237000.0,2669151620.0,3976371620.0,4.199391280739608,1.2929948093941457,0.5054140168660242,2.455036987131064,0.017372851978592698,4.199391280739608,0.044425389436720364,3.7963319190939386,25.55483704810049,4.541134351415175,0.29863664215686275,0.9184730543039314,0.0029215275526386173,0.2462574721838794,0.5463506211708645,0.009145774439956162,-28.89286346759615,0.1450204597724037,0.7340531135531135,0.6191087652448142,0.3141841907541207,1.190667316445815,0.039103184713375795,0.5941391941391941,0.38965311779487577,0.33195364519366843,0.11585528895915588,0.2271145886667865,Packaging & Containers,Consumer Cyclical,SLGN
2010Q4,2010,Q4,2010-12-31,2010-12-31,16380000.0,711605000.0,38601000.0,0.10668646684122084,98125000.0,0.13789251059225272,2176018000.0,553599000.0,864495000.0,424108000.0,1622419000.0,438536000.0,740923000.0,2749026270.0,3478474270.0,3.60570948454414,2.038384090844785,0.41574748003003653,1.6341684143215576,0.01975777489199332,3.60570948454414,0.029588203735917154,3.8631351241208254,41.95705540293041,4.965735613684274,0.45445665445665445,1.398927340058741,0.0027078679026228437,0.3270216514753095,0.9187966272741849,0.007527511261395815,14.817951002587321,0.13789251059225272,-0.7459846027589979,0.1490956315468214,0.1886525272110221,0.9852177699794882,-0.395800621902035,-0.7488923977863285,-0.6808621459397788,-0.1806127797858817,0.036353060517143425,0.10244295484309408,Packaging & Containers,Consumer Cyclical,SLGN
2010Q3,2010,Q3,2010-09-30,2010-09-30,65231000.0,1002056000.0,120954000.0,0.42,162405000.0,0.1620717804194576,2574100000.0,795346000.0,1309805000.0,611105000.0,1778754000.0,427641000.0,731987000.0,2433513900.0,3145885900.0,5.180259747026717,2.143338706114334,0.42947204848296494,1.3899661279493454,0.0413104346883039,5.180259747026717,0.08201587736658007,2.4285208611095586,9.32652381536386,3.0596921339894836,0.1252625285523754,1.96344831295409,0.003357696046034502,0.3892840215997824,1.4185107305618512,0.02534128433238802,20.802997973995332,0.1620717804194576,0.7872340425531915,0.3966551976679171,0.21681633799009922,1.742540364129993,0.4954970717153486,0.7992773211231864,0.8037221509737839,0.34513059173971866,0.08743474638176645,0.6667469677754068,Packaging & Containers,Consumer Cyclical,SLGN
2010Q2,2010,Q2,2010-06-30,2010-06-30,36254000.0,693849000.0,67058000.0,0.235,108596000.0,0.15651244002657638,2182906000.0,719944000.0,938957000.0,422895000.0,1462962000.0,563644000.0,674928000.0,2176774380.0,2973532380.0,4.693185225746731,2.220307641376701,0.38885641433941726,1.1790319802651317,0.0281316421585539,4.693185225746731,0.05035669440956519,3.137245106644241,15.01058076350196,3.023532913671063,0.22540960997407183,1.0383380289686397,0.003754178694440533,0.3178556474717647,0.8468910722519775,0.016608136126796114,-52.12956821610748,0.15651244002657638,0.3623188405797102,1.2735085094546537,0.15435514026467392,1.9817530560278396,0.051227445210253235,0.3536703756254201,0.18255563785137374,0.3309244884016424,-0.003333145292896421,0.6687373221144481,Packaging & Containers,Consumer Cyclical,SLGN
2010Q1,2010,Q1,2010-03-31,2010-03-31,26782000.0,664037000.0,56706000.0,0.1725,103304000.0,0.15556964446258265,2160012000.0,701323000.0,882715000.0,415443000.0,1458689000.0,489134000.0,646846000.0,2307652220.0,3071454220.0,4.576153625306676,2.124755983371967,0.39951537306274226,1.2304715516245723,0.021979611785676985,4.576153625306676,0.038187825010729724,3.475186201973685,21.541074415652304,3.2904271213121485,0.3050556343813009,1.1463791108367032,0.003540394834712139,0.30742282913243074,0.8661428884347552,0.012399005190711904,-12.904744494525282,0.15556964446258265,0.11369358899864411,0.9962080072455176,0.20728020309425005,2.051554245916209,0.10848337875828916,0.0911831812255541,0.08830246617407159,-0.07773286109999505,0.001631245152039402,0.751182642181108,Packaging & Containers,Consumer Cyclical,SLGN
2009Q4,2009,Q4,2010-03-01,2009-12-31,24544000.0,705284000.0,52105000.0,0.15489,93194000.0,0.1321368413291667,2214354000.0,685762000.0,914226000.0,424336000.0,1528592000.0,387214000.0,628234000.0,2232721000.0,2726381000.0,4.444342190537913,2.154486067644508,0.36101454419663703,1.165730967886818,0.022567527473819526,4.444342190537913,0.035790842887182435,3.1657048791692426,22.7420245273794,3.255824907183542,0.2994214471968709,1.5807537950590629,0.0032914994753039007,0.31850553253906105,1.183795388560009,0.01108404527911978,8.072692233989088,0.1321368413291667,-0.6756230366492146,0.451009118018446,0.205797773000191,2.1987711344574246,-0.44059545604609984,-0.6660816565310259,-0.59251583639634,0.16412708190480102,0.07949645776454888,0.8442310448540856,Packaging & Containers,Consumer Cyclical,SLGN
2009Q3,2009,Q3,2009-11-09,2009-09-30,73503000.0,1016537000.0,127870000.0,0.4775,166595000.0,0.16388483645946975,2289299000.0,656033000.0,980809000.0,436489000.0,1633266000.0,372995000.0,610594000.0,2014391459.9999998,2872521460.0,4.293184911784723,2.2470417353014622,0.40399135281149384,1.4097720693928506,0.05208484555569786,4.293184911784723,0.11204161985753766,1.981621387121177,6.851391984000652,3.070564224665527,0.10014557228956641,2.278695424871647,0.003654205325115904,0.44403854629736,1.3376075914856962,0.032107208363782974,30.08709911578444,0.16388483645946975,1.1704545454545452,0.8411550529005356,0.24760269150737116,2.2972735378837306,0.5862262677813113,1.1820043935165945,0.9667466469792051,0.44866099058407166,0.16237581210549284,0.874954364067828,Packaging & Containers,Consumer Cyclical,SLGN
2009Q2,2009,Q2,2009-08-10,2009-06-30,33686000.0,689542000.0,65016000.0,0.22,105026000.0,0.15231269451316962,2239143000.0,576646000.0,953182000.0,479074000.0,1662497000.0,555704000.0,544451000.0,1870298380.0,2775267380.0,3.77920358622136,1.9896341692515145,0.4397249304756329,1.7074721753033923,0.026900916504004623,3.77920358622136,0.058417122463348396,2.712377752189134,13.88038339369471,3.2434082261907653,0.21741969957845989,1.0518477462821934,0.00391595270482991,0.3079490680139678,0.770125283359147,0.015044148587205016,-31.122880487236664,0.15231269451316962,0.22222222222222227,0.7780722139227082,0.20410688778432132,2.599983723398588,0.09046546156801262,0.2171556583321289,0.21282668308243327,1.015433494866868,0.13062948929052204,0.887025407829337,Packaging & Containers,Consumer Cyclical,SLGN
2009Q1,2009,Q1,2009-05-04,2009-03-31,27676000.0,655396000.0,53607000.0,0.18,96313000.0,0.14695390267868585,2235652000.0,537377000.0,955692000.0,654125000.0,1698275000.0,469193000.0,518090000.0,2001090980.0,2819678980.0,3.5272993409824873,1.461023504681827,0.45606292929311004,1.8973606983551585,0.022082707579304587,3.5272993409824873,0.05150201813624327,3.0532547955739737,18.07604946524064,3.723812109561816,0.26441682324035265,1.191584273422664,0.0036570051402660363,0.2931565377795829,0.6993281100707052,0.012379386416132744,-33.215884803718154,0.14695390267868585,0.8224157132732611,1.4002791794523943,0.2156001258235218,2.921500297383951,-0.018396216800179378,0.13640469738030714,0.06602103923479229,0.5766126356364906,0.12547732859980965,0.8400617768226335,Packaging & Containers,Consumer Cyclical,SLGN
2008Q4,2008,Q4,2009-03-02,2008-12-31,24354000.0,741579000.0,50287000.0,0.09877,98118000.0,0.13230957187298992,2163579000.0,524578000.0,853314000.0,570871000.0,1639001000.0,392335000.0,497732000.0,1839489750.0,2561396750.0,3.4085640025990904,1.4947580101283828,0.4090042471294092,1.6869045213485887,0.02390864138816141,3.4085640025990904,0.046425889000301195,2.480504100035195,18.882829822616408,3.506608645425466,0.2673482795434015,1.6400805434131547,0.0035395685134967454,0.34275568398473083,0.7530352741687701,0.011256348855299483,7.923165967454321,0.13230957187298992,-0.7137101449275363,10.49863772001903,0.27632968636329047,3.122273091177742,-0.3056788026748753,-0.5388111424621735,-0.49529793149131346,0.7044274609805125,0.23577468659270093,0.8766741627626234,Packaging & Containers,Consumer Cyclical,SLGN
2008Q3,2008,Q3,2008-11-10,2008-09-30,52807000.0,964299000.0,99637000.0,0.345,141315000.0,0.14654686979868278,2572175000.0,592604000.0,1221228000.0,833639000.0,1979571000.0,415090000.0,479889000.0,1937945880.0000002,2950658880.0,3.9056996730992304,1.464936261379326,0.5066101645494572,2.1989220457506193,0.03283197974047556,3.9056996730992304,0.08911009713063024,2.0096939642164933,9.174663775635807,3.2702207207511256,0.12337379514079573,1.982664000578188,0.00336180698709708,0.37489634258944277,0.9329230038421907,0.02053009612487486,21.594636624991644,0.14654686979868278,0.586206896551724,0.8989573429982921,0.21955703985718142,3.95371263225927,0.3081451859257408,0.5853197238066646,0.534151448896006,0.14410397022422344,0.18490515072804822,1.067760986269462,Packaging & Containers,Consumer Cyclical,SLGN
2008Q2,2008,Q2,2008-08-11,2008-06-30,33310000.0,735283000.0,64946000.0,0.2175,108027000.0,0.14691894141439418,2428233000.0,557008000.0,1038597000.0,704117000.0,1871225000.0,576129000.0,433597000.0,1920559740.0,3049094740.0,3.678951678951679,1.4750346888372246,0.500204881492015,2.1806042283055183,0.024352132684539226,3.678951678951679,0.05980165455433315,2.6120007398511866,14.414288051636145,3.4479930988423866,0.19498649054338035,1.0887422782050549,0.0033818265918663898,0.30280578511205475,0.6138681497535211,0.013717793967877054,-31.520239943542695,0.14691894141439418,0.5818181818181817,1.3712305638449016,0.29963224234856023,5.137348623783198,0.19942042502165078,0.5747919818456884,0.3032206280726397,1.1164546106068165,0.2394319073431044,1.3373732090336434,Packaging & Containers,Consumer Cyclical,SLGN
2008Q1,2008,Q1,2008-05-12,2008-03-31,21152000.0,679832000.0,49835000.0,0.1375,90066000.0,0.13248273102766567,2375057000.0,516802000.0,998478000.0,696545000.0,1858255000.0,517683000.0,406778000.0,1873731020.0,2930349020.0,3.422167187582773,1.4334723528271685,0.5160979294391671,2.371821316480973,0.0180454302425533,3.422167187582773,0.040928634177112316,2.7561677296743903,22.146026616868383,3.625626487513593,0.3064485627836611,1.1392415822037811,0.003459407957071661,0.286238182915189,0.6478691254692805,0.008905891521761373,-48.70249317703325,0.13248273102766567,0.05647330003841739,3.9046154742919597,0.44530017472989564,6.1154309277885845,0.07160194174757281,0.06248744223427768,0.08235779597332928,0.5999586135800059,0.25433033913410436,1.2820319566530063,Packaging & Containers,Consumer Cyclical,SLGN
2007Q4,2007,Q4,2008-02-29,2007-12-31,19908000.0,683808000.0,46043000.0,0.13015,84048000.0,0.12291169451073986,2140013000.0,500083000.0,771193000.0,490944000.0,1639930000.0,427807000.0,392108000.0,1985406500.0,2881967500.0,3.270654022236756,1.5708369997392777,0.4637831639340509,1.9846745440256917,0.020247889495360886,3.270654022236756,0.039809391640987596,2.9034560870887733,24.932269690576653,3.9701539544435622,0.30550532449266626,1.4019405947074264,0.0030633525174819363,0.3195345075006554,0.6430794550906009,0.009302747226301896,11.02066854284969,0.12291169451073986,-0.58352,2.0868480691134197,0.40606571955244963,6.610029963614338,-0.3549704146552981,-0.5819228023016506,-0.5028022245019167,0.1877112550365845,0.1797855261862996,1.354020736612486,Packaging & Containers,Consumer Cyclical,SLGN
2007Q3,2007,Q3,2007-11-09,2007-09-30,47618000.0,904837000.0,92605000.0,0.3125,130301000.0,0.144004942326629,2269260000.0,468563000.0,923128000.0,555710000.0,1800697000.0,412706000.0,378282000.0,2073326900.0,3220208900.0,3.1080061024144334,1.6611685951305537,0.5172056088769026,2.504837129692272,0.03564857260923685,3.1080061024144334,0.10162560850942136,2.2913816521649757,10.885205699525388,4.424862611857957,0.12745180393968666,1.8767258048102038,0.0029271795007338205,0.3987365925455876,0.8693041334509006,0.02098393308831954,35.62478564923796,0.144004942326629,0.7857142857142858,0.7579164778801175,0.3655464449097742,5.437104457114257,0.31293579460723064,0.7804449429799962,0.583966201423098,0.20897247315805975,0.12559829407366677,1.3870265287064194,Packaging & Containers,Consumer Cyclical,SLGN
2007Q2,2007,Q2,2007-08-08,2007-06-30,26745000.0,683526000.0,58464000.0,0.175,99244000.0,0.1451941842738974,2259016000.0,423595000.0,926729000.0,602792000.0,1835421000.0,548289000.0,336733000.0,2081513120.0,3260534120.0,2.8124170074892443,1.537394325073989,0.5331051218760735,2.8430293086556735,0.023114436985293155,2.8124170074892443,0.06313813902430387,3.0452581467274107,19.457030472985608,4.9139227800139285,0.22703309029725183,1.0656460370352132,0.002917108684859022,0.302576874178846,0.5733536609643127,0.011839225574320855,-38.58870098811665,0.1451941842738974,-0.06666666666666672,1.7200035120160428,0.44379331942211525,8.011654602010568,-0.008224489591973378,-0.061842289883541464,-0.058459754565658516,0.43014620939914444,0.20919750271862847,1.6790447297637623,Packaging & Containers,Consumer Cyclical,SLGN
2007Q1,2007,Q1,2007-05-10,2007-03-31,28508000.0,650826000.0,62094000.0,0.1875,100067000.0,0.15375384511374776,2144052000.0,393158000.0,829853000.0,532034000.0,1750894000.0,495223000.0,316060000.0,1922400430.0,3034861430.0,2.613178954085024,1.559774375321878,0.5295314665875641,2.887752506625835,0.025179090399597728,2.613178954085024,0.07251028848452785,2.953785543294214,16.85842947593658,4.889638338784915,0.2127823768766662,1.1121434182176515,0.003155430005807895,0.3035495407760633,0.5592424544296041,0.01329631930568848,-32.229084462178115,0.15375384511374776,0.37111517367458857,1.39720325874583,0.46319747393099076,11.541860622977167,0.10428506792323736,0.371698022422172,0.287002300661181,1.503594438342649,0.22233609417029676,1.9052204122566927,Packaging & Containers,Consumer Cyclical,SLGN
