Quarters,Year,Quarter,FillingDate,Date,NetIncome,Revenue,OperatingIncome,EPSDiluted,GrossProfit,GrossProfitRatio,TotalAssets,CommonStockEquity,CurrentAssets,CurrentLiability,TotalLiability,Inventory,RetainedEarnings,MarketCap,EnterpriseValue,bookValuePerShare,currentRatio,debtToAssets,debtToEquity,roic,shareholdersEquityPerShare,roe,priceToSalesRatio,peRatio,pbRatio,payoutRatio,inventoryTurnover,dividendYield,assetTurnover,quickRatio,returnOnAssets,priceToFreeCashFlowsRatio,grossProfitMargin,epsdilutedGrowth,fiveYNetIncomeGrowthPerShare,fiveYRevenueGrowthPerShare,fiveYShareholdersEquityGrowthPerShare,grossProfitGrowth,netIncomeGrowth,operatingIncomeGrowth,threeYNetIncomeGrowthPerShare,threeYRevenueGrowthPerShare,threeYShareholdersEquityGrowthPerShare,Industry,Sector,Symbol
2023Q1,2023,Q1,2023-04-27,2023-03-31,6719000000.0,29691000000.0,1348000000.0,1.47,29691000000.0,1.0,259429000000.0,82421000000.0,22377000000.0,32415000000.0,176396000000.0,0.0,52524000000.0,253191000000.0,343189000000.0,18.06685664182376,0.6903285515964831,0.36824333439977797,1.159085669914221,0.009707489314653813,18.06685664182376,0.08152048628383543,8.527533596039204,9.420709927072481,3.071923417575618,0.1747283821997321,0.0,0.004636815684601743,0.11444749815941933,0.5498071880302329,0.02589918628989049,55.47567922874671,1.0,1.3709677419354838,1.188444562114621,0.32302625629755216,0.20468246195517523,-0.028181461115475256,1.33785664578984,-0.7188151856487276,2.1294829995342335,0.11582547258446399,0.011226167398719148,Entertainment,Consumer Cyclical,CCZ
2022Q4,2022,Q4,2023-02-03,2022-12-31,2874000000.0,30552000000.0,4794000000.0,0.62,30552000000.0,1.0,257275000000.0,80943000000.0,21826000000.0,27887000000.0,175648000000.0,0.0,51609000000.0,256749360000.0,346811360000.0,17.742875931608943,0.7826585864381252,0.3685200660771548,1.171330442410091,0.021360603139283823,17.742875931608943,0.035506467514176646,8.403684210526317,22.333799582463467,3.171977317371484,0.407098121085595,0.0,0.004556973384471144,0.11875230784180352,0.6246996808548786,0.01117092605189,110.71554980595084,1.0,1.6138613861386137,-0.8020701982122411,0.4387301461557412,0.21758242553151189,0.023551877784850413,1.6159451350192884,2.8269817073170733,-0.09387090950987736,0.07254881056112321,-0.02455576557602849,Entertainment,Consumer Cyclical,CCZ
2022Q3,2022,Q3,2022-10-27,2022-09-30,-4666000000.0,29849000000.0,-2624000000.0,-1.01,29849000000.0,1.0,254308000000.0,80296000000.0,23416000000.0,27999000000.0,173375000000.0,0.0,52541000000.0,278282000000.0,365038000000.0,17.601052170100832,0.8363155826993821,0.3635394875505293,1.1513774036066553,-0.01940739666061348,17.601052170100832,-0.058109993025804524,9.322992395055111,-14.910094299185596,3.4657019029590517,-0.2558936990998714,0.0,0.0042906116816754224,0.11737342120578197,0.6290581806493089,-0.01834783019016311,66.9913336543091,1.0,-2.442857142857143,-2.8236663826689723,0.47335953242288814,0.5004415087182499,-0.005563699360341151,-2.439679111385375,-1.466488888888889,-2.4446968149395945,0.10825760073716359,0.023484606123799486,Entertainment,Consumer Cyclical,CCZ
2022Q2,2022,Q2,2022-07-28,2022-06-30,3241000000.0,30016000000.0,5625000000.0,0.7,30016000000.0,1.0,267032000000.0,91426000000.0,24192000000.0,27585000000.0,174474000000.0,0.0,61209000000.0,272716360000.0,359436360000.0,20.040771591407278,0.8769983686786297,0.35030258545792264,1.0231444009362762,0.021892707086284387,20.040771591407278,0.03544943451534575,9.085699626865672,21.036436285097192,2.982919082099184,0.37365010799136067,0.0,0.004440511012980666,0.11240600377482848,0.6807322820373392,0.012137122142664549,69.69495527728085,1.0,-0.06666666666666672,0.3394494180458895,0.47290358535516575,0.726264445052044,-0.032054176072234764,-0.06760644418872266,-0.03516295025728988,0.03211854449802727,0.11219187772711064,0.18393107384501034,Entertainment,Consumer Cyclical,CCZ
2022Q1,2022,Q1,2022-04-28,2022-03-31,3476000000.0,31010000000.0,5830000000.0,0.75,31010000000.0,1.0,274074000000.0,94693000000.0,25381000000.0,29657000000.0,179381000000.0,0.0,61555000000.0,277825800000.0,363505800000.0,20.756904866286717,0.8558181879488822,0.3450163094638674,0.9985954611217303,0.022476764596295634,20.756904866286717,0.03670809880350184,8.95923250564334,19.98171749136939,2.933963439747394,0.33544303797468356,0.0,0.004196874444346061,0.11314462517422302,0.7141652898135348,0.012682706130461116,51.43969635252731,1.0,-0.6651785714285715,0.4095713582295441,0.5768718952394122,0.7895898472595406,-0.4610799256182548,-0.6632109291735298,77.71052631578948,-0.027676471266879565,0.14746160306949221,0.2555104345541425,Entertainment,Consumer Cyclical,CCZ
2021Q4,2021,Q4,2022-02-02,2021-12-31,10321000000.0,57541000000.0,-76000000.0,2.24,57541000000.0,1.0,275905000000.0,97490000000.0,24807000000.0,29348000000.0,178415000000.0,0.0,61902000000.0,289278244800.0,373285244800.0,21.370013152126262,0.8452705465449094,0.3360504521483844,0.9510513898861421,-0.0004970333169442456,21.370013152126262,0.10586726843778849,5.0273412836064715,7.007030442786553,2.9672606913529593,0.11093886251332236,0.0,0.003958126891953542,0.2085536688352875,0.2968175003407387,0.03740780341059423,62.06355820639348,1.0,1.6309030780971765,1.3747158774117958,0.44578316142084684,-0.04525644297454182,0.8991682619314806,1.6255405749173237,-1.0139449541284404,3.1301363871826737,1.0763660268005628,0.36791002037823844,Entertainment,Consumer Cyclical,CCZ
2021Q3,2021,Q3,2021-10-28,2021-09-30,3931000000.0,30298000000.0,5450000000.0,0.8514186701321205,30298000000.0,1.0,277061000000.0,97306000000.0,27427000000.0,26738000000.0,179755000000.0,0.0,61783000000.0,284623180000.0,273512180000.0,21.329679964927664,1.0257685690777172,0.002508472863376657,0.007142416706061291,0.0689063777083536,21.329679964927664,0.040398331038168256,9.394124364644531,18.101194352582038,2.925032166567324,0.2943271432205546,0.0,0.004065023797429289,0.10935497958933231,1.2320667215199341,0.014188211260336172,71.92903209502148,1.0,0.08292011019283758,-0.06821085419836209,-0.24642285382488302,-0.03523689094893484,0.06137462341483921,0.08292011019283746,-0.010350463047031052,0.3731400860949306,0.37988395112808127,0.37151962527721605,Entertainment,Consumer Cyclical,CCZ
2021Q2,2021,Q2,2021-07-29,2021-06-30,3630000000.0,28546000000.0,5507000000.0,0.7862248213125406,28546000000.0,1.0,277004000000.0,94935000000.0,27046000000.0,29314000000.0,182069000000.0,0.0,60359000000.0,292880400000.0,382491400000.0,20.809951775537044,0.9226308248618408,0.36818601897445524,1.0743034707958077,0.03789942062022251,20.809951775537044,0.03823668826038869,10.259945351362713,20.170826446280994,3.0850624111234004,0.6143250688705234,0.0,0.007614029480975852,0.10305266349944406,1.1049669100088695,0.013104503906080778,25.79534965650872,1.0,0.0,-0.04774520154920126,-0.21186506214685105,-0.04882005048724231,0.0,0.0,0.0,0.1420920387104372,0.32891173391335415,0.35879618349335163,Entertainment,Consumer Cyclical,CCZ
2020Q4,2020,Q4,2021-02-04,2020-12-31,3514000000.0,27708000000.0,3918000000.0,0.7611002815681178,27708000000.0,1.0,184794000000.0,90323000000.0,26741000000.0,28796000000.0,183546000000.0,0.0,56438000000.0,275134220000.0,367154220000.0,19.798991670320035,0.9286359216557856,0.5614900916696429,1.1487660950145588,0.02019811480671985,19.798991670320035,0.03890481937048149,9.929775516096434,19.57414769493455,3.046114721610221,0.29994308480364257,0.0,0.0038308575356420585,0.14993993311471152,1.0774413112932353,0.019015768910246002,36.48511072802015,1.0,-0.30277777777777776,-0.028459350632394156,-0.21542745435453617,-0.0583272438268265,-0.43736674315186713,-0.30277777777777776,-0.5508426000229278,-0.7579939723444035,0.3048027916235688,0.3586807682107502,Entertainment,Consumer Cyclical,CCZ
2020Q3,2020,Q3,2020-10-29,2020-09-30,5040000000.0,49247000000.0,8723000000.0,1.0916179337231968,49247000000.0,1.0,268940000000.0,86176000000.0,27369000000.0,29511000000.0,182764000000.0,0.0,54254000000.0,263501120000.0,354218120000.0,18.889960543621218,0.9274168953949374,0.38827991373540566,1.2117526921648718,0.05723302269881455,18.889960543621218,0.058484961010025996,5.350602473247101,13.070492063492065,3.0577088748607504,0.41845238095238096,0.0,0.008003761046632364,0.1831151929798468,1.0409338890583173,0.018740239458615304,18.996548194073966,1.0,0.0,0.3826337462298554,0.4444279280647005,-0.08757209687590302,0.0,0.0,0.0,0.9698410991537971,1.4308531908348678,0.6103174187419536,Entertainment,Consumer Cyclical,CCZ
2020Q1,2020,Q1,2020-04-30,2020-03-31,2147000000.0,26609000000.0,4852000000.0,0.46502057613168724,26609000000.0,1.0,262421000000.0,81506000000.0,24084000000.0,27600000000.0,180915000000.0,0.0,51516000000.0,273674380000.0,368735380000.0,17.866286716352477,0.8726086956521739,0.3946978328716071,1.2707898804995952,0.01993938120992236,17.866286716352477,0.026341619021912496,10.285030628734638,31.867068001863064,3.357720658601821,0.4550535631113181,0.0,0.0035699359216598936,0.10139813505778882,0.9342028985507247,0.008181509863920952,82.30808421052632,1.0,-0.3220288248048456,-0.4240020236005824,-0.17669148255985925,-0.13701016800122218,-0.06299739418268892,-0.32099936748893104,-0.07528111301696207,-0.12935854254348925,0.35307914416077113,0.5403705668923374,Entertainment,Consumer Cyclical,CCZ
2019Q4,2019,Q4,2020-01-30,2019-12-31,3162000000.0,28398000000.0,5247000000.0,0.6859002169197397,28398000000.0,1.0,263414000000.0,82726000000.0,25392000000.0,30292000000.0,180688000000.0,0.0,50695000000.0,275108520000.0,371825520000.0,18.18953386103782,0.8382411197675954,0.3880469527056269,1.2356091192611753,0.02235579687174971,18.18953386103782,0.03822256606145589,9.687601943798859,21.751148007590135,3.325538766530474,0.3026565464895636,0.0,0.003478627270431319,0.10780748175875238,0.7850587613891457,0.012003917787209488,116.6208223823654,1.0,-0.017949518454360915,-0.06710002398656749,-0.09043449316025709,-0.10865728286200813,0.05856040556156111,-0.017096673919801058,-0.01741573033707865,-0.2702290550044588,-0.2842714572110724,-0.1873500434699378,Entertainment,Consumer Cyclical,CCZ
2019Q3,2019,Q3,2019-10-24,2019-09-30,3217000000.0,26827000000.0,5340000000.0,0.6984368215371255,26827000000.0,1.0,256374000000.0,78144000000.0,22323000000.0,25989000000.0,178230000000.0,0.0,48570000000.0,261280000000.0,358659000000.0,17.197183098591548,0.8589403209049983,0.39351104246140406,1.2910268222768222,0.02413795269882801,17.197183098591548,0.04116758804258804,9.739441607335893,20.304631644389183,3.343570843570844,0.2968604289710911,0.0,0.0036550826699326393,0.1046400961095899,0.8335834391473316,0.012548074297705696,126.1003861003861,1.0,0.0280990013026487,-0.2920334507042254,-0.08863525983487129,-0.16366282803202198,-0.00115421848238886,0.02944,-0.002987303958177745,-0.23443402648793973,-0.3301110325940823,-0.22215392540354606,Entertainment,Consumer Cyclical,CCZ
2019Q2,2019,Q2,2019-07-25,2019-06-30,3125000000.0,26858000000.0,5356000000.0,0.6793478260869565,26858000000.0,1.0,256555000000.0,76850000000.0,21361000000.0,31008000000.0,179705000000.0,0.0,46425000000.0,248658524000.0,352352524000.0,16.927312775330396,0.6888867389060888,0.41945391826314044,1.400299284320104,0.022334566046720874,16.927312775330396,0.04066363044892648,9.258266587236578,19.89268192,3.2356346649316854,0.30528,0.0,0.003836586756221556,0.10468710412971878,0.7479360165118679,0.012180624037730702,58.56300612341027,1.0,-0.1216088057856802,-0.10227363197282521,-0.08754442162701634,-0.15381350002292873,-3.723146803678469e-05,-0.12046158176189135,0.033577769201080666,-0.1762489247451973,-0.2548762329211994,-0.22628746646339085,Entertainment,Consumer Cyclical,CCZ
2019Q1,2019,Q1,2019-04-25,2019-03-31,3553000000.0,26859000000.0,5182000000.0,0.7734000870700914,26859000000.0,1.0,256189000000.0,74959000000.0,20273000000.0,27917000000.0,181230000000.0,0.0,44379000000.0,229465740000.0,335060740000.0,16.5326422584914,0.726188344019773,0.4258301488354301,1.4553689350178098,0.021720321697715327,16.5326422584914,0.04739924492055657,8.543346364347146,16.14591471995497,3.06121666511026,0.24458204334365324,0.0,0.0037870577106630388,0.10484056692519976,0.837948203603539,0.013868667272989863,49.97076219512195,1.0,0.42914233532665236,0.09021981786405307,-0.11420420659510502,-0.1605978817419616,-0.03544494720965309,0.4149741138988451,0.1479840496233939,-0.10620102865406396,-0.23263476968880156,-0.23558278072322347,Entertainment,Consumer Cyclical,CCZ
2018Q4,2018,Q4,2019-01-31,2018-12-31,2511000000.0,27846000000.0,4514000000.0,0.5411637931034483,27846000000.0,1.0,251684000000.0,71613000000.0,21848000000.0,27603000000.0,180071000000.0,0.0,41983000000.0,235250880000.0,343179880000.0,15.622382198952879,0.7915081694018766,0.44398134168242714,1.5603731166129056,0.020718929438227382,15.622382198952879,0.03506346613045117,8.448282697694463,23.422031063321384,3.285030371580579,0.344484269215452,0.0,0.003676925671861461,0.11063873746443953,0.8260334021664312,0.009976796300122376,114.03338826951043,1.0,-0.12712492831027306,-0.24834865059403413,-0.057908292518155775,-0.19105311728702992,0.25800768014456743,-0.12993762993762994,-0.06658395368072788,-0.30909775514595134,-0.21530403626970496,-0.2569736909717642,Entertainment,Consumer Cyclical,CCZ
2018Q3,2018,Q3,2018-10-25,2018-09-30,2886000000.0,22135000000.0,4836000000.0,0.6199785177228786,22135000000.0,1.0,200635000000.0,71523000000.0,23206000000.0,19627000000.0,129112000000.0,0.0,41218000000.0,249434123400.0,311702123400.0,15.551859099804306,1.182350843226168,0.36326662845465646,1.0190288438684059,0.024899414899869417,15.551859099804306,0.04035065643219664,11.268765457420375,21.60725254677755,3.4874672958349064,0.30180180180180183,0.0,0.0034919039469320655,0.11032471901712064,1.3921129056911397,0.014384329753034117,79.41232836676218,1.0,-0.09894913189156267,-0.04747668310261244,-0.21655721432740208,-0.17764516727572474,0.01840349666436623,-0.10261194029850747,-0.035500598324690866,-0.2146471677863229,-0.355997586314198,-0.24880996149525964,Entertainment,Consumer Cyclical,CCZ
2018Q2,2018,Q2,2018-07-26,2018-06-30,3216000000.0,21735000000.0,5014000000.0,0.6880616174582799,21735000000.0,1.0,191248000000.0,70694000000.0,18215000000.0,19007000000.0,120554000000.0,0.0,40269000000.0,258537544000.0,317391544000.0,15.314991334488735,0.9583311411585206,0.33767673387434116,0.9135145839816675,0.027749395759424034,15.314991334488735,0.04549183806263615,11.894987071543593,20.09775684079602,3.657135598494922,0.27300995024875624,0.0,0.003396025143644128,0.11364824730193257,1.1580470353027832,0.01681586212666276,60.09705811250581,1.0,0.03827129895484504,0.05791799847678911,-0.23799617641638776,-0.1785791248149592,-0.04633407924180598,0.03143040410519564,0.07944025834230355,-0.18168702135924852,-0.36943703350001683,-0.26640022424490983,Entertainment,Consumer Cyclical,CCZ
2018Q1,2018,Q1,2018-04-25,2018-03-31,3118000000.0,22791000000.0,4645000000.0,0.6626992561105207,22791000000.0,1.0,190876000000.0,69482000000.0,18753000000.0,19179000000.0,121394000000.0,0.0,38961000000.0,240916000000.0,301603000000.0,14.997194042736888,0.9777882058501486,0.34953058530145226,0.960205520854322,0.02711965951114647,14.997194042736888,0.044874931636970726,10.570663858540652,19.31654906991661,3.4673152758987937,0.23669018601667735,0.0,0.0030633083730428863,0.11940212493975146,1.141039678815371,0.01633521238919508,78.16872160934459,1.0,-0.7883431004507873,0.2335956041955529,-0.15366624828020048,-0.1802737267364813,0.03997262149212868,-0.7919252585919253,0.13099586072559047,-0.1763209787839775,-0.30563085110168187,-0.2755950817945419,Entertainment,Consumer Cyclical,CCZ
2017Q4,2017,Q4,2018-01-31,2017-12-31,14985000000.0,21915000000.0,4107000000.0,3.1310071040534893,21915000000.0,1.0,186949000000.0,68606000000.0,16060000000.0,21561000000.0,118343000000.0,0.0,38192000000.0,280126000000.0,341254000000.0,14.572217502124044,0.7448634107879969,0.34531342772627827,0.940967262338571,-0.07382463598980095,14.572217502124044,0.2184211293472874,12.78238649326945,4.67344010677344,4.083112264233449,0.04911578244911578,0.0,0.002627389103474865,0.11722448368271561,0.5557719957330365,0.0801555504442388,125.95593525179856,1.0,4.678347223426819,4.615120675932984,-0.217815832721545,-0.20932817751259844,0.04441690892627365,4.654716981132076,-0.14294657762938232,3.2708465281532404,-0.3219344120264311,-0.2859168331470394,Entertainment,Consumer Cyclical,CCZ
2017Q3,2017,Q3,2017-10-26,2017-09-30,2650000000.0,20983000000.0,4792000000.0,0.5513940907199334,20983000000.0,1.0,185301000000.0,55427000000.0,15960000000.0,21449000000.0,129874000000.0,0.0,24979000000.0,274966650000.0,335813650000.0,11.73058201058201,0.7440906335959718,0.35057015342604736,1.172010031212225,0.026073199908836428,11.73058201058201,0.04781063380662854,13.104258209026355,25.940250000000002,4.960879174409584,0.28037735849056605,0.0,0.0027021458784183463,0.1132373813417089,0.8729544500909133,0.014301056119502864,101.35151124216735,1.0,0.05758834750102618,-0.28679852863478045,-0.27873823083929467,-0.3553122420348143,-0.008599102291519018,0.05451651412654198,0.051338306274681875,-0.4391534391534392,-0.3144735700247582,-0.42951576848233386,Entertainment,Consumer Cyclical,CCZ
2017Q2,2017,Q2,2017-07-27,2017-06-30,2513000000.0,21165000000.0,4558000000.0,0.5213692946058092,21165000000.0,1.0,183031000000.0,55005000000.0,14832000000.0,22276000000.0,128026000000.0,0.0,24560000000.0,255852000000.0,316727000000.0,11.609328830730266,0.6658286945591668,0.34730728674377565,1.1556767566584856,0.024992703747927014,11.609328830730266,0.04568675574947732,12.088447909284195,25.452845204934338,4.651431688028361,0.29725427775567054,0.0,0.002919656676516111,0.11563614906764427,0.7659813251930329,0.013729914604629816,90.37513246202755,1.0,-0.018216511482747524,0.06117860770862027,-0.20796131046329328,-0.34402464108274433,0.034305820260958804,-0.020654715510522212,0.006181015452538631,-0.30825306290590804,-0.31100331811024995,-0.4196564179592997,Entertainment,Consumer Cyclical,CCZ
2017Q1,2017,Q1,2017-04-27,2017-03-31,2566000000.0,20463000000.0,4530000000.0,0.5310430463576159,20463000000.0,1.0,182479000000.0,55059000000.0,15245000000.0,19074000000.0,127420000000.0,0.0,24063000000.0,284867470000.0,342630470000.0,11.598693911944386,0.7992555310894411,0.33858690589054086,1.122159864872228,0.02627995934564317,11.598693911944386,0.046604551481138415,13.921100034208083,27.754040335151988,5.1738584064367314,0.25604053000779425,0.0,0.0023063356444314263,0.11213893105508031,0.9166928803607004,0.014061892053332165,79.61639742873113,1.0,-0.4361136990331587,0.19592697692798067,-0.21538938722535453,-0.3384180825354833,-0.026730083234244948,0.11759581881533102,0.0623827392120075,-0.24796543700221038,-0.3554221721110238,-0.4111063382072397,Entertainment,Consumer Cyclical,CCZ
2016Q4,2016,Q4,2017-02-03,2016-12-31,2296000000.0,21025000000.0,4264000000.0,0.9417555373256767,21025000000.0,1.0,180500000000.0,53943000000.0,16361000000.0,21535000000.0,126557000000.0,0.0,23076000000.0,109173000000.0,166918000000.0,22.38298755186722,0.7597399582075691,0.3382049861495845,1.1316760284003484,0.023990023959651448,22.38298755186722,0.04256344660104184,5.192532699167658,11.887304006968641,2.0238585173238417,0.28614982578397213,0.0,0.006017971476463961,0.1164819944598338,0.6049686556768052,0.012720221606648199,41.24404986777484,1.0,0.029742532095934394,1.0327165688161537,0.5926263998839211,0.30015830726038384,-0.013790515502603311,0.02637460885113992,-0.03963963963963964,0.3072816913322907,0.35298796371611235,0.15901965367995127,Entertainment,Consumer Cyclical,CCZ
2016Q3,2016,Q3,2016-10-26,2016-09-30,2237000000.0,21319000000.0,4440000000.0,0.9145543744889616,21319000000.0,1.0,177924000000.0,53481000000.0,15228000000.0,18038000000.0,124443000000.0,0.0,22510000000.0,125788000000.0,183409000000.0,22.108722612649856,0.8442177625013859,0.3396281558418201,1.1298965987920944,0.024324917852576823,22.108722612649856,0.04182793889418672,5.900276748440358,14.057666517657577,2.352012864381743,0.29637907912382655,0.0,0.005270773046713518,0.11982082237359772,0.787060649739439,0.012572783885254379,73.64637002341921,1.0,0.10666490877510437,1.8078960978887773,0.6945284415710632,0.3056947549016912,0.10638849966267061,0.10305719921104536,0.09198229217904574,0.4036951978514971,0.4345712739084011,0.16907019084952069,Entertainment,Consumer Cyclical,CCZ
2016Q2,2016,Q2,2016-07-27,2016-06-30,2028000000.0,19269000000.0,4066000000.0,0.8264058679706602,19269000000.0,1.0,171985000000.0,53098000000.0,14777000000.0,17601000000.0,118887000000.0,0.0,22117000000.0,122806200000.0,173704200000.0,21.87803873094355,0.8395545707630249,0.32306887228537373,1.046423594109006,0.023178019289535803,21.87803873094355,0.038193528946476325,6.373252374279931,15.138831360946744,2.3128215752005725,0.33037475345167655,0.0,0.0054557506054254586,0.11203884059656366,0.8551786830293733,0.011791726022618252,61.34175824175824,1.0,-0.04657392364397127,1.2606972924462807,0.5316073265969248,0.29693152436719156,0.025492283129324108,-0.04967197750702906,-0.005624847150892639,0.26881977978423266,0.28485082161880443,0.1734304858033931,Entertainment,Consumer Cyclical,CCZ
2016Q1,2016,Q1,2016-04-27,2016-03-31,2134000000.0,18790000000.0,4089000000.0,0.8667749796913079,18790000000.0,1.0,170599000000.0,52642000000.0,15180000000.0,19084000000.0,117957000000.0,0.0,21750000000.0,138737756600.0,188743756600.0,21.627773212818404,0.7954307273108363,0.326109766176824,1.0568367463242279,0.023759115671862306,21.627773212818404,0.04053797348125071,7.383595348589675,16.253251710403,2.6354955472816384,0.28631677600749766,0.0,0.004403992215050709,0.11014132556462816,0.8195870886606581,0.01250886581984654,43.01945941085271,1.0,0.10732592534891586,1.5772430336928853,0.764453606884007,0.29408105996228245,-0.02364250454663549,0.08269913749365804,0.021739130434782608,0.6070627831537562,0.3281489587688457,0.18214473215529534,Entertainment,Consumer Cyclical,CCZ
2015Q4,2015,Q4,2016-02-05,2015-12-31,1971000000.0,19245000000.0,4002000000.0,0.7827640984908658,19245000000.0,1.0,166574000000.0,52269000000.0,12303000000.0,18178000000.0,114305000000.0,0.0,21413000000.0,100931600000.0,151257600000.0,21.025341914722446,0.6768071294971945,0.3159016413125698,1.006734393234996,0.02437698945434031,21.025341914722446,0.03770877575618435,5.244562223954274,12.802080162354136,1.931003080219633,0.3115169964485033,0.0,0.006083327718970075,0.1155342370357919,0.51144240290461,0.011832578913876115,53.85891141942369,1.0,-0.00781905351608692,1.186929714060823,1.2361603955507496,0.3310898700577317,0.03085328619636831,-0.012525050100200401,0.00024993751562109475,0.3986991182241105,0.3008307398636354,0.14081095809276914,Entertainment,Consumer Cyclical,CCZ
2015Q3,2015,Q3,2015-10-27,2015-09-30,1996000000.0,18669000000.0,4001000000.0,0.7889328063241107,18669000000.0,1.0,158958000000.0,51716000000.0,11501000000.0,17359000000.0,107242000000.0,0.0,20883000000.0,112684780000.0,158548780000.0,20.702962369895918,0.6625381646408203,0.3004378515079455,0.9234472890401423,0.025151054020373643,20.702962369895918,0.038595405677159876,6.035930151588194,14.1138251503006,2.1789152293294145,0.312124248496994,0.0,0.005528696954460044,0.11744611784244895,0.49294314188605337,0.012556776003724254,40.044342572850034,1.0,-0.06081185807742747,1.595264677716799,1.2178942015452388,0.3315261747128381,-0.003948140639171958,-0.06598034627983154,-0.02533495736906212,0.016099581037286103,0.213824129903536,0.13779063830300103,Entertainment,Consumer Cyclical,CCZ
2015Q2,2015,Q2,2015-07-23,2015-06-30,2137000000.0,18743000000.0,4105000000.0,0.8400157232704403,18743000000.0,1.0,159674000000.0,52400000000.0,13319000000.0,17565000000.0,107274000000.0,0.0,21313000000.0,116891202000.0,161928202000.0,20.87649402390438,0.7582692855109593,0.3038879216403422,0.9260114503816794,0.02536330211141985,20.87649402390438,0.040782442748091605,6.236525742944033,13.674684370613008,2.2307481297709923,0.2938699110903135,0.0,0.005372517257543471,0.11738291769480316,0.6060916595502419,0.01338351891979909,72.24425339925834,1.0,0.042778139232270654,1.7188760793928357,1.2131521786868276,0.3567774622898006,0.049851565563210666,0.03788246721709568,0.055269922879177376,0.7034204428576497,0.32400176429251104,0.17960873190316815,Entertainment,Consumer Cyclical,CCZ
2015Q1,2015,Q1,2015-05-04,2015-03-31,2059000000.0,17853000000.0,3890000000.0,0.8055555555555556,17853000000.0,1.0,158757000000.0,52171000000.0,12921000000.0,18502000000.0,106586000000.0,0.0,21186000000.0,118188000000.0,161384000000.0,20.70277777777778,0.6983569343854719,0.2968876962905573,0.9034329416725767,0.024652741221168582,20.70277777777778,0.039466370205669815,6.620063854814317,14.35016998542982,2.2653964846370584,0.277804759592035,0.0,0.004839746844011237,0.11245488387913603,0.5533996324721652,0.012969506856390584,33.58567774936061,1.0,0.09639249639249646,1.6634760255141319,1.1733982519328094,0.3565744781269827,0.006823821339950372,0.06961038961038961,0.027198310007921837,0.8076862226372031,0.2894804729258286,0.18087290888495716,Entertainment,Consumer Cyclical,CCZ
2014Q4,2014,Q4,2015-02-27,2014-12-31,1925000000.0,17732000000.0,3787000000.0,0.7347328244274809,17732000000.0,1.0,159339000000.0,52711000000.0,13531000000.0,17410000000.0,106628000000.0,0.0,21539000000.0,131733000000.0,176057000000.0,20.40689121176926,0.7771970132107984,0.30271308342590325,0.9150651666635048,0.024077458372081577,20.40689121176926,0.03651989148375102,7.429111211369276,17.10818181818182,2.499155773937129,0.3002597402597403,0.0,0.00438766292424829,0.11128474510320763,0.6222286042504308,0.012081160293462366,64.82923228346456,1.0,-0.2547790912732071,0.20911597047004934,1.110834613877749,0.3484856134178653,0.05604192722291704,-0.25733024691358025,0.011214953271028037,0.5901141917402078,0.253222735277859,0.18537300138592855,Entertainment,Consumer Cyclical,CCZ
2014Q3,2014,Q3,2014-10-23,2014-09-30,2592000000.0,16791000000.0,3745000000.0,0.9859262076835299,16791000000.0,1.0,159237000000.0,53298000000.0,13936000000.0,17084000000.0,105939000000.0,0.0,21805000000.0,133332480000.0,177135480000.0,20.5625,0.8157340201357995,0.30363546160754096,0.9071634958159781,0.03191025388440604,20.5625,0.0486322188449848,7.940711095229587,12.86,2.501641337386018,0.22530864197530864,0.0,0.004380028032179406,0.10544659846643682,0.6585108873800046,0.016277623919064038,47.53386096256685,1.0,0.30466941940451037,1.1067164179104478,1.077643733116211,0.3719348987260997,-0.0031465210163856565,0.30120481927710846,-0.015509989484752892,2.036343612334802,0.24554512363329223,0.21437809266756624,Entertainment,Consumer Cyclical,CCZ
2014Q2,2014,Q2,2014-07-24,2014-06-30,1992000000.0,16844000000.0,3804000000.0,0.7556904400606981,16844000000.0,1.0,157459000000.0,51971000000.0,12772000000.0,17375000000.0,105488000000.0,0.0,20432000000.0,108596400000.0,153616400000.0,20.00423402617398,0.7350791366906475,0.29562616300116223,0.895672586634854,0.02399146521634645,20.00423402617398,0.03832906813415174,6.447185941581572,13.62906626506024,2.0895576379134515,0.2931726907630522,0.0,0.005377710495007202,0.10697387891451107,0.5804892086330935,0.012650912300979937,85.98289786223278,1.0,0.068306367696711,0.19984330433268627,1.0477484875278864,0.35317261294153646,-0.03239889705882353,0.06467129877071084,0.06614349775784753,1.0744091872567938,0.25073159497183656,0.18585226255538986,Entertainment,Consumer Cyclical,CCZ
2014Q1,2014,Q1,2014-04-22,2014-03-31,1871000000.0,17408000000.0,3568000000.0,0.7073724007561437,17408000000.0,1.0,157773000000.0,51268000000.0,14043000000.0,17803000000.0,106505000000.0,0.0,19737000000.0,114792300000.0,159138300000.0,19.695735689588936,0.7887996405100264,0.30043163278888024,0.9245533276117657,0.02293237016536709,19.695735689588936,0.03649449949286104,6.594226792279412,15.33836183858899,2.2390633533588202,0.27151256012827363,0.0,0.0044253839325459985,0.11033573551875163,0.6512385552996686,0.011858809809029428,37.785483870967745,1.0,-0.014559619437991132,1.6621704300051976,3.765992046561921,2.0176466156309485,0.02847689944464138,-0.02195504443282802,-0.02166163970386619,1.112910749445232,0.528546825917325,0.1784790910797042,Entertainment,Consumer Cyclical,CCZ
2013Q4,2013,Q4,2014-02-12,2013-12-31,1913000000.0,16926000000.0,3647000000.0,0.7178236397748593,16926000000.0,1.0,158813000000.0,50694000000.0,14075000000.0,18912000000.0,108119000000.0,0.0,19235000000.0,103750500000.0,149879500000.0,19.312,0.7442364636209814,0.3012788625616291,0.9438395076340396,0.02465661200709826,19.312,0.03773622124906301,6.129652605459057,13.558612127548354,2.046603148301574,0.26659696811291167,0.0,0.004915638960776092,0.10657817684950224,0.6169098984771574,0.012045613394369478,636.5061349693251,1.0,0.10574680769014116,4.178430339415627,1.1536880611851683,0.3977143339993078,0.04798464491362764,0.10450346420323325,0.06824838898652606,1.0101801852371595,0.8625639337516718,0.2226201920909051,Entertainment,Consumer Cyclical,CCZ
2013Q3,2013,Q3,2013-10-30,2013-09-30,1732000000.0,16151000000.0,3414000000.0,0.6491754122938531,16151000000.0,1.0,156595000000.0,49718000000.0,13407000000.0,18666000000.0,106877000000.0,0.0,18324000000.0,107026590000.0,151948590000.0,18.91137314568277,0.7182577949212472,0.2971039943804081,0.9357777867170843,0.022533218239705163,18.91137314568277,0.03483647773442214,6.626623119311498,15.448410796766744,2.152672875015085,0.2956120092378753,0.0,0.004783857917924882,0.10313866981704396,0.6019500696453445,0.011060378683866024,47.189854497354496,1.0,0.00034411859814049257,1.5337765143567283,1.1308795267630216,0.39482326438781473,-0.007314074984634296,-0.0011534025374855825,-0.00611353711790393,1.1397885267816208,0.8231442617327,0.21629880271886257,Entertainment,Consumer Cyclical,CCZ
2013Q2,2013,Q2,2013-07-31,2013-06-30,1734000000.0,16270000000.0,3435000000.0,0.6489520958083832,16270000000.0,1.0,156819000000.0,49091000000.0,12735000000.0,18602000000.0,107728000000.0,0.0,17509000000.0,107189430000.0,152449430000.0,18.64451196353969,0.684603806042361,0.2974703320388473,0.9502556476747265,0.022411162514522676,18.64451196353969,0.03532215681082072,6.588164105716042,15.454070069204153,2.18348434539936,0.2958477508650519,0.0,0.004785919656443737,0.10375018333237682,0.5731104182345984,0.01105733361391158,59.22067955801105,1.0,0.20803539059667714,2.089852117953963,1.1422727344674073,0.37057865287441916,0.06270411495754409,0.20668058455114824,0.11998695793935442,1.1030851032750004,0.8313973761255536,0.2117194390283063,Entertainment,Consumer Cyclical,CCZ
2013Q1,2013,Q1,2013-05-01,2013-03-31,1437000000.0,15310000000.0,3067000000.0,0.537196261682243,15310000000.0,1.0,156364000000.0,48190000000.0,11783000000.0,18018000000.0,108174000000.0,0.0,16730000000.0,107230140000.0,152617140000.0,18.295368261199695,0.6539571539571539,0.3020260417999028,0.9799958497613612,0.02057431329172048,18.295368261199695,0.029819464619215606,7.003928151534945,18.655208768267226,2.225153351317701,0.2985386221294363,0.0,0.0040007408364849655,0.09791256299403955,0.5407370407370408,0.00919009490675603,35.648317819148936,1.0,-0.03849654611946372,1.2731586940015185,1.1132411798977817,0.36773550656059295,-0.0393424107422978,-0.0533596837944664,-0.06891317547055252,0.7784185662354605,0.7831507857804507,0.19882606660244964,Entertainment,Consumer Cyclical,CCZ
2012Q4,2012,Q4,2013-02-21,2012-12-31,1518000000.0,15937000000.0,3294000000.0,0.5587044534412956,15937000000.0,1.0,164971000000.0,49356000000.0,19991000000.0,16714000000.0,115615000000.0,0.0,16280000000.0,109021380000.0,138528380000.0,18.430171769977594,1.196063180567189,0.24524310333331312,0.8197179674203744,0.025637587829806355,18.430171769977594,0.03075613907123754,6.840771788918868,17.95477272727273,2.2088779479698517,0.2845849802371542,0.0,0.003962525515637392,0.09660485782349625,1.0731123608950581,0.009201617253941603,67.04881918819189,1.0,-0.27973926589016124,1.899892175615759,1.28698757122981,0.3730174383491351,-0.03669003868471954,-0.281590156176053,0.08070866141732283,-0.0803494630578663,0.8298559002466291,0.21786416297948905,Entertainment,Consumer Cyclical,CCZ
2012Q3,2012,Q3,2012-10-26,2012-09-30,2113000000.0,16544000000.0,3048000000.0,0.7756975036710719,16544000000.0,1.0,162454000000.0,48892000000.0,18066000000.0,17335000000.0,113562000000.0,0.0,15774000000.0,109387770000.0,139078770000.0,18.19575735020469,1.0421690222094029,0.23754416634862793,0.7892906815020863,0.023672791998310135,18.19575735020469,0.043217704327906406,6.61193000483559,12.942234973970658,2.2373347377894133,0.2058684335068623,0.0,0.003976678562877733,0.10183805877356052,0.8897029131814249,0.01300675883634752,59.38532573289902,1.0,0.5726864076654596,3.3553628332845973,1.454245349777284,0.34728988389262394,0.08763394911577148,0.5675074183976261,-0.01006820396232543,0.6566772575529499,0.9747056506002669,0.21402526528864466,Entertainment,Consumer Cyclical,CCZ
2012Q2,2012,Q2,2012-08-01,2012-06-30,1348000000.0,15211000000.0,3079000000.0,0.49323088181485547,15211000000.0,1.0,157688000000.0,47731000000.0,11354000000.0,15742000000.0,109957000000.0,0.0,14626000000.0,109794870000.0,144822870000.0,17.697812384130515,0.72125524075721,0.2354586271624981,0.7778802036412394,0.024243294915704042,17.697812384130515,0.02824160398902181,7.218123068831766,20.36255007418398,2.300284301606922,0.3241839762611276,0.0,0.003980149527933317,0.09646263507686063,0.5538686316859357,0.008548526203642636,51.42616861826698,1.0,0.10573982001630995,1.6332291384027098,1.2655144236904727,0.3108127882532782,0.022382040596854415,0.10130718954248366,0.1163886874546773,-0.2178621725543781,0.7813421640762926,0.19715631180122306,Entertainment,Consumer Cyclical,CCZ
2012Q1,2012,Q1,2012-05-02,2012-03-31,1224000000.0,14878000000.0,2758000000.0,0.446064139941691,14878000000.0,1.0,157949000000.0,47476000000.0,9355000000.0,15632000000.0,110473000000.0,0.0,14217000000.0,110242680000.0,145820680000.0,17.53175775480059,0.5984518935516888,0.23922278710216588,0.7958758109360519,0.021305038041187375,17.53175775480059,0.025781447468194454,7.409778195994085,22.516887254901963,2.322071783638049,0.24836601307189543,0.0,0.0027575527010047286,0.09419496166484119,1.0705603889457522,0.0077493368112492005,34.24749301025163,1.0,-0.037166914717935116,0.6740521910388969,1.3053172576552337,0.29902120177546326,-0.010902805477994947,-0.04895104895104895,-0.05483207676490747,0.6740521909601179,2.9153852256028165,1.686096639832589,Entertainment,Consumer Cyclical,CCZ
2011Q4,2011,Q4,2012-02-23,2011-12-31,1287000000.0,15042000000.0,2918000000.0,0.4632829373650108,15042000000.0,1.0,157818000000.0,47274000000.0,8573000000.0,13241000000.0,110544000000.0,0.0,13971000000.0,111789660000.0,149478660000.0,17.215586307356155,0.647458651159278,0.24907805193323956,0.8315141515420739,0.02238780344002028,17.215586307356155,0.027224267038964335,7.431834862385321,21.71516317016317,2.364717603756822,0.23776223776223776,0.0,0.002737283573453931,0.09531232178838915,1.1951514236084888,0.008154963312169715,51.5634963099631,1.0,0.42301333954957626,3.2873629238528768,1.779487943031293,0.4919334099040855,0.04902712880954042,0.41740088105726875,0.10488451344187807,2.330354696966108,0.8296281065006861,0.24598548829711625,Entertainment,Consumer Cyclical,CCZ
2011Q3,2011,Q3,2011-11-02,2011-09-30,908000000.0,14339000000.0,2641000000.0,0.32556471853711005,14339000000.0,1.0,156827000000.0,46683000000.0,8582000000.0,14146000000.0,110144000000.0,0.0,13236000000.0,112237470000.0,151401470000.0,16.93253536452666,0.6066732645270748,0.26124328081261516,0.8776214039371935,0.019463590581761697,16.93253536452666,0.019450335239808925,7.827426598786526,30.902387114537447,2.4042471563524193,0.34030837004405284,0.0,0.0027530912804787917,0.09143196005789819,1.094090202177294,0.00578981935508554,60.932394136807815,1.0,-0.10836042349768002,-0.3177214003526991,1.2584387271213062,0.048325468751227604,0.00041861438638107865,-0.11154598825831702,-0.10108917631041525,0.2666600905587803,0.8039818525675434,0.24887252076155367,Entertainment,Consumer Cyclical,CCZ
2011Q2,2011,Q2,2011-08-03,2011-06-30,1022000000.0,14333000000.0,2938000000.0,0.36513040371561273,14333000000.0,1.0,154782000000.0,46643000000.0,8350000000.0,12697000000.0,108139000000.0,0.0,12932000000.0,112563150000.0,150125150000.0,16.869077757685353,0.6576356619673939,0.2555788140739879,0.8481229766524452,0.019567870631868354,16.869077757685353,0.0219111120639753,7.853425661061885,27.53501712328767,2.4132913834873397,0.30430528375733856,0.0,0.0027628935402038766,0.09260120685867866,1.3374812947940458,0.006602834954968924,50.77273342354533,1.0,0.08609839069172186,0.6910491815299947,0.7516674966221497,-0.11038812969881912,0.18181068601583114,0.08377518557794274,0.3210431654676259,0.7341841815654545,0.7971322252210605,0.24006452480898174,Entertainment,Consumer Cyclical,CCZ
2011Q1,2011,Q1,2011-05-05,2011-03-31,943000000.0,12128000000.0,2224000000.0,0.33618538324420677,12128000000.0,1.0,154259000000.0,46328000000.0,7547000000.0,13747000000.0,107931000000.0,0.0,12504000000.0,112848120000.0,151452120000.0,16.71284271284271,0.5489925074561722,0.2620657465690819,0.8726040407528924,0.01629082451071359,16.71284271284271,0.02035486099119323,9.304759234828497,29.917317073170732,2.435851321015369,0.2767762460233298,0.0,0.002312843138193175,0.07862102049151103,0.4076525787444533,0.006113095508203735,47.77651143099069,1.0,-0.0687202546673251,0.5463072279926798,0.5704842435481257,-0.11555390092846579,0.24760827075403766,-0.07367387033398821,0.10481867858917039,0.41744829244829257,0.5906902067350271,0.24942816496324016,Entertainment,Consumer Cyclical,CCZ
2010Q4,2010,Q4,2011-02-25,2010-12-31,1018000000.0,9721000000.0,2013000000.0,0.36099290780141846,9721000000.0,1.0,118534000000.0,44354000000.0,8886000000.0,8234000000.0,74180000000.0,0.0,12158000000.0,114313680000.0,139744680000.0,15.795584045584045,1.0791838717512752,0.26502944302900433,0.70827884745457,0.016086942670522426,15.795584045584045,0.022951706723181673,11.759456846003497,28.073104125736737,2.5773026108130046,0.2593320235756385,0.0,0.0023094348812845496,0.08201022491437056,0.9618654359970853,0.008588253159431049,65.2847972587093,1.0,0.1766620039755578,5.022789981261916,0.33819778061438216,-0.13223304841546316,0.024449362419643798,0.17416378316032297,0.030194472876151485,0.8546899806154226,0.3303981862218324,0.17674499262264007,Entertainment,Consumer Cyclical,CCZ
2010Q3,2010,Q3,2010-10-27,2010-09-30,867000000.0,9489000000.0,1954000000.0,0.3067940552016985,9489000000.0,1.0,116525000000.0,43784000000.0,7172000000.0,8857000000.0,72741000000.0,0.0,11525000000.0,114639360000.0,141135360000.0,15.548295454545455,0.8097549960483233,0.26636344132160483,0.708889091905719,0.01562608177419664,15.548295454545455,0.019801754065412024,12.081289914638003,33.0563321799308,2.6182934405262195,0.30565167243367936,0.0,0.0023115969942609587,0.08143316884788672,0.7318505137179632,0.007440463419866981,110.86978723404255,1.0,-0.017842560836191516,0.8627656052605461,-0.31986455902822136,-0.1626431136786949,-0.003779527559055118,-0.019230769230769232,-0.059672762271414825,0.705214265105012,0.3431759838623878,0.1512607458159529,Entertainment,Consumer Cyclical,CCZ
2010Q2,2010,Q2,2010-07-28,2010-06-30,884000000.0,9525000000.0,2078000000.0,0.31236749116607776,9525000000.0,1.0,115627000000.0,43437000000.0,6591000000.0,8690000000.0,72190000000.0,0.0,11026000000.0,114924330000.0,141888330000.0,15.38682252922423,0.7584579976985041,0.26803428265024604,0.7134931049566038,0.016781840827314997,15.38682252922423,0.020351313396413197,12.065546456692914,32.50122454751131,2.6457704261344017,0.3020361990950226,0.0,0.002323267840673946,0.0823769534797236,0.6819332566168009,0.0076452731628425885,89.01962044926414,1.0,0.02078521939953822,1.46930277584945,31.493844544961217,-0.1592349009949572,0.035101064985872635,0.020785219399538105,0.07390180878552971,0.649761230046677,0.3553270863534092,0.13964614971149583,Entertainment,Consumer Cyclical,CCZ
2010Q1,2010,Q1,2010-04-28,2010-03-31,866000000.0,9202000000.0,1935000000.0,0.3060070671378092,9202000000.0,1.0,115420000000.0,43082000000.0,5968000000.0,8615000000.0,72338000000.0,0.0,10517000000.0,114924330000.0,142360330000.0,15.261069783917819,0.6927452118398143,0.26788251602841795,0.717677916531266,0.015635613308038584,15.261069783917819,0.020101202358293487,12.489059986959356,33.17676963048499,2.6675718397474584,0.3094688221709007,0.0,0.002331969218354373,0.07972621729336336,0.5925710969239698,0.007503032403396292,58.10127906976744,1.0,-0.5022988505747127,4.112764198127766,0.4485995329424551,-0.1205093260167704,0.0022873325345822895,-0.5022988505747127,0.06494221243808475,0.13616982196507518,0.36774821871773766,0.13077384985289062,Entertainment,Consumer Cyclical,CCZ
2009Q4,2009,Q4,2010-02-23,2009-12-31,1740000000.0,9181000000.0,1817000000.0,0.6148409893992933,9181000000.0,1.0,15412000000.0,42721000000.0,169000000.0,2123000000.0,74841000000.0,0.0,10005000000.0,114924330000.0,144449330000.0,15.133191640099184,0.07960433349034385,0.06546846613028809,0.02361836099342244,0.053553878598470404,15.133191640099184,0.04072938367547576,12.517626620193878,16.512116379310342,2.690113293228155,0.0,0.0,0.0,0.5957046457305996,35.95148374941121,0.11289903970931742,0.0,1.0,0.2985074626865673,9.239657133428684,0.2571455859823969,-0.16862310761185245,0.04305839581913202,0.29850746268656714,0.061952074810052604,4.638331472628683,0.6502086235161798,0.31146937451080625,Entertainment,Consumer Cyclical,CCZ
2009Q3,2009,Q3,2009-11-04,2009-09-30,1340000000.0,8802000000.0,1711000000.0,0.4734982332155477,8802000000.0,1.0,15440000000.0,42311000000.0,188000000.0,1858000000.0,74551000000.0,0.0,9416000000.0,114924330000.0,165040330000.0,14.987956075097413,0.10118406889128095,0.049093264248704666,0.0179149630119827,0.04681980009047681,14.987956075097413,0.031670251234903454,13.056615541922291,21.441106343283582,2.716180898584293,0.0,0.0,0.0,0.5700777202072539,40.97954790096878,0.08678756476683938,0.0,1.0,-0.2572062084257207,1.8718759953415918,-0.3706704913522738,-0.19282031473777664,-0.01521593197583352,-0.2572062084257206,-0.08746666666666666,-0.016653475399138112,0.35393152288500696,-0.07206713349223635,Entertainment,Consumer Cyclical,CCZ
2009Q2,2009,Q2,2009-08-06,2009-06-30,1804000000.0,8938000000.0,1875000000.0,0.6374558303886926,8938000000.0,1.0,15549000000.0,41733000000.0,308000000.0,3935000000.0,75942000000.0,0.0,8736000000.0,114924330000.0,167374330000.0,14.783209351753454,0.07827191867852605,0.05923210495851823,0.022068866364747322,0.057464410290283194,14.783209351753454,0.043227182325737426,12.85794696800179,15.926320676274944,2.753799870605995,0.0,0.0,0.0,0.5748279632130684,20.4858958068615,0.11602032285034407,0.0,1.0,1.3609475199581205,4.0391653932493305,29.491336749906917,-0.19221746721050137,0.011658177702320317,0.0611764705882353,0.0353395913859746,1.9236550686257299,0.06989012334978464,-0.22038900351409477,Entertainment,Consumer Cyclical,CCZ
2009Q1,2009,Q1,2009-04-30,2009-03-31,1700000000.0,8835000000.0,1811000000.0,0.27,8835000000.0,1.0,15403000000.0,41095000000.0,194000000.0,2771000000.0,71680000000.0,0.0,8004000000.0,256322222210.16,307521222210.16003,6.526852941483616,0.07001082641645616,0.047977666688307476,0.017982722958997444,0.05939729581111216,6.526852941483616,0.041367562963864214,29.012136073589133,37.69444444267059,6.237309215480229,0.0,0.0,0.0,0.5735895604752321,26.697221219776253,0.11036811010842043,0.0,1.0,0.918567469622682,3.499999999582394,-0.37641108472294976,-0.6238595082931859,0.007986309184255563,3.1262135922330097,0.030734206033010813,0.2272727272251361,-0.4963149996525136,-0.6545979805773643,Entertainment,Consumer Cyclical,CCZ
2008Q4,2008,Q4,2009-02-20,2008-12-31,412000000.0,8765000000.0,1757000000.0,0.14073,8765000000.0,1.0,15367000000.0,40450000000.0,171000000.0,2248000000.0,71157000000.0,0.0,7427000000.0,119182034446.26001,171524034446.26,13.816843349343204,0.076067615658363,0.052710353354591004,0.020024721878862794,0.05497024452633608,13.816843349343204,0.010185414091470953,13.597493947091843,72.31919565913836,2.9464038182017305,1.3276699029126213,0.0,0.004589617911302278,0.5703780829049261,32.42749110320285,0.02681069824949567,11.64910902612257,1.0,-0.45875158647744324,1.3379464985800735,0.15730730337395113,-0.24093974624935696,0.025266112995672007,-0.4656290531776913,0.052095808383233536,1.3379464985800735,0.15730730337395113,-0.24093974624935696,Entertainment,Consumer Cyclical,CCZ
2008Q3,2008,Q3,2008-10-29,2008-09-30,771000000.0,8549000000.0,1670000000.0,0.26001,8549000000.0,1.0,15376000000.0,40204000000.0,167000000.0,2137000000.0,70618000000.0,0.0,7196000000.0,120716458301.67,172536458301.66998,13.558257614797482,0.07814693495554516,0.04526534859521332,0.01731171027758432,0.05498285127416194,13.558257614797482,0.019177196298875734,14.120535536515382,39.14282046098249,3.0025982066876433,0.0,0.0,0.0,0.5559963579604579,34.7042583060365,0.050143080124869926,0.0,1.0,0.2199024115604768,0.5731160375175707,-0.4180876906296174,-0.2698170411374624,-0.00046767216181456796,0.2199367088607595,-0.045714285714285714,0.5731160375175707,-0.4180876906296174,-0.2698170411374624,Entertainment,Consumer Cyclical,CCZ
2008Q2,2008,Q2,2008-07-30,2008-06-30,632000000.0,8553000000.0,1750000000.0,0.21314,8553000000.0,1.0,20154000000.0,40337000000.0,174000000.0,978000000.0,70777000000.0,0.0,6967000000.0,120713999987.61,172273999987.61,13.603387098170435,0.17791411042944785,0.03875161258311005,0.019361876193073356,0.06059116049072737,13.603387098170435,0.015667997124228377,14.113644333872326,47.7507911343394,2.992637032689838,0.0,0.0,0.0,0.42438225662399526,75.05010224948876,0.031358539247792,0.0,1.0,-0.11191666666666665,0.6807127607140584,26.77850862890632,-0.2566851876874264,0.019549409941590178,-0.1366120218579235,0.12540192926045016,0.6807127607140584,26.77850862890632,-0.2566851876874264,Entertainment,Consumer Cyclical,CCZ
2008Q1,2008,Q1,2008-05-01,2008-03-31,732000000.0,8389000000.0,1555000000.0,0.24,8389000000.0,1.0,19979000000.0,40798000000.0,155000000.0,845000000.0,68612000000.0,0.0,7187000000.0,124165500000.0,174276500000.0,13.37639344262295,0.1834319526627219,0.031783372541168226,0.015564488455316437,0.05283181855918618,13.37639344262295,0.01794205598313643,14.800989390868995,42.40625,3.0434212461395167,0.0,0.0,0.0,0.4198908854297012,82.78698224852072,0.03663847039391361,0.0,1.0,0.22780989410139657,2.999999999440559,0.2223268314184929,-0.22912263354468762,0.04679311205390566,0.2159468438538206,0.06652949245541838,2.999999999440559,0.2223268314184929,-0.22912263354468762,Entertainment,Consumer Cyclical,CCZ
2007Q4,2007,Q4,2008-02-20,2007-12-31,602000000.0,8014000000.0,1458000000.0,0.19547,8014000000.0,1.0,19752000000.0,41340000000.0,100000000.0,704000000.0,68492000000.0,0.0,7191000000.0,125377107111.84,174870107111.84,13.423115581210203,0.14204545454545456,0.03513568246253544,0.016787614900822447,0.048616409779576035,13.423115581210203,0.014562167392356072,15.644760058876965,52.066904946777406,3.03282794174746,0.0,0.0,0.0,0.4057310652085865,100.15767045454545,0.030477926285945728,46.71278208339791,1.0,0.08263638881196354,2.247329766273626,0.0058626014927903635,-0.26257009205492887,0.029944737180311015,0.075,0.04816678648454349,2.247329766273626,0.0058626014927903635,-0.26257009205492887,Entertainment,Consumer Cyclical,CCZ
2007Q3,2007,Q3,2007-10-26,2007-09-30,560000000.0,7781000000.0,1391000000.0,0.18055,7781000000.0,1.0,19774000000.0,41888000000.0,14000000.0,596000000.0,68504000000.0,0.0,7145000000.0,126264609375.0,173194609375.0,13.505450881612092,0.02348993288590604,0.030090017194295538,0.014204545454545454,0.047027064406988034,13.505450881612092,0.013368983957219251,16.22729846742064,56.368129185267854,3.014338459105233,0.0,0.0,0.0,0.39349651056943463,121.93288590604027,0.02832001618286639,73.49511605064028,1.0,-0.048785627732996245,0.09239386708146717,-0.49363638931660614,-0.2726609594181632,0.008947095435684647,-0.047619047619047616,-0.052452316076294275,0.09239386708146717,-0.49363638931660614,-0.2726609594181632,Entertainment,Consumer Cyclical,CCZ
2007Q2,2007,Q2,2007-07-27,2007-06-30,588000000.0,7712000000.0,1468000000.0,0.18981,7712000000.0,1.0,19707000000.0,41825000000.0,65000000.0,675000000.0,65693000000.0,0.0,6951000000.0,126112499961.06,170235499961.06,13.501403512940785,0.0962962962962963,0.03425178870452124,0.016138673042438732,0.04974735036871892,13.501403512940785,0.01405857740585774,16.352761924411308,53.61926018752551,3.0152420791646146,0.0,0.0,0.0,0.3913330288729893,98.98814814814814,0.029837113715938498,52.00515462311753,1.0,-0.29700000000000004,0.49676373215509834,22.974909726321417,-0.2622577637647576,0.04385489983757444,-0.2974910394265233,0.1641554321966693,0.49676373215509834,22.974909726321417,-0.2622577637647576,Entertainment,Consumer Cyclical,CCZ
2007Q1,2007,Q1,2007-04-27,2007-03-31,837000000.0,7388000000.0,1261000000.0,0.27,7388000000.0,1.0,19159000000.0,41838000000.0,34000000.0,521000000.0,63279000000.0,0.0,6814000000.0,126201000000.0,169633000000.0,13.496129032258064,0.06525911708253358,0.02719348609008821,0.012452794110617142,0.04129155949163706,13.496129032258064,0.02000573641187437,17.08188955062263,37.69444444444444,3.0164204789903915,0.0,0.0,0.0,0.385615115611462,123.47984644913628,0.043687040033404664,64.22442748091603,1.0,1.4698133918770584,3.4999999993706292,0.059112717617366334,-0.2222223089987021,0.05077513867159721,1.146153846153846,0.035303776683087026,3.4999999993706292,0.059112717617366334,-0.2222223089987021,Entertainment,Consumer Cyclical,CCZ
