Quarters,Year,Quarter,FillingDate,Date,NetIncome,Revenue,OperatingIncome,EPSDiluted,GrossProfit,GrossProfitRatio,TotalAssets,CommonStockEquity,CurrentAssets,CurrentLiability,TotalLiability,Inventory,RetainedEarnings,MarketCap,EnterpriseValue,bookValuePerShare,currentRatio,debtToAssets,debtToEquity,roic,shareholdersEquityPerShare,roe,priceToSalesRatio,peRatio,pbRatio,payoutRatio,inventoryTurnover,dividendYield,assetTurnover,quickRatio,returnOnAssets,priceToFreeCashFlowsRatio,grossProfitMargin,epsdilutedGrowth,fiveYNetIncomeGrowthPerShare,fiveYRevenueGrowthPerShare,fiveYShareholdersEquityGrowthPerShare,grossProfitGrowth,netIncomeGrowth,operatingIncomeGrowth,threeYNetIncomeGrowthPerShare,threeYRevenueGrowthPerShare,threeYShareholdersEquityGrowthPerShare,Industry,Sector,Symbol
2023Q1,2023,Q1,2023-05-05,2023-03-31,28092000.0,113824000.0,41744000.0,1.42,113824000.0,1.0,6074091000.0,882202000.0,322559000.0,134412000.0,5191889000.0,0.0,763027000.0,837780350.0,733522350.0,44.679767029627754,2.399778293604738,0.04600573155719926,0.31675625310303085,0.027089395749664232,44.679767029627754,0.03184304728395537,7.360313729969075,7.4556844475295465,0.9496468495877362,0.23657980919834828,0.0,0.007932866890468368,0.01873926485460952,6.9599961312978005,0.004624889551374848,12.133303643841964,1.0,0.5106382978723404,0.08353851332915795,0.28018770538875515,0.4308381215573309,0.5163189726374124,0.5174201912169827,0.9090825939815238,0.12099990692089381,0.18614180534280694,0.19870377435535644,Banks—Regional,Financial Services,RBCAA
2022Q4,2022,Q4,2023-03-03,2022-12-31,18513000.0,75066000.0,21866000.0,0.94,75066000.0,1.0,5834531000.0,856613000.0,934887000.0,378321000.0,4977918000.0,0.0,742250000.0,815494680.0,634614680.0,42.98324050378845,2.471147517584274,0.07469426420049873,0.5087548286098856,0.012956091951199303,42.98324050378845,0.02161185973129056,10.863702341939094,11.01245989304813,0.9519989540200767,0.35888294711824126,0.0,0.008147202137480528,0.012865815607115636,2.4967131087092707,0.0031730056794624967,43.358925988940875,1.0,-0.05050505050505055,3.060834285400646,0.3299721097060868,0.4374099550532901,0.04458545545629122,-0.04978699378945747,-0.20269826800364632,-0.2416429224087018,0.21702616586365692,0.18312403792204307,Banks—Regional,Financial Services,RBCAA
2022Q3,2022,Q3,2022-11-04,2022-09-30,19483000.0,71862000.0,27425000.0,0.99,71862000.0,1.0,5999663000.0,840958000.0,1395673000.0,209376000.0,5158705000.0,0.0,728639000.0,762897700.0,70613700.0,42.218886490285655,6.66586905853584,0.04525004154400006,0.3228282506379629,0.01821670265706939,42.218886490285655,0.023167625493782092,10.616149007820544,9.789273982446234,0.9071769339253565,0.3436842375404199,0.0,0.00877706145922317,0.011977672745952564,6.66586905853584,0.0032473490594388385,18.918258691662945,1.0,-0.175,0.9325601912104196,0.3213844416466087,0.41019175496893584,0.0640862380430598,-0.18484582235052927,-0.130138289774169,0.11775045518443573,0.1300319159673316,0.192988213008648,Banks—Regional,Financial Services,RBCAA
2022Q2,2022,Q2,2022-08-05,2022-06-30,23901000.0,67534000.0,31528000.0,1.2,67534000.0,1.0,6112476000.0,842174000.0,1537870000.0,345478000.0,5270302000.0,0.0,718649000.0,970162750.0,237182750.0,41.8846172974586,4.451426718922768,0.06668999600162029,0.4840341782102036,0.019160759825389635,41.8846172974586,0.02838012097262561,14.365545503005894,10.14772132965148,1.1519742357280087,0.28157817664532864,0.0,0.006936980419007017,0.011048550538276141,4.135235818199711,0.003910199402009922,80.6385795029507,1.0,-0.13043478260869562,1.496474321124907,0.29181013847296966,0.41316678730201395,-0.2698711295623595,-0.14413091742462222,-0.14225861740620835,0.38732268949668164,0.041583707718238355,0.20346379564822503,Banks—Regional,Financial Services,RBCAA
2022Q1,2022,Q1,2022-05-06,2022-03-31,27926000.0,92496000.0,36757000.0,1.38,92496000.0,1.0,6349869000.0,840329000.0,1661093000.0,0.0,5509540000.0,0.0,708874000.0,905316300.0,-108637700.0,41.714023330851326,0.0,0.009953591168573713,0.07521339856175378,0.030273777334224032,41.714023330851326,0.03323222214156598,9.78762649195641,8.104600551457423,1.077335543578765,0.2175392107713242,0.0,0.006710361892302172,0.01456659972040368,0.0,0.0043978860036325155,11.299363462762571,1.0,0.6829268292682926,0.44843943953174675,0.19586396382228013,0.40567005330542044,0.4074682735323656,0.661767331151443,0.7631793543435507,-0.014981205342443602,-0.02137405558665623,0.2200239736908493,Banks—Regional,Financial Services,RBCAA
2021Q4,2021,Q4,2022-03-01,2021-12-31,16805000.0,65718000.0,20847000.0,0.82,65718000.0,1.0,6093632000.0,834232000.0,5460389000.0,0.0,5259400000.0,0.0,0.0,1030526800.0000001,338227800.0000001,41.155994079921065,0.0,0.0106130465377627,0.0775227994131129,0.01884300166012638,41.155994079921065,0.020144276412316958,15.681043245381785,15.330657542398097,1.235300012466556,0.36667658434989586,0.0,0.005979466036205947,0.010784701143751378,0.0,0.002757796992007394,98.43603018435381,1.0,-0.08888888888888896,0.7348861864824864,0.3287537571405853,0.42492022269207813,-0.04796534789726057,-0.16012794242590833,0.0,0.004824089514768065,0.07672349529803897,0.2512022538769569,Banks—Regional,Financial Services,RBCAA
2021Q3,2021,Q3,2021-11-05,2021-09-30,20009000.0,69029000.0,0.0,0.9,69029000.0,1.0,6187634000.0,838657000.0,5551129000.0,0.0,5348977000.0,0.0,687915000.0,1038730200.0,92634200.0,40.89413887263507,0.0,0.010529226518569133,0.07768491767194455,0.0,40.89413887263507,0.023858383105369658,15.047736458589869,12.978287270728172,1.2385637990263003,0.31575790894097655,0.0,0.006082426408705552,0.011155960420412713,0.0,0.0032337077467736457,26.30162813663181,1.0,-0.22413793103448268,1.0773151779954002,0.4205563246099445,0.42485323016832427,0.07671070487123895,-0.1635732798261015,0.0,0.17465701490565344,0.11359127929627855,0.2665636427478559,Banks—Regional,Financial Services,RBCAA
2021Q2,2021,Q2,2021-08-06,2021-06-30,23922000.0,64111000.0,0.0,1.16,64111000.0,1.0,6183310000.0,845090000.0,5514603000.0,0.0,5338220000.0,0.0,690802000.0,963840220.0,324694220.0,40.446539676462145,0.0,0.01744389331927398,0.1276325598456969,0.0,40.446539676462145,0.028307044220142234,15.033928966947949,10.072738692417023,1.1405178383367451,0.263899339520107,0.0,0.006549840802451676,0.010368394921166818,0.0,0.003868801661246161,32.692497795264906,1.0,0.18367346938775503,1.875621206872924,0.4178422487541392,0.423867088503894,-0.3298945365986224,-0.08179480290177715,0.0,0.5484145373574487,0.011325707074057719,0.2905579994897704,Banks—Regional,Financial Services,RBCAA
2021Q1,2021,Q1,2021-05-06,2021-03-31,26053000.0,95673000.0,0.0,0.98,95673000.0,1.0,6476540000.0,837709000.0,5847562000.0,0.0,5638831000.0,0.0,682264000.0,929957130.0,54194130.0,39.89660427680145,0.0,0.016844487951900244,0.130228993600403,0.0,39.89660427680145,0.031100298552361263,9.72016274183939,8.923704851648562,1.1101195403176998,0.22669174375311865,0.0,0.006350830387202903,0.014772239498250609,0.0,0.00402267259987586,65.48071609632446,1.0,0.0,0.4625094978125879,0.5011464712809869,0.40983644146254283,0.34262819613236406,0.2798683434859501,0.0,-0.05502716937005397,0.011880182992168085,0.27766069778476105,Banks—Regional,Financial Services,RBCAA
2020Q4,2020,Q4,2021-02-26,2020-12-31,20356000.0,71258000.0,0.0,0.98,71258000.0,1.0,6168325000.0,823323000.0,5488898000.0,0.0,5345002000.0,0.0,666278000.0,758804590.0,593797590.0,39.13690164947474,0.0,0.05197196970004012,0.38937330792410757,0.0,39.13690164947474,0.024724196943362448,10.648693339695193,9.319176041461976,0.9216365751958829,0.29043033994890943,0.0,0.007791202211889625,0.011552244734186347,0.0,0.003300085517543255,137.48950715709367,1.0,0.0,1.7231345129784748,0.8058750548374566,0.4170951524063686,-0.007451979998049949,-0.001618519790082888,0.0,3.2299244290994373,0.19600938687041414,0.30878387440189053,Banks—Regional,Financial Services,RBCAA
2020Q3,2020,Q3,2020-11-06,2020-09-30,20389000.0,71793000.0,0.0,0.98,71793000.0,1.0,6240446000.0,810362000.0,5532001000.0,0.0,5430084000.0,0.0,652724000.0,592092160.0,468514160.0,38.54094930086559,0.0,0.035005510824066104,0.26957088313617866,0.0,38.54094930086559,0.025160360431510854,8.247212959480729,7.259946049340331,0.7306514372589041,0.2898131345333268,0.0,0.009979865296645712,0.01150446618719239,0.0,0.0032672344252317864,29.457321393034825,1.0,0.28947368421052627,2.5844667831047405,0.8576034379322415,0.39809454304842395,0.02880357680237307,0.2901164262212098,0.0,0.9159492275662583,0.2506127790224058,0.287341601140099,Banks—Regional,Financial Services,RBCAA
2020Q2,2020,Q2,2020-08-07,2020-06-30,15804000.0,69783000.0,0.0,0.76,69783000.0,1.0,6460575000.0,795619000.0,5821465000.0,0.0,5664956000.0,0.0,638282000.0,687433360.0,341549360.0,37.857775028549675,0.0,0.03317212477217585,0.2693638538043963,0.0,37.857775028549675,0.019863779019857496,9.85101471705143,10.874357124778538,0.8640233076384551,0.37452543659832954,0.0,0.008610289148609255,0.010801360560012073,0.0,0.0024462218920142556,56.51375863202894,1.0,-0.40625,0.885419259318907,0.7485864551547805,0.37827535568151016,-0.3173988320568125,-0.40802337341274303,0.0,0.5793386748527782,0.27709460232994604,0.2773030712338416,Banks—Regional,Financial Services,RBCAA
2020Q1,2020,Q1,2020-05-08,2020-03-31,26697000.0,102231000.0,0.0,1.28,102231000.0,1.0,5722033000.0,784046000.0,5018839000.0,0.0,4937987000.0,0.0,628397000.0,694786050.0,1027800050.0,37.27340147373425,0.0,0.11346963570465253,0.8281108506388656,0.0,37.27340147373425,0.034050298069245935,6.796236464477507,6.506218395325317,0.8861547026577522,0.20466719107015768,0.0,0.007864291460659005,0.0178662024493742,0.0,0.0046656494291452,25.66722265321955,1.0,0.040650406504065074,0.9200483031823747,0.9877185245327224,0.3652773913695742,0.5702239424937794,0.036052468177584604,0.0,0.3261077858006576,0.26580320617785175,0.25603094721645187,Banks—Regional,Financial Services,RBCAA
2019Q4,2019,Q4,2020-03-13,2019-12-31,25768000.0,65106000.0,0.0,1.23,65106000.0,1.0,5620319000.0,764244000.0,4986379000.0,0.0,4856075000.0,0.0,614171000.0,984484799.9999999,1426951800.0,36.33029092983457,0.0,0.1472816756486598,1.0831226676297099,0.0,36.33029092983457,0.03371698044080163,15.121260713298312,9.551428127910587,1.288181261481935,0.21204594846321018,0.0,0.005550111083482447,0.011584039980648785,0.0,0.004584793140745214,29.35255813953488,1.0,0.48192771084337355,3.8742857153235106,0.9499010734630855,0.3544913211534422,-0.030569246117422833,0.39982616253802694,0.0,1.5633255752044117,0.26844537096760673,0.25784268852016384,Banks—Regional,Financial Services,RBCAA
2019Q3,2019,Q3,2019-11-08,2019-09-30,18408000.0,67159000.0,0.0,0.83,67159000.0,1.0,6103647000.0,744447000.0,5367335000.0,0.0,5359200000.0,0.0,594479000.0,914014200.0000001,1765573200.0,35.38918996006846,0.0,0.20457129974914998,1.6772597646306586,0.0,35.38918996006846,0.02472707929510093,13.609705326166264,12.41327411994785,1.2277760539030986,0.29682746631899176,0.0,0.005978025286696858,0.011003093724129196,0.0,0.003015901804281932,46.29091922005571,1.0,-0.03488372093023259,2.469092252723341,0.9056304076253765,0.3204722617723725,-0.0090011657247414,0.022269117565391235,0.0,0.8631325890310488,0.3473835585331144,0.2330471558452652,Banks—Regional,Financial Services,RBCAA
2019Q2,2019,Q2,2019-08-09,2019-06-30,18007000.0,67769000.0,0.0,0.86,67769000.0,1.0,5723134000.0,731428000.0,5179225000.0,0.0,4991706000.0,0.0,581734000.0,1052060960.0,1573373960.0,34.80338789493719,0.0,0.17387186810583152,1.3604784066237552,0.0,34.80338789493719,0.02461896454606605,15.52422139916481,14.606277558727163,1.438365717473217,0.30282667851391126,0.0,0.0051831597286910065,0.01184123943280028,0.0,0.0031463530296512365,-86.41867586660095,1.0,-0.39007092198581556,1.8180842119416223,0.8493974801632704,0.30322091389817035,-0.31129764941413196,-0.38992410895785334,0.0,1.152023883367611,0.49004014719000283,0.225207372211241,Banks—Regional,Financial Services,RBCAA
2019Q1,2019,Q1,2019-05-10,2019-03-31,29516000.0,98401000.0,0.0,1.41,98401000.0,1.0,5365768000.0,717091000.0,4770503000.0,0.0,4648677000.0,0.0,569189000.0,951335280.0,1247266280.0,34.19115052686788,0.0,0.11954355834989511,0.8945071127653255,0.0,34.19115052686788,0.041160745288952166,9.667943211959228,8.057793061390432,1.3266590711639108,0.1692641279306139,0.0,0.005251565988386345,0.01833866093353272,0.0,0.005500796903630571,21.995682874384407,1.0,0.6987951807228916,1.442164721034617,1.0407980009317264,0.29078485990354036,0.5580132366446056,0.7055356523748989,0.0,0.6588042856825425,0.5457166348741427,0.208221372773285,Banks—Regional,Financial Services,RBCAA
2018Q4,2018,Q4,2019-03-15,2018-12-31,17306000.0,63158000.0,0.0,0.83,63158000.0,1.0,5240404000.0,689934000.0,4637207000.0,0.0,4550470000.0,0.0,545013000.0,812152000.0,1311918000.0,32.89315852205006,0.0,0.16243785784454787,1.2337991749935502,0.0,32.89315852205006,0.02508355871721063,12.859051901580164,11.732231595978273,1.1771444804865394,0.2882815208598174,0.0,0.006142938760232075,0.01205212422553681,0.0,0.0033024171418844805,25.24955697186383,1.0,0.0,11.757108648550451,0.8845821646618864,0.26023387299495937,-0.0031881313131313133,-0.006030670265923841,0.0,1.321962433291311,0.6053298327812888,0.19101751861741884,Banks—Regional,Financial Services,RBCAA
2018Q3,2018,Q3,2018-11-09,2018-09-30,17411000.0,63360000.0,0.0,0.83,63360000.0,1.0,5222354000.0,676810000.0,4648950000.0,0.0,4545544000.0,0.0,533191000.0,948740120.0,1339468120.0,32.287472569411314,0.0,0.14480826079580206,1.117359377077762,0.0,32.287472569411314,0.025725092714351146,14.9738023989899,13.622711504221469,1.401782065867821,0.2865429900637528,0.0,0.005258552784718327,0.012132459806439778,0.0,0.003333937147883885,44.910774911242605,1.0,0.12162162162162159,2.750954879548549,0.7737357885956503,0.23033435189153814,-0.014343050931831617,0.11138771862632453,0.0,2.0702680500547763,0.6444096498666236,0.17124616873684048,Banks—Regional,Financial Services,RBCAA
2018Q2,2018,Q2,2018-08-09,2018-06-30,15666000.0,64282000.0,0.0,0.74,64282000.0,1.0,5265945000.0,664008000.0,4720289000.0,0.0,4601937000.0,0.0,520784000.0,959771099.9999999,1474055100.0,31.34035021475433,0.0,0.17114497018104063,1.3572728039421211,0.0,31.34035021475433,0.023593089239888676,14.930635325596588,15.316148027575641,1.4454209889037481,0.3182688625047874,0.0,0.005194988680113415,0.012207115721869484,0.0,0.0029749646074921027,111.588315312173,1.0,-0.43939393939393945,1.5112823418585462,0.6237437610180261,0.19712307153902825,-0.3176225810218358,-0.4296843714732972,0.0,0.8538715231764034,0.5977449280868622,0.1409976499371267,Banks—Regional,Financial Services,RBCAA
2018Q1,2018,Q1,2018-05-10,2018-03-31,27469000.0,94203000.0,0.0,1.32,94203000.0,1.0,5078334000.0,653254000.0,4534565000.0,0.0,4425080000.0,0.0,510123000.0,801236000.0,920354000.0,31.226290630975143,0.0,0.09476336137008712,0.736681290891445,0.0,31.226290630975143,0.042049493765059225,8.505419148010148,7.292183916414867,1.2265305685078085,0.16502238887473153,0.0,0.005657509148365776,0.018549981155237132,0.0,0.0054090573798414995,16.601110558594396,1.0,4.739130434782608,1.0511731967700797,0.8984568250394557,0.20041148576131146,0.5727498873065429,4.677759404712691,0.0,0.9864305169346692,0.841695580482563,0.14377939574010004,Banks—Regional,Financial Services,RBCAA
2017Q4,2017,Q4,2018-03-09,2017-12-31,4838000.0,59897000.0,0.0,0.23,59897000.0,1.0,5085362000.0,632424000.0,4435016000.0,0.0,4452938000.0,0.0,487700000.0,804084980.0000001,1283473980.0,29.90325783724999,0.0,0.15313364122357465,1.2313574437402754,0.0,29.90325783724999,0.007649931058909845,13.424461659181597,41.55048470442332,1.2714333738125057,0.9357172385283175,0.0,0.005630001943326935,0.011778315879970786,0.0,0.0009513580350818683,112.05197603121518,1.0,-0.5490196078431373,-0.2754446306054575,4.2975891666899155,0.16843466226130976,0.037123612626183924,-0.5481038669904726,0.0,-0.0897316140904646,0.7843085655191969,0.11487417739082763,Banks—Regional,Financial Services,RBCAA
2017Q3,2017,Q3,2017-11-09,2017-09-30,10706000.0,57753000.0,0.0,0.51,57753000.0,1.0,4993174000.0,633287000.0,4411329000.0,0.0,4359887000.0,0.0,487574000.0,822640170.0,1291518170.0,29.938401172410533,0.0,0.1599663861103178,1.2612606922295895,0.0,29.938401172410533,0.01690544729324935,14.244111474728586,19.20979287315524,1.2990005637254516,0.4228470016813002,0.0,0.005503013547223204,0.011566390436223532,0.0,0.0021441271624021113,84.76457187017002,1.0,0.06250000000000006,-0.48702124167448185,-0.09813932322225434,0.12441574408819603,0.050188205771643665,0.06305232846787806,0.0,1.0064469206155342,0.6296719658444588,0.11708768566301232,Banks—Regional,Financial Services,RBCAA
2017Q2,2017,Q2,2017-08-09,2017-06-30,10071000.0,54993000.0,0.0,0.48,54993000.0,1.0,4955661000.0,626891000.0,4369422000.0,0.0,4328770000.0,0.0,481412000.0,755090700.0000001,1466135700.0,29.638835043260364,0.0,0.2106156978857109,1.6649465377553674,0.0,29.638835043260364,0.016064993754895188,13.730669357918282,18.74418379505511,1.204500782432672,0.42706781848873004,0.0,0.005696004466748166,0.011097006030073485,0.0,0.0020322213323308433,130.25542521994137,1.0,-0.5,0.04187758341246998,0.2852303493102121,0.1509278168890702,-0.31518125101179284,-0.496877653994105,0.0,0.5660454165526256,0.4911651697596064,0.10983303719043301,Banks—Regional,Financial Services,RBCAA
2017Q1,2017,Q1,2017-05-10,2017-03-31,20017000.0,80303000.0,0.0,0.96,80303000.0,1.0,4664792000.0,620664000.0,4026400000.0,0.0,4044128000.0,0.0,475885000.0,719266850.0,1021819850.0,29.675543868037295,0.0,0.10905952505492206,0.8196705463825839,0.0,29.675543868037295,0.032250944150135984,8.956911323362764,8.983199905080681,1.1588667137130557,0.2148673627416696,0.0,0.005979700023711645,0.017214701105644152,0.0,0.0042910809313684295,16.83834745762712,1.0,1.0,-0.7568115283171933,-0.5530696764373794,0.16567733278335334,0.5727491725259014,1.0017,0.0,0.6608068547528669,0.6700711213298836,0.12031160531335404,Banks—Regional,Financial Services,RBCAA
2016Q4,2016,Q4,2017-03-10,2016-12-31,10000000.0,51059000.0,0.0,0.48,51059000.0,1.0,4816309000.0,604406000.0,4223001000.0,0.0,4211903000.0,0.0,460621000.0,827414040.0,1381845040.0,28.88301634330498,0.0,0.17518394272460508,1.395982170924842,0.0,28.88301634330498,0.016545169968531087,16.20505767837208,20.685351,1.3689705926148978,0.4301,0.0,0.005198123058197079,0.010601271637679393,0.0,0.0020762787437433937,106.90103875968992,1.0,0.02127659574468087,0.6141741187037583,0.5325100964845128,0.3380120355602845,0.02980980617575281,0.017501017501017502,0.0,6.38875563278922,0.5271256127077873,0.10659350410814132,Banks—Regional,Financial Services,RBCAA
2016Q3,2016,Q3,2016-11-09,2016-09-30,9828000.0,49581000.0,0.0,0.47,49581000.0,1.0,4827277000.0,600560000.0,4243148000.0,0.0,4226717000.0,0.0,454998000.0,650349000.0,1251922000.0,28.700597371565113,0.0,0.18721527685276815,1.5048288264286667,0.0,28.700597371565113,0.01636472625549487,13.11689961880559,16.54326923076923,1.0829042893299587,0.43772893772893773,0.0,0.006614909840716293,0.010271007858053308,0.0,0.002035930401342206,35.078155339805825,1.0,0.17499999999999988,0.25046390949706937,0.31903995712523076,0.3273054702825911,0.09373069796170476,0.17841726618705037,0.0,1.1210481242948147,0.39045293152890465,0.09365422735187989,Banks—Regional,Financial Services,RBCAA
2016Q2,2016,Q2,2016-08-09,2016-06-30,8340000.0,45332000.0,0.0,0.4,45332000.0,1.0,4646922000.0,595023000.0,4036626000.0,0.0,4051899000.0,0.0,449487000.0,578765610.0,1468650610.0,28.406120208144365,0.0,0.2222684176751837,1.7358387827025175,0.0,28.406120208144365,0.014016264917490584,12.76726396364599,17.349089028776977,0.9726777116178702,0.489568345323741,0.0,0.007054669333238372,0.009755274566691672,0.0,0.0017947363867953884,-55.00528511689793,1.0,-0.5294117647058824,-0.03779056040254757,0.07373023168322264,0.3342004982191767,-0.28555893524136733,-0.5297434451649281,0.0,0.35223167649794956,0.15819218157844517,0.08504281672230843,Banks—Regional,Financial Services,RBCAA
2016Q1,2016,Q1,2016-05-10,2016-03-31,17735000.0,63451000.0,0.0,0.85,63451000.0,1.0,4246765000.0,591557000.0,3650867000.0,0.0,3655208000.0,0.0,446309000.0,539950320.0,900518320.0,28.29874665135859,0.0,0.1315683820508081,0.9445243653612416,0.0,28.29874665135859,0.029980204781618676,8.509721202187515,7.611366224978855,0.9127612723710479,0.23016633775021145,0.0,0.0075599547750985685,0.014941019811550674,0.0,0.004176119940707809,21.699566772495277,1.0,1.3611111111111112,-0.7512484501838793,-0.6295554844842409,0.3453044317235147,0.6204254667109329,1.3908061472094904,0.0,0.32532673788658006,0.27969580335780375,0.08786986307119615,Banks—Regional,Financial Services,RBCAA
2015Q4,2015,Q4,2016-03-11,2015-12-31,7418000.0,39157000.0,0.0,0.36,39157000.0,1.0,4230289000.0,576547000.0,3634415000.0,0.0,3653742000.0,0.0,432673000.0,551335160.0,1081993160.0,27.617694960720446,0.0,0.17510387588176599,1.2847868430500895,0.0,27.617694960720446,0.01286625374861026,14.080117475802538,18.580990833108654,0.9562709718375084,0.5489350229172284,0.0,0.007385707089676632,0.009256341588009708,0.0,0.001753544497787267,46.91016421339233,1.0,0.3333333333333332,0.6840269010460873,0.18350087583791355,0.5570723393207012,0.02181571462122596,0.3152482269503546,0.0,0.12547303213639235,3.1839537496453834,0.07912897850439989,Banks—Regional,Financial Services,RBCAA
2015Q3,2015,Q3,2015-11-06,2015-09-30,5640000.0,38321000.0,0.0,0.27,38321000.0,1.0,4035977000.0,574712000.0,3493333000.0,0.0,3461265000.0,0.0,429917000.0,511818400.0,1173827400.0,27.566768994627783,0.0,0.18650750487428447,1.3097690669413549,0.0,27.566768994627783,0.009813610991244311,13.356081521880952,22.686985815602835,0.890565013432815,0.7223404255319149,0.0,0.007959854510896832,0.009494850936960245,0.0,0.0013974311548356198,30.675361102786933,1.0,-0.325,-0.22590061029319888,0.014909850428316142,0.5549493886890835,-0.032591133999798044,-0.32211538461538464,0.0,-0.7258054502264429,-0.3928313954180004,0.03534283252795633,Banks—Regional,Financial Services,RBCAA
2015Q2,2015,Q2,2015-08-07,2015-06-30,8320000.0,39612000.0,0.0,0.4,39612000.0,1.0,4066219000.0,572972000.0,3525277000.0,0.0,3493247000.0,0.0,428475000.0,536102000.0,1401076000.0,27.46749760306807,0.0,0.2355357643058576,1.6715301969380703,0.0,27.46749760306807,0.014520779374908373,13.533828132889024,16.108834134615382,0.9356513058229722,0.4623798076923077,0.0,0.007175873248001313,0.009741728126301117,0.0,0.002046126881016492,-48736.545454545456,1.0,-0.3939393939393939,-0.010119922526318766,-0.020784354604816153,0.564996883384291,-0.22330934687555146,-0.3965767333913548,0.0,-0.12726171974084896,-0.06132136788774693,0.06661098540353981,Banks—Regional,Financial Services,RBCAA
2015Q1,2015,Q1,2015-05-08,2015-03-31,13788000.0,51001000.0,0.0,0.66,51001000.0,1.0,3952187000.0,569471000.0,3401483000.0,0.0,3382716000.0,0.0,424483000.0,515843070.0,1017234070.0,27.300973201016348,0.0,0.16136382210659567,1.1198814338219154,0.0,27.300973201016348,0.024211944067388858,10.114371678986686,9.353116296779808,0.9058285145336638,0.2789382071366406,0.0,0.007455755875522375,0.012904500723270432,0.0,0.0034887013190418367,31.64681411042945,1.0,1.6400000000000001,-0.6917124996330952,-0.6280389028287207,0.5907619975867526,0.5424933462375998,1.633810888252149,0.0,-0.8320385350821559,-0.7153893624668703,0.07240243902075294,Banks—Regional,Financial Services,RBCAA
2014Q4,2014,Q4,2015-03-13,2014-12-31,5235000.0,33064000.0,0.0,0.25,33064000.0,1.0,3747013000.0,558731000.0,3222510000.0,0.0,3188282000.0,0.0,414623000.0,514942320.0,1190804320.0,26.822092074312323,0.0,0.19982316581234172,1.340072414095513,0.0,26.822092074312323,0.009369446119868058,15.574108395838374,24.591323782234955,0.9216283327755216,0.7339063992359122,0.0,0.007461029810096013,0.008824095352751644,0.0,0.0013971128469530264,-143.63802510460252,1.0,0.0,0.36075123868607933,-0.07368521649021631,0.7665813063563593,-0.05103036565065151,-0.0020968356843309188,0.0,-0.15112612535234496,-0.003074892207498662,0.2425392690211467,Banks—Regional,Financial Services,RBCAA
2014Q3,2014,Q3,2014-11-07,2014-09-30,5246000.0,34842000.0,0.0,0.25,34842000.0,1.0,3625619000.0,557368000.0,3082835000.0,0.0,3068251000.0,0.0,413501000.0,492680930.0,1126238930.0,26.80040390440929,0.0,0.1939641203336589,1.261715778444403,0.0,26.80040390440929,0.009412093984584691,14.140431949945468,23.47888534121235,0.8839419019391139,0.7304613038505529,0.0,0.00777785330558664,0.009609945225904873,0.0,0.001446925338818006,82.88710127860027,1.0,-0.16666666666666663,-0.07411066288053636,-0.04557098426835213,0.768323027310551,-0.03897393462970625,-0.1701993040177159,0.0,-0.32841795735982093,-0.06736755240308585,0.23942795502048875,Banks—Regional,Financial Services,RBCAA
2014Q2,2014,Q2,2014-08-08,2014-06-30,6322000.0,36255000.0,0.0,0.3,36255000.0,1.0,3465324000.0,555291000.0,2910691000.0,0.0,2910033000.0,0.0,412338000.0,493209960.0,1090176960.0,26.70567017746357,0.0,0.19658767838158855,1.2268162098791444,0.0,26.70567017746357,0.011385021547260805,13.603915597848573,19.503715596330274,0.8882008892634672,0.5707054729515976,0.0,0.007315342942385025,0.010462225177212866,0.0,0.0018243604349838572,-152.36637627432808,1.0,-0.48275862068965514,-0.08131323194084694,-0.11162260799908327,0.7901039933327464,-0.2416858397824723,-0.47246328437917223,0.0,-0.2652108528052824,-0.13490681715518466,0.25433245353348755,Banks—Regional,Financial Services,RBCAA
2014Q1,2014,Q1,2014-05-09,2014-03-31,11984000.0,47810000.0,0.0,0.58,47810000.0,1.0,3507172000.0,550858000.0,2998054000.0,0.0,2956314000.0,0.0,409863000.0,469989600.0,749843600.0,26.488651663781496,0.0,0.17770442966583902,1.1313986544626746,0.0,26.488651663781496,0.021755152870612752,9.830361848985568,9.80452269692924,0.8531955603803522,0.30440587449933243,0.0,0.007761873879762446,0.013632065949431622,0.0,0.0034169980827857887,23.70811138014528,1.0,7.285714285714286,-0.5377623147358898,-0.5732771517115454,0.8028299367127055,0.43889005928913233,7.9100371747211895,0.0,-0.8310391869348003,-0.719422378075057,0.25925366634408475,Banks—Regional,Financial Services,RBCAA
2013Q4,2013,Q4,2014-03-14,2013-12-31,1345000.0,33227000.0,0.0,0.07,33227000.0,1.0,3371904000.0,542793000.0,2845291000.0,0.0,2829111000.0,0.0,401766000.0,510333840.0,985710840.0,26.100836699365264,0.0,0.19165432942337624,1.1905827820181911,0.0,26.100836699365264,0.002477924365273686,15.359010443314173,94.8575910780669,0.9401997446540393,2.683271375464684,0.0,0.007071841444024171,0.009854076509888775,0.0,0.00039888442850093006,-739.6142608695652,1.0,-0.6818181818181818,1.2124725654067452,0.1408542789260309,0.9545215237722438,-0.06199361996442989,-0.7077992613512927,0.0,-0.693484839817108,0.008132889470621735,0.47155260116784586,Banks—Regional,Financial Services,RBCAA
2013Q3,2013,Q3,2013-11-07,2013-09-30,4603000.0,35423000.0,0.0,0.22,35423000.0,1.0,3331881000.0,545510000.0,2755406000.0,0.0,2786371000.0,0.0,404060000.0,572681850.0,1059356850.0,26.242844085245586,0.0,0.18856015565982098,1.1516929112206926,0.0,26.242844085245586,0.00843797547249363,16.16694943962962,31.103728546600042,1.0498099943172445,0.7838366282859005,0.0,0.0063001822041330625,0.010631532158561486,0.0,0.0013815019203867124,31.333471029162336,1.0,-0.26666666666666666,0.01279396955906792,0.12248872663629248,0.9491135835378823,-0.08778842192006593,-0.24775290080078444,0.0,-0.3663766427204417,-0.05908897902410661,0.4802712053693305,Banks—Regional,Financial Services,RBCAA
2013Q2,2013,Q2,2013-08-09,2013-06-30,6119000.0,38832000.0,0.0,0.3,38832000.0,1.0,3317065000.0,544067000.0,2798768000.0,0.0,2772998000.0,0.0,403212000.0,482558040.0,1018152040.0,26.179722837070543,0.0,0.19091697027341942,1.16398164196689,0.0,26.179722837070543,0.011246776591853577,12.426813967861557,19.71555973198235,0.8869459827558003,0.5523778395162608,0.0,0.007004338794147954,0.011706734718795079,0.0,0.0018447030733494821,-35.83263087547338,1.0,-0.53125,-0.050201624912144104,-0.03686978365262947,1.0016641742913774,-0.21532492725509214,-0.5418538484576221,0.0,-0.26925361740488973,-0.03646322252683956,0.4916242185565363,Banks—Regional,Financial Services,RBCAA
2013Q1,2013,Q1,2013-05-09,2013-03-31,13356000.0,49488000.0,0.0,0.64,49488000.0,1.0,3401358000.0,542735000.0,2883929000.0,0.0,2858623000.0,0.0,400702000.0,474447359.99999994,880806360.0,26.0129888803681,0.0,0.18046027498428568,1.1309570969257556,0.0,26.0129888803681,0.024608694851078333,9.587119301648883,8.880790655884994,0.8741786691479266,0.255465708295897,0.0,0.007191524893299018,0.014549482883013196,0.0,0.003926666937146869,29.11791825211734,1.0,0.9393939393939393,-0.3400559766951738,-0.35709995946360285,1.0337960736734444,3.7476542113153073,1.017217942908926,0.0,-0.701443203488305,-0.6391600273777344,0.5157142512778939,Banks—Regional,Financial Services,RBCAA
2012Q4,2012,Q4,2013-03-14,2012-12-31,6621000.0,-18011000.0,0.0,0.33,-18011000.0,1.0,3394399000.0,536702000.0,2866778000.0,0.0,2857697000.0,0.0,393472000.0,443117230.0,889266230.0,25.59258022984121,0.0,0.17200099340118824,1.0878290000782558,0.0,25.59258022984121,0.012336454866946648,-24.60258897340514,16.731506947590997,0.8256299212598425,3.9726627397674066,0.0,0.05935900980424526,-0.005306093950652236,0.0,0.0019505662121630369,-29.922157471807683,1.0,-0.6642359383537183,0.003946889020418823,-1.5317765885989607,1.094846481224902,-1.2840090196634972,-0.6796497000193535,0.0,0.7095295763224084,-1.5012241728834468,0.6856020660208688,Banks—Regional,Financial Services,RBCAA
2012Q3,2012,Q3,2012-11-08,2012-09-30,20668000.0,63417000.0,0.0,0.982833,63417000.0,1.0,3435776000.0,557756000.0,2811362000.0,0.0,2878020000.0,0.0,414133000.0,457294839.99999994,955834840.0,26.625739927439373,0.0,0.1730983044296252,1.0662852573526775,0.0,26.625739927439373,0.03705563006045654,7.210918838797167,5.5314355525449965,0.8198833181534577,0.16561834720340624,0.0,0.007485323910499407,0.018457838927799716,0.0,0.006015526041278594,-17.28510885999395,1.0,1.1365934782608693,3.69825510080231,1.0914051653404369,1.1993362111106718,0.4957545167224869,1.15786176654834,0.0,2.6214907131013114,0.7246635210703398,0.7567984870976802,Banks—Regional,Financial Services,RBCAA
2012Q2,2012,Q2,2012-08-09,2012-06-30,9578000.0,42398000.0,0.0,0.46,42398000.0,1.0,3278800000.0,539713000.0,2627580000.0,0.0,2739087000.0,0.0,397058000.0,466315500.0,921753500.0,25.75212329420746,0.0,0.17683146273026717,1.0742653966089384,0.0,25.75212329420746,0.01774646895664918,10.998525873861974,12.171525892670704,0.8640064256373295,0.3336813531008561,0.0,0.006853728859538231,0.012930950347688179,0.0,0.0029211906795168965,45.18561046511628,1.0,-0.8826530612244898,0.5898470788196629,0.3631294841516824,1.2057436320461734,-0.7644934982697232,-0.8838636143175865,0.0,0.38087739411225174,0.030723733893013156,0.7261869273237751,Banks—Regional,Financial Services,RBCAA
2012Q1,2012,Q1,2012-05-09,2012-03-31,82472000.0,180029000.0,0.0,3.92,180029000.0,1.0,3344834000.0,533493000.0,2670047000.0,0.0,2811341000.0,0.0,391007000.0,501267520.00000006,769596520.0,25.457768658140868,0.0,0.13598073925342782,0.8525566408556439,0.0,25.457768658140868,0.15458872000194943,2.784370962456049,1.5195081967213115,0.9395953086544716,0.03872829566398293,0.0,0.006371847112695433,0.05382299988579403,0.0,0.0246565300400558,4.285399970932967,1.0,12.24105738233398,8.838709677419354,3.5295725419821204,1.1626808417287975,4.395744043158999,12.293359123146358,0.0,2.1567594915150234,0.5945606466291354,0.7326675604843045,Banks—Regional,Financial Services,RBCAA
2011Q4,2011,Q4,2012-03-07,2011-12-31,6204000.0,33365000.0,0.0,0.29604886428707766,33365000.0,1.0,3419991000.0,452367000.0,2701120000.0,0.0,2967624000.0,0.0,311799000.0,479892400.0,1092791400.0,21.586514602023286,0.0,0.28534285616541094,2.1572528500089527,0.0,21.586514602023286,0.013714528248081757,14.383108047355012,19.33802385557705,1.0608474977175613,0.5149903288201161,0.0,0.006657742443931182,0.009755873626568023,0.0,0.0018140398615084075,-38.930185771071635,1.0,0.4097564966051318,0.026114950245562867,0.161825281821322,0.8885517287317083,-0.11355243231754297,-0.21168996188055908,0.0,9.127419923674832,0.1368458803056391,0.616473368223647,Banks—Regional,Financial Services,RBCAA
2011Q3,2011,Q3,2011-10-28,2011-09-30,7870000.0,37639000.0,0.0,0.21,37639000.0,1.0,3095141000.0,453071000.0,2348787000.0,0.0,2642070000.0,0.0,308847000.0,371077630.0,861475630.0,21.623204314417983,0.0,0.1828579053425999,1.2491883170628886,0.0,21.623204314417983,0.01737034592812164,9.858859959084992,11.787726493011437,0.8190275475587712,0.40559085133418044,0.0,0.008601973662492131,0.01216067377867438,0.0,0.002542695147006227,-71.77517021276596,1.0,-0.47500000000000003,0.15994899103330829,0.3549778079355303,0.9106486007286865,-0.10801715761784013,-0.09153872792335219,0.0,0.7179102356455456,0.18326039490204732,0.6060028064009518,Banks—Regional,Financial Services,RBCAA
2011Q2,2011,Q2,2011-07-28,2011-06-30,8663000.0,42197000.0,0.0,0.4,42197000.0,1.0,3104570000.0,445743000.0,2424260000.0,0.0,2658827000.0,0.0,304772000.0,416626400.0,847403400.0,21.29074321742453,0.0,0.18071391529261702,1.2586602593871357,0.0,21.29074321742453,0.019434965888415524,9.873365405123588,12.02315595059448,0.9346785030836154,0.3421447535495787,0.0,0.007114287524746392,0.013591898394946804,0.0,0.0027904025356168486,-20.88771683545573,1.0,-0.8823529411764706,0.4015294011443764,0.4501085052286485,0.9053357073564519,-0.7540422704328464,-0.8786898560466028,0.0,0.3347899077121881,0.03889212904697133,0.6278597832216226,Banks—Regional,Financial Services,RBCAA
2011Q1,2011,Q1,2011-04-20,2011-03-31,71412000.0,171562000.0,0.0,3.4,171562000.0,1.0,3395744000.0,440435000.0,2703206000.0,0.0,2955309000.0,0.0,299435000.0,407872240.0,531634240.0,21.03519915942306,0.0,0.1755364950950366,1.3533824514400536,0.0,21.03519915942306,0.16213970279382883,2.37740432030403,1.4278841091133143,0.9260668203026554,0.04150562930599899,0.0,0.007266981444974043,0.05052265424013118,0.0,0.0210298538405722,2.5926280193236715,1.0,15.113444997736531,6.162345973827491,3.6280638573203756,0.9359903916570411,4.170021697203471,15.16387505658669,0.0,2.5161246643121347,1.2208899022503956,0.6446132221146044,Banks—Regional,Financial Services,RBCAA
2010Q4,2010,Q4,2011-03-03,2010-12-31,4418000.0,33184000.0,0.0,0.21100391632438628,33184000.0,1.0,3622703000.0,371376000.0,3032071000.0,0.0,3251327000.0,0.0,230987000.0,497277500.0,317023500.0,17.73693762537014,0.0,0.1673107069500315,1.6320844642626342,0.0,17.73693762537014,0.011896299168497696,14.985459860173577,28.139288139429606,1.339013560380854,0.5486645540968764,0.0,0.004874541880539538,0.009160011185018479,0.0,0.001219531383058451,-37.19909485338121,1.0,-0.3971316676446106,-0.25034376031131084,0.20172227047679883,0.6974472042768685,-0.12403980677348679,-0.39562243502051986,0.0,-0.32903972698546213,-0.018694875217493002,0.4518333453884318,Banks—Regional,Financial Services,RBCAA
2010Q3,2010,Q3,2010-10-27,2010-09-30,7310000.0,37883000.0,0.0,0.35,37883000.0,1.0,3035769000.0,370825000.0,2386596000.0,0.0,2664944000.0,0.0,229552000.0,441976210.0,877616210.0,17.728402734617774,0.0,0.1998386570256169,1.6359846288680644,0.0,17.728402734617774,0.019712802534888423,11.666874587545864,15.115465458276335,1.1918727432077125,0.47797537619699043,0.0,0.007905402872249617,0.012478880968874773,0.0,0.0024079566001233956,-161.71833516282473,1.0,-0.1250000000000001,-0.10395848448036422,0.36891666005506757,0.7104966211846198,-0.06262681249072104,-0.1294509944027629,0.0,0.6641738247251965,0.2511806396592154,0.46439941972152016,Banks—Regional,Financial Services,RBCAA
2010Q2,2010,Q2,2010-07-26,2010-06-30,8397000.0,40414000.0,0.0,0.4,40414000.0,1.0,3140452000.0,365766000.0,2525036000.0,0.0,2774686000.0,0.0,225516000.0,466816000.0,805050000.0,17.55115163147793,0.0,0.19319607495991023,1.6587736421646626,0.0,17.55115163147793,0.022957300569216386,11.550848715791558,13.898297010837203,1.276269527512125,0.3236870310825295,0.0,0.005822422539073211,0.012868848178542452,0.0,0.002673818927975973,50.27635971997846,1.0,-0.8130841121495328,0.05768354126679465,0.3955623518208928,0.7148527591352939,-0.7046148898536743,-0.8118445818768486,0.0,0.40170555708653377,0.3066994237607344,0.5033067566477989,Banks—Regional,Financial Services,RBCAA
2010Q1,2010,Q1,2010-04-23,2010-03-31,44628000.0,136818000.0,0.0,2.14,136818000.0,1.0,3180995000.0,357214000.0,2672296000.0,0.0,2823781000.0,0.0,220783000.0,392135760.0,656648760.0,17.16219852022677,0.0,0.18447183978597892,1.6427239693852984,0.0,17.16219852022677,0.12493351324416176,2.8661123536376794,2.1966913148695886,1.0977614539183795,0.060948283588778344,0.0,0.0069363732601178734,0.043011070435508385,0.0,0.014029572507973135,4.272469111590508,1.0,10.587398543184182,2.3294470560285294,2.4034324059667433,0.7241496976516034,2.836197953175382,10.609781477627472,0.0,4.360334390314212,2.46585849630522,0.45795801824020854,Banks—Regional,Financial Services,RBCAA
2009Q4,2009,Q4,2010-03-11,2009-12-31,3844000.0,35665000.0,0.0,0.18468338618237726,35665000.0,1.0,3918768000.0,316020000.0,3401985000.0,0.0,3602748000.0,0.0,178944000.0,428768400.0,39436400.0,15.18304987027962,0.0,0.17322969872163904,2.148114043414974,0.0,15.18304987027962,0.012163787102082147,12.022105705874106,27.885561914672216,1.3567761534080123,0.7065556711758585,0.0,0.006334422032966982,0.009101074623453085,0.0,0.0009809205342087104,-940.2815789473684,1.0,-0.31598745858378796,-0.4224513730747274,0.28825756164955896,0.6014350676704563,-0.022180183144157484,-0.3209680268503798,0.0,-0.3598814030917938,0.25038789721911126,0.32832815341336885,Banks—Regional,Financial Services,RBCAA
2009Q3,2009,Q3,2009-10-23,2009-09-30,5661000.0,36474000.0,0.0,0.27,36474000.0,1.0,3037421000.0,314923000.0,2489295000.0,0.0,2722498000.0,0.0,177926000.0,414748840.0,1016771840.0,15.15583040569806,0.0,0.24393358707930182,2.352730667496499,0.0,15.15583040569806,0.017975822661412472,11.371081866535066,18.316059000176647,1.316984913772573,0.4790673025967144,0.0,0.006538897131092639,0.012008213546953155,0.0,0.0018637521765998194,27.248461993298733,1.0,-0.1818181818181818,-0.19132911581442208,0.3891193403816121,0.6411238793169565,-0.10436106472841568,-0.17562254259501967,0.0,-0.15864576734395128,0.3240337925871717,0.3391847820732072,Banks—Regional,Financial Services,RBCAA
2009Q2,2009,Q2,2009-07-24,2009-06-30,6867000.0,40724000.0,0.0,0.33,40724000.0,1.0,3104340000.0,309544000.0,2534427000.0,0.0,2794796000.0,0.0,175718000.0,468719910.0,1004649910.0,14.918502096486577,0.0,0.22580387457559417,2.2645310521282918,0.0,14.918502096486577,0.022184245212312305,11.509672674589922,17.064216906946264,1.5142270888791254,0.3612931411096549,0.0,0.00529313977722858,0.013118408421757925,0.0,0.0022120644001623535,-20.188650988499806,1.0,-0.7338709677419354,-0.12926682781789875,0.5214631046010391,0.6724048350669177,-0.6341651844265976,-0.7334135641911564,0.0,0.12097902053258947,0.412101426211547,0.3350757394624389,Banks—Regional,Financial Services,RBCAA
2009Q1,2009,Q1,2009-04-24,2009-03-31,25759000.0,111318000.0,0.0,1.24,111318000.0,1.0,3337645000.0,303583000.0,2833995000.0,0.0,3034062000.0,0.0,169956000.0,385759540.00000006,620151540.0,14.692817733036492,0.0,0.2026671500414214,2.2281583619636147,0.0,14.692817733036492,0.08484994219043886,3.465383316265115,3.743929694475718,1.2706888725653283,0.09588881555961024,0.0,0.006402952471376339,0.033352258853173423,0.0,0.007717717132888609,5.039709709448161,1.0,41.41867549668874,1.3277313617540725,2.013302910248475,0.6838641486439835,2.846908801879946,41.647350993377486,0.0,1.6180379440518826,2.0430316923783582,0.3522645420157274,Banks—Regional,Financial Services,RBCAA
2008Q4,2008,Q4,2009-03-06,2008-12-31,604000.0,28937000.0,0.0,0.029232407317781435,28937000.0,1.0,3939368000.0,275922000.0,2981641000.0,0.0,3663446000.0,0.0,146983000.0,562006400.0,502177400.0,13.354079953537896,0.0,0.14125971475627563,2.0167801045222924,0.0,13.354079953537896,0.0021890244344416176,19.421723053530084,232.61854304635762,2.036830698530744,4.086092715231788,0.0,0.0043914090658042325,0.007345594521760851,0.0,0.00015332408650321573,229.57777777777778,1.0,-0.8671254212828117,-0.8698464203709669,0.2223718183588565,0.6273814846648427,-0.07431222008957133,-0.8658374055975122,0.0,-0.8961428919015592,0.061919797520013066,0.27800222121769097,Banks—Regional,Financial Services,RBCAA
2008Q3,2008,Q3,2008-10-28,2008-09-30,4502000.0,31260000.0,0.0,0.22,31260000.0,1.0,3045054000.0,277237000.0,2446333000.0,0.0,2767817000.0,0.0,148907000.0,624319120.0,1170118120.0,13.463989121460832,0.0,0.20312743222287682,2.2310658389753173,0.0,13.463989121460832,0.01623881372255507,19.971820857325657,34.66898711683696,2.251932894959908,0.5468680586406042,0.0,0.003943496076173352,0.010265827798127718,0.0,0.0014784631077150027,147.69792287674474,1.0,-0.29032258064516125,-0.30063862737964314,0.21077606194996307,0.6074335783137772,-0.22233002462870363,-0.29908142612486377,0.0,-0.4394192201079227,0.1474759092709082,0.2990514850474916,Banks—Regional,Financial Services,RBCAA
2008Q2,2008,Q2,2008-08-05,2008-06-30,6423000.0,40197000.0,0.0,0.31,40197000.0,1.0,3053209000.0,270988000.0,2492521000.0,0.0,2782221000.0,0.0,147058000.0,509696133.0,1212208133.0,13.07897856858961,0.0,0.25909690427350374,2.919232585944765,0.0,13.07897856858961,0.0237021565530577,12.67995454884693,19.838709831854274,1.8808808249811801,0.3456328818309201,0.0,0.004355536281849719,0.013165492437628738,0.0,0.0021036882833766046,-43.04138937679446,1.0,-0.6770833333333333,-0.12370478733619676,0.39482806667304315,0.6011651659084102,-0.46513824946110655,-0.6749329419505036,0.0,-0.1862500063346566,0.39615145326453566,0.27789463369411005,Banks—Regional,Financial Services,RBCAA
2008Q1,2008,Q1,2008-05-12,2008-03-31,19759000.0,75154000.0,0.0,0.96,75154000.0,1.0,3124031000.0,260541000.0,2522170000.0,0.0,2863490000.0,0.0,139343000.0,384587544.64,946681544.64,12.790362424775171,0.0,0.2128083876248347,2.5516905208777123,0.0,12.790362424775171,0.07583835173734652,5.117326351757724,4.865979359279315,1.4761114167827711,0.11179715572650438,0.0,0.005743815759992368,0.024056739513788436,0.0,0.006324841206761392,7.0312365328994275,1.0,2.0526535872619416,0.998374689034035,1.1298825422242433,0.6371654320703092,1.2843855436335452,2.0844520761785827,0.0,0.506232365322949,0.9102416841755412,0.2849460680425199,Banks—Regional,Financial Services,RBCAA
2007Q4,2007,Q4,2008-03-14,2007-12-31,6406000.0,32899000.0,0.0,0.3144804913357581,32899000.0,1.0,3165359000.0,248860000.0,2534849000.0,0.0,2916499000.0,0.0,124616000.0,336717802.59000003,770330802.59,12.21692398904414,0.0,0.16421202144843602,2.0886844008679577,0.0,12.21692398904414,0.02574138069597364,10.234894756375574,13.14071973891664,1.3530410776741943,0.3445207617858258,0.0,0.006554449996477686,0.010393449842498117,0.0,0.0020237830843199776,36.78367954883112,1.0,0.49752614921789584,0.5755420356211289,0.5342276944701261,0.6609018183150981,0.12779815570258132,0.5137051039697542,0.0,-0.01654512774423372,0.21424268131067645,0.28858237720847396,Banks—Regional,Financial Services,RBCAA
2007Q3,2007,Q3,2007-11-09,2007-09-30,4232000.0,29171000.0,0.0,0.21,29171000.0,1.0,3170917000.0,243970000.0,2522042000.0,0.0,2926947000.0,0.0,120449000.0,325864000.77000004,1063067000.77,12.106261786138322,0.0,0.25572318669962035,3.3236750420133623,0.0,12.106261786138322,0.017346395048571547,11.170820361660555,19.250000045486768,1.3356724218961349,0.526937618147448,0.0,0.00684334567405612,0.009199547008010617,0.0,0.0013346296986013824,21.432780897790057,1.0,-0.2507184520020105,-0.08837029384722256,0.3662750658763348,0.686072222909319,-0.05341207774929422,-0.2910035181772491,0.0,-0.37666345607044893,0.14552813222084546,0.31090641519875595,Banks—Regional,Financial Services,RBCAA
2007Q2,2007,Q2,2007-08-09,2007-06-30,5969000.0,30817000.0,0.0,0.2802684792667061,30817000.0,1.0,3106247000.0,242432000.0,2475042000.0,0.0,2863815000.0,0.0,124712000.0,345321950.0,998659950.0,11.675030098723814,0.0,0.23369777097571443,2.9943365562302007,0.0,11.675030098723814,0.02462133711721225,11.205566732647565,14.463140810856089,1.4244074627111931,0.32233204891941697,0.0,0.005571612230268016,0.00992097537639473,0.0,0.0019216115138300336,-53.24933693138011,1.0,-0.28136287367511253,0.16467721237462343,0.5596409886666143,0.6576080856890121,-0.21750501485412488,-0.2813628702143029,0.0,-0.24371609710879583,0.15044693140856197,0.30880276453866495,Banks—Regional,Financial Services,RBCAA
2007Q1,2007,Q1,2007-05-10,2007-03-31,8306000.0,39383000.0,0.0,0.39,39383000.0,1.0,3021837000.0,244433000.0,2450716000.0,0.0,2777404000.0,0.0,121003000.0,469496650.0,980817650.0,11.771394172887069,0.0,0.19516870036338824,2.412800235647396,0.0,11.771394172887069,0.033980681822830795,11.921302338572481,14.13125,1.9207580400355109,0.23091740910185407,0.0,0.004085226167215464,0.013032800908851139,0.0,0.002748659176520772,35.431035393555206,1.0,0.3517526289434151,0.18585973869950456,0.4281033863082505,0.775254617567721,0.3839963452347484,0.38641295276247706,0.0,-0.25314514699231105,0.06078315172598254,0.34905563979829185,Banks—Regional,Financial Services,RBCAA
