Quarters,Year,Quarter,FillingDate,Date,NetIncome,Revenue,OperatingIncome,EPSDiluted,GrossProfit,GrossProfitRatio,TotalAssets,CommonStockEquity,CurrentAssets,CurrentLiability,TotalLiability,Inventory,RetainedEarnings,MarketCap,EnterpriseValue,bookValuePerShare,currentRatio,debtToAssets,debtToEquity,roic,shareholdersEquityPerShare,roe,priceToSalesRatio,peRatio,pbRatio,payoutRatio,inventoryTurnover,dividendYield,assetTurnover,quickRatio,returnOnAssets,priceToFreeCashFlowsRatio,grossProfitMargin,epsdilutedGrowth,fiveYNetIncomeGrowthPerShare,fiveYRevenueGrowthPerShare,fiveYShareholdersEquityGrowthPerShare,grossProfitGrowth,netIncomeGrowth,operatingIncomeGrowth,threeYNetIncomeGrowthPerShare,threeYRevenueGrowthPerShare,threeYShareholdersEquityGrowthPerShare,Industry,Sector,Symbol
2022Q3,2022,Q3,2023-01-23,2022-09-30,-5046323.0,-2529890.0,873582.0,-0.95,-4488293.0,1.7741059888,88210789.0,17911428.0,13579072.0,0.0,70299361.0,0.0,14105340.0,6312786.97,-6144662.03,3.3764166953981656,0.0,0.0,0.0,0.043308828161269915,3.3764166953981656,-0.28173761466701597,-2.495281205902233,-0.3127419197106487,0.35244464986264634,0.0,0.0,0.0,-0.02868005182449961,0.0,-0.05720754861403632,-0.9134420389675109,1.774105988797932,-24.75,-0.7246508132174457,-1.2723411839703938,-0.7153635316486108,-3.0041630106921904,-24.81228382274527,0.5631471868675753,-24.759525858584176,-1.3064292164293512,-0.6882623935067391,Insurance—Property & Casualty,Financial Services,UNAM
2022Q2,2022,Q2,2022-09-27,2022-06-30,211921.0,3748096.0,558861.0,0.04,2239485.0,0.5974993703,99981313.0,20562910.0,91717203.0,0.0,79418403.0,0.0,19151663.0,11564601.340000002,12814.340000001714,3.876237708683523,0.0,0.0,0.0,0.010305982956692415,3.876237708683523,0.010305982956692415,3.0854602817003625,13.642585373794953,0.562401009390208,0.0,0.0,0.0,0.03748796537608983,0.0,0.002119606090790186,-1.1675677901717996,0.5974993703469709,1.0526315789473684,1.2380188080161432,-0.5942456785885833,-0.687690741271944,-0.6311015058308426,1.0528380891212195,1.1613591144811506,1.766250512375462,-0.5189846144647262,-0.6385072303332132,Insurance—Property & Casualty,Financial Services,UNAM
2022Q1,2022,Q1,2022-08-22,2022-03-31,-4010762.0,6070735.0,-3463461.0,-0.76,6070735.0,1.0,112108083.0,21623041.0,104030058.0,0.0,90485042.0,0.0,18939742.0,15543248.590000002,6940903.590000002,4.076079061796695,0.0,0.0,0.0,-0.1854855660681585,4.076079061796695,-0.1854855660681585,2.5603569567770625,-0.9688463557548417,0.7188280589210371,0.0,0.0,0.0,0.05415073416249567,0.0,-0.03577585034613427,-1.5330646253880438,1.0,0.0,-0.868657354702151,-0.32221028323309864,-0.6759676115889696,-0.2586245596860759,0.0032763859157155686,0.10625435459148126,-4.979155146204352,-0.14885845108955958,-0.6152244438919628,Insurance—Property & Casualty,Financial Services,UNAM
2021Q4,2021,Q4,2022-07-11,2021-12-31,-4023946.0,8188476.0,-3875220.0,-0.76,8188476.0,1.0,126870930.0,27677900.0,118044486.0,508147.0,99193030.0,0.0,22950504.0,18252051.759999998,3007342.759999998,5.2165081083465,232.30381366022036,0.0,0.0,-0.1453848015926064,5.2165081083465,-0.1453848015926064,2.228992520708371,-1.133964754994227,0.6594449636713767,0.0,0.0,0.0,0.06454178273935565,232.30381366022036,-0.031716847980857395,-2.4519487859583204,1.0,-0.6170212765957448,-7.739936325242306,-0.09166873007468952,-0.5982288161696278,-0.04736955259219549,-0.6030392821602121,-0.5813229229023361,-7.587780128551386,0.023623704973319296,-0.5048853278558815,Insurance—Property & Casualty,Financial Services,UNAM
2021Q3,2021,Q3,2022-03-29,2021-09-30,-2510198.0,8595648.0,-2450619.0,-0.47,8595648.0,1.0,136594606.0,32228231.0,126148633.0,0.0,104366375.0,0.0,26974449.0,17983485.57,2192715.5700000003,6.075223997302098,0.0,0.0,0.0,-0.07788817201912199,6.075223997302098,-0.07788817201912199,2.092161704388081,-1.7910425362859823,0.5580041166392286,0.0,0.0,0.0,0.06292816569931027,0.0,-0.01837699213393536,6.838043014285242,1.0,-0.7407407407407405,-0.2855264876108269,-0.04434326263952682,-0.5280934141036207,0.05693661502064837,-0.7843178650152721,-0.7127194959586535,-2.793877966848891,0.05370149795979517,-0.42315678855254973,Insurance—Property & Casualty,Financial Services,UNAM
2021Q2,2021,Q2,2021-08-17,2021-06-30,-1406811.0,8132605.0,-1430835.0,-0.27,8132605.0,1.0,132516510.0,34950972.0,121667059.0,0.0,97565538.0,0.0,29484647.0,25086801.165,23208245.165,6.588450456513195,0.0,0.0,0.0,-0.040250983577795774,6.588450456513195,-0.040250983577795774,3.0847190002465386,-4.458097279058808,0.7177712014704484,0.0,0.0,0.0,0.061370503947017624,0.0,-0.010616118700982995,-5.941333904806699,1.0,-1.627906976744186,-10.318725754762736,-0.06724813385945347,-0.502511420402795,-0.29106953539568053,-1.6203682757398126,-1.5628026002826532,-9.362639564233564,-0.05870348147276717,-0.3840471874887866,Insurance—Property & Casualty,Financial Services,UNAM
2021Q1,2021,Q1,2021-05-17,2021-03-31,2267703.0,11471654.0,2542339.0,0.43,11471654.0,1.0,135602657.0,36267508.0,125071646.0,0.0,99335149.0,0.0,30891549.0,27903695.099999998,20130938.099999998,6.836624733618165,0.0,0.0,0.0,0.06252712483030265,6.836624733618165,0.06252712483030265,2.4324038277305084,3.076206970224937,0.7693855089244069,0.0,0.0,0.0,0.0845975606510424,0.0,0.01672314577139886,33.2050073422138,1.0,2.1025641025641026,12.405886894122283,0.34604938365505644,-0.48234551664249004,0.3789674909908226,2.09445917803459,2.2296444083306732,2.0278232800208635,0.30312901934153574,-0.3616997297044142,Insurance—Property & Casualty,Financial Services,UNAM
2020Q4,2020,Q4,2021-03-31,2020-12-31,-2071985.0,8319017.0,-2067540.0,-0.39,8319017.0,1.0,131900755.0,35032960.0,113763960.0,393466.0,96867795.0,0.0,28623846.0,24138259.599999998,20180259.599999998,6.603623071482751,289.1328856877087,0.0,0.0,-0.05914387479676282,6.603623071482751,-0.05914387479676282,2.9015759434077366,-2.91245588167868,0.6890157040683973,0.0,0.0,0.0,0.06307027582973274,289.13117270615504,-0.01570866671688119,24.372405297694954,1.0,0.8846153846153846,-7.355937023200291,-0.03634398354782179,-0.49997372597637374,0.0071832028481470115,0.8845078796072883,0.8558795409090643,0.2533171818234557,-0.10478414968775418,-0.41536226708964086,Insurance—Property & Casualty,Financial Services,UNAM
2020Q3,2020,Q3,2020-11-13,2020-09-30,-17940488.0,8259686.0,-14345916.0,-3.38,8259686.0,1.0,132780472.0,37089779.0,115620373.0,0.0,95690693.0,0.0,30696933.0,31834452.0,26128789.0,6.99049803024723,0.0,0.0,0.0,-0.4837043650219647,6.99049803024723,-0.4837043650219647,3.8541963943907795,-0.4436118460099859,0.8583079451619272,0.0,0.0,0.0,0.06220557794070803,0.0,-0.1351139044000386,-13.53332993240658,1.0,-40.21951219512195,-26.775550380858533,-0.017248193670161425,-0.4731970548805816,0.03553798055145622,-40.260143417645246,-36.304559472854834,-5.13039459101893,-0.11099692136567506,-0.41069161455728653,Insurance—Property & Casualty,Financial Services,UNAM
2020Q2,2020,Q2,2020-08-14,2020-06-30,-434814.0,7976227.0,-384562.0,-0.082,7976227.0,1.0,131012050.0,54997754.0,111415295.0,0.0,76014296.0,0.0,48640390.0,29499925.52,24825264.52,10.365704551785594,0.0,0.0,0.0,-0.007906031944504496,10.365704551785594,-0.007906031944504498,3.698481189163749,-16.96123257300823,0.536384186161493,0.0,0.0,0.0,0.060881628827271994,0.0,-0.0033188855528937986,-17.315333276984987,1.0,0.59,-4.8936445755751095,-0.034506609488437076,-0.22619112340379643,-0.0036169076002154103,0.5834420679308621,0.6642840057337507,0.5117201023160453,-0.13666768335111953,-0.16483308092535065,Insurance—Property & Casualty,Financial Services,UNAM
2020Q1,2020,Q1,2020-05-15,2020-03-31,-1043826.0,8005181.0,-1145498.0,-0.2,8005181.0,1.0,130403775.0,53730266.0,110158255.0,0.0,76673509.0,0.0,49075204.0,26798936.0,21522911.0,10.124948367353092,0.0,0.0,0.0,-0.01942715117025477,10.124948367353092,-0.01942715117025477,3.3476989464697926,-6.418439471712718,0.49876797557637254,0.0,0.0,0.0,0.061387647711885644,0.0,-0.008004568886138458,-139.91592181104335,1.0,0.5555555555555556,-1.6477758814400236,0.028716723080823042,-0.24301258021092598,-0.02176316939122784,0.5614948460754178,0.5278662443353124,0.513840370554205,-0.1065446470186077,-0.19510609282302843,Insurance—Property & Casualty,Financial Services,UNAM
2019Q4,2019,Q4,2020-03-30,2019-12-31,-2380419.0,8183275.0,-2426215.0,-0.45,8183275.0,1.0,130306525.0,55080325.0,110909297.0,480078.0,75226200.0,0.0,50124790.0,33432392.7,27650392.7,10.379336310559669,231.0234940988756,0.0,0.0,-0.043217228656512105,10.379336310559669,-0.043217228656512105,4.0854538922375205,-3.51118780979315,0.6069752257271539,0.0,0.0,0.0,0.06280019362038854,231.0252354825674,-0.018267841921193125,290.52445948764296,1.0,-12.25,-48.70316191337406,0.07752191606968264,-0.22764245721922435,-0.009164706574648691,-12.203711635218646,-8.336027406372647,-4.986423155487999,-0.0923996181073175,-0.20059201476273597,Insurance—Property & Casualty,Financial Services,UNAM
2019Q3,2019,Q3,2019-11-14,2019-09-30,212467.0,8258966.0,330726.0,0.04,8258966.0,1.0,130209805.0,57477150.0,109390648.0,0.0,72732655.0,0.0,52505371.0,34493855.5,26965918.5,10.830957270056402,0.0,0.0,0.0,0.0036965472365975,10.830957270056402,0.0036965472365975,4.17653438699227,40.58730944099554,0.6001316262201588,0.0,0.0,0.0,0.06342814198976797,0.0,0.0016317281175561242,-262.90246867473553,1.0,1.7677543186180422,5.524814724895401,0.07053902347915014,-0.1944774214803356,0.059507654682468394,1.7679243305370522,1.9651443079347477,1.1087702997946935,-0.08210126517727881,-0.15868121577547079,Insurance—Property & Casualty,Financial Services,UNAM
2019Q2,2019,Q2,2019-08-14,2019-06-30,-276677.0,7795098.0,-342670.0,-0.0521,7795098.0,1.0,126471669.0,56905573.0,103395109.0,0.0,69566096.0,0.0,52292904.0,32637668.700000003,27046583.700000003,10.722863730460013,0.0,0.0,0.0,-0.004862036974831973,10.722863730460013,-0.004862036974831973,4.186947835678269,-29.490767844815437,0.5735408147107138,0.0,0.0,0.0,0.06163513189661473,0.0,-0.002187659909825338,-111.37729604111428,1.0,0.5992307692307692,-2.031312211004081,0.029334126059377703,-0.20208031357623504,0.09244291269227524,0.5877101482101825,0.5778532816249699,-2.8320013660675825,-0.10630364483703424,-0.19032520898637564,Insurance—Property & Casualty,Financial Services,UNAM
2019Q1,2019,Q1,2019-05-15,2019-03-31,-671074.0,7135474.0,-811732.0,-0.13,7135474.0,1.0,126189589.0,56220233.0,101969404.0,0.0,69969356.0,0.0,52571527.0,30250487.1,26604353.1,10.593393985381478,0.0,0.0,0.0,-0.011936521145332144,10.593393985381478,-0.011936521145332144,4.239450259366091,-11.269430457743855,0.5380711798188386,0.0,0.0,0.0,0.05654566320839669,0.0,-0.005317982294086083,-7.650234169264965,1.0,-0.4722536806342016,-2.141260909739528,-0.034793078651517005,-0.2086389430304466,-0.10822392878063254,-0.43184140957883754,-0.37639783569676016,-2.373896502630588,-0.16309485250032138,-0.19789104943265762,Insurance—Property & Casualty,Financial Services,UNAM
2018Q4,2018,Q4,2019-04-01,2018-12-31,-468679.0,8001419.0,-589751.0,-0.0883,8001419.0,1.0,125616966.0,55915422.0,99982204.0,314173.0,69701544.0,0.0,53242601.0,33859317.14,28941555.14,10.535959449062888,318.2393267403628,0.0,0.0,-0.008381927261498626,10.535959449062888,-0.008381927261498626,4.231664051088938,-18.06103811990723,0.6055452311528651,0.0,0.0,0.0,0.06369696112545817,318.2393267403628,-0.003731016716324768,46.27701320001203,1.0,0.2641666666666666,-1.6610952088636088,0.04105913630629733,-0.2062470972058553,-0.0195581834360695,0.29194546209918043,0.2738317607410536,-0.8893877109801156,-0.07348153471588735,-0.20221725414197197,Insurance—Property & Casualty,Financial Services,UNAM
2018Q3,2018,Q3,2018-11-15,2018-09-30,-661925.0,8161034.0,-812141.0,-0.12,8161034.0,1.0,123591906.0,55893698.0,90064713.0,0.0,67698208.0,0.0,53711280.0,37149791.0,32737122.0,10.53184622223043,0.0,0.0,0.0,-0.011842569443159763,10.53184622223043,-0.011842569443159763,4.552093644016187,-14.030966876912036,0.6646507983780211,0.0,0.0,0.0,0.0660321073129174,0.0,-0.005355730981282868,-48.025315882959774,1.0,-5.0,-0.8084455696471381,0.06906960485124047,-0.198488495771751,-0.05581311725916914,-4.933076644265792,-3.829444103793305,-0.024530751698683996,-0.0292368247368396,-0.2063215548578604,Insurance—Property & Casualty,Financial Services,UNAM
2018Q2,2018,Q2,2018-08-15,2018-06-30,168297.0,8643452.0,287032.0,0.03,8643452.0,1.0,125499491.0,56766983.0,86251710.0,0.0,68732508.0,0.0,54373406.0,41660994.05,33825794.05,10.696355829032361,0.0,0.0,0.0,0.0029646986876156515,10.696355829032361,0.0029646986876156515,4.81994856337491,61.886121038996535,0.7338948073037455,0.0,0.0,0.0,0.06887240682115595,0.0,0.0013410173910585821,-73.2833426855611,1.0,1.0714285714285714,-0.3230579719527363,0.12051869568540072,-0.1904398370744099,-0.018558081393308945,1.0762473320886479,1.1020764734269795,0.5066602039322147,0.04598433578906,-0.20150771745553928,Insurance—Property & Casualty,Financial Services,UNAM
2018Q1,2018,Q1,2018-05-15,2018-03-31,-2207251.0,8806891.0,-2811931.0,-0.42,8806891.0,1.0,130990312.0,56842960.0,88160953.0,0.0,74147352.0,0.0,54205110.0,42191707.35,41929099.35,10.71067184485484,0.0,0.0,0.0,-0.03883068369416371,10.71067184485484,-0.03883068369416371,4.790760706587603,-4.778761834290709,0.7422503569483363,0.0,0.0,0.0,0.06723314774607148,0.0,-0.016850490439323483,-26.092228398871505,1.0,0.19230769230769237,-267.48242739886905,0.1149153800216999,-0.18696794592132715,-0.052644549599894154,0.20487417583070752,-2.4008821708126518,-4.598491663739738,0.13165349023116607,-0.19922121576569238,Insurance—Property & Casualty,Financial Services,UNAM
2017Q4,2017,Q4,2018-04-02,2017-12-31,-2775977.0,9296290.0,-826824.0,-0.52,9296290.0,1.0,130298758.0,59945337.0,83590171.0,438571.0,70353421.0,0.0,56412361.0,45375987.150000006,44601761.150000006,11.295239256299022,190.59666735830686,0.0,0.0,-0.04630847266735693,11.295239256299022,-0.04630847266735693,4.881085588982272,-4.086488031961361,0.7569560773342555,0.0,0.0,0.0,0.071345960181754,190.59666735830686,-0.02130470806176065,-177.5738834123186,1.0,0.05454545454545459,-6.062736628666391,0.17858945199206447,-0.1443117863230588,0.0003121573841361854,0.05167718906044549,0.8135778906368899,-56.95800281694971,0.22398351304679126,-0.15948737220890194,Insurance—Property & Casualty,Financial Services,UNAM
2017Q3,2017,Q3,2017-11-14,2017-09-30,-2927249.0,9293389.0,-4435225.0,-0.55,9293389.0,1.0,138078496.0,62954310.0,19357766.0,0.0,75124186.0,0.0,59188338.0,53602043.3,53371667.3,11.862206958069452,0.0,0.0,0.0,-0.046497991956388686,11.862206958069452,-0.046497991956388686,5.767760641462441,-4.5778513631740925,0.8514435834496478,0.0,0.0,0.0,0.06730511462117895,0.0,-0.02119989053183198,-10.565449439254234,1.0,-2.235294117647059,-4.948827832507652,0.13597000056435607,-0.1582759089828911,0.00563589172352912,-2.286329828736942,-2.283342932398399,-90.88863310214737,0.20453480204235558,-0.11778106980305254,Insurance—Property & Casualty,Financial Services,UNAM
2017Q2,2017,Q2,2017-08-14,2017-06-30,-890735.0,9241306.0,-1350826.0,-0.17,9241306.0,1.0,140778797.0,65869674.0,24936692.0,0.0,74909123.0,0.0,62099358.0,49356336.900000006,35770427.900000006,12.411536322907303,0.0,0.0,0.0,-0.013522687238439954,12.411536322907303,-0.013522687238439954,5.340840017633872,-13.852699428000474,0.7493028870918658,0.0,0.0,0.0,0.06564416088880203,0.0,-0.0063271957068932756,-32.71372169400193,1.0,0.575,-6.721332690492152,0.12569198955742653,-0.1129753997596977,0.03133855186827249,0.5851744462224275,0.5865681933579792,-4.320088511859748,0.22025946579883915,-0.07642124158687731,Insurance—Property & Casualty,Financial Services,UNAM
2017Q1,2017,Q1,2017-05-15,2017-03-31,-2147252.0,8960497.0,-3267349.0,-0.4,8960497.0,1.0,138960125.0,66759665.0,41665746.0,0.0,72200460.0,0.0,62990091.0,50683120.150000006,37081002.150000006,12.579233458064834,0.0,0.0,0.0,-0.03216391214665322,12.579233458064834,-0.03216391214665322,5.6562844839968145,-5.900928273672583,0.7591877543124281,0.0,0.0,0.0,0.06448250532301983,0.0,-0.015452288921012412,-116.73646350367487,1.0,-4.636363636363637,-5.319313128336875,0.08203109119219097,-0.10318391317880345,-0.006274209632572525,-4.595670965224715,-4.575108653311683,-4.651699989010888,0.212068719446443,-0.060290262122023916,Insurance—Property & Casualty,Financial Services,UNAM
2016Q4,2016,Q4,2017-03-31,2016-12-31,597177.0,9017072.0,913916.0,0.11,9017072.0,1.0,138222205.0,68906640.0,29709065.0,0.0,69315565.0,0.0,65137345.0,57051679.75,43555300.75,12.983778623976448,0.0,0.0,0.0,0.008666465234700169,12.983778623976448,0.008666465234700169,6.327073771840793,23.88390701165651,0.8279561991413309,0.0,0.0,0.0,0.0652360595752325,0.0,0.004320412917736337,13.750033379904526,1.0,1.2972972972972974,-0.06693471702935253,0.09189519358365844,-0.08559609274909792,0.0020814945686660944,1.3056963998409008,1.308055827273334,-0.15765668638489358,0.17319841943765904,-0.021834506687046718,Insurance—Property & Casualty,Financial Services,UNAM
2016Q3,2016,Q3,2016-11-09,2016-09-30,-1953497.0,8998342.0,-2966722.0,-0.37,8998342.0,1.0,140809966.0,68322890.0,15532486.0,0.0,72487076.0,0.0,64540169.0,58537676.989999995,57322405.989999995,12.873785149156804,0.0,0.0,0.0,-0.028592130690022043,12.873785149156804,-0.02859213069002204,6.505384768660715,-7.491395813507776,0.8567798726019933,0.0,0.0,0.0,0.06390415576124775,0.0,-0.0138732864973492,-34.13968373174265,1.0,-13.333333333333334,-2.5405915449025054,-0.0035686813376541882,-0.09565281584558144,0.03160857869505443,-13.934496457657419,-15.222470444979242,-4.337129858507308,0.178749858622229,-0.02025849197912819,Insurance—Property & Casualty,Financial Services,UNAM
2016Q2,2016,Q2,2016-08-12,2016-06-30,151030.0,8722632.0,208594.0,0.03,8722632.0,1.0,141543423.0,70284594.0,13621873.0,0.0,71258829.0,0.0,66493666.0,58696890.980000004,58307200.980000004,13.243420505949258,0.0,0.0,0.0,0.0021488350633426154,13.243420505949258,0.0021488350633426154,6.729263710769869,97.16097957359464,0.8351316787858233,0.0,0.0,0.0,0.06162513110905902,0.0,0.001067022379414973,81.47649754655303,1.0,1.8000000000000003,-0.785197738743943,0.021912383487638788,-0.06092941631123648,0.022621487001033332,1.758994306160704,1.7724959818684127,-0.3925111291587001,0.13078342213084984,0.0023362941412431756,Insurance—Property & Casualty,Financial Services,UNAM
2016Q1,2016,Q1,2016-05-12,2016-03-31,-198987.0,8529678.0,-270026.0,-0.0375,8529678.0,1.0,141497533.0,70120552.0,17385510.0,0.0,71376981.0,0.0,66342635.0,50439081.5,50106356.5,13.20692653770866,0.0,0.0,0.0,-0.0028377842775681515,13.20692653770866,-0.0028377842775681515,5.91336290772055,-63.3698200133677,0.7193195156250339,0.0,0.0,0.0,0.06028146087889744,0.0,-0.0014062930694346452,-9.87143445670894,1.0,0.19700214132762314,-1.17940355540339,-0.004445619031371503,-0.04897211725652871,-0.015872169775728067,0.20071418242581018,0.24774205051343626,-25.01363832024081,0.07936499467154277,0.002519241234855813,Insurance—Property & Casualty,Financial Services,UNAM
2015Q4,2015,Q4,2016-03-25,2015-12-31,-248956.0,8667246.0,-358954.0,-0.0467,8667246.0,1.0,140170435.0,70342072.0,21480659.0,0.0,69828363.0,0.0,66626873.0,53209746.99,52875251.99,13.206552164438323,0.0,0.0,0.0,-0.0035392190323879002,13.206552164438323,-0.0035392190323879002,6.1391758108631045,-53.432882708189396,0.756442701744697,0.0,0.0,0.0,0.06183362418758278,0.0,-0.0017760949375665417,-6.2432815752152395,1.0,0.6108333333333333,-1.329023975286395,-0.007656051548513038,-0.03963329950380445,0.02552717546216336,0.6167018213730351,0.629041792402133,-1.4524038947496056,0.09488441977312052,0.0004826612342459275,Insurance—Property & Casualty,Financial Services,UNAM
2015Q3,2015,Q3,2015-11-06,2015-09-30,-649510.0,8451503.0,-967640.0,-0.12,8451503.0,1.0,137534478.0,70797890.0,44557603.0,0.0,66736588.0,0.0,66993714.0,56450342.679500006,56047442.679500006,13.269663913254297,0.0,0.0,0.0,-0.00917414346670501,13.269663913254297,-0.00917414346670501,6.679325876060153,-21.72804986816985,0.7973449869692445,0.0,0.0,0.0,0.06145006781499545,0.0,-0.0047225249220780845,142.99986999503494,1.0,-6.999999999999999,-2.0373221005772884,-0.07335654100556907,-0.0580022129406691,0.01657651216529457,-6.779535686637421,-6.297115610955094,-1.8715533068951433,0.027605160563810332,-0.05840491276470699,Insurance—Property & Casualty,Financial Services,UNAM
2015Q2,2015,Q2,2015-08-14,2015-06-30,112381.0,8313691.0,182673.0,0.02,8313691.0,1.0,137003477.0,71524845.0,58085086.0,0.0,65478632.0,0.0,67732862.0,55956828.160000004,55590717.160000004,13.395690932600566,0.0,0.0,0.0,0.0015712162675780704,13.395690932600566,0.0015712162675780702,6.7306841401731194,124.48017938975451,0.7823411313928748,0.0,0.0,0.0,0.06068233582130182,0.0,0.0008202784517651329,-199.4867387274335,1.0,1.2691790040376851,-0.7507227204728001,-0.11945940293162241,-0.04429574791369971,0.0614759660728743,1.2832289527073857,1.3090720208717896,-0.28252009486080454,0.0065799338748154836,-0.04264008215468653,Insurance—Property & Casualty,Financial Services,UNAM
2015Q1,2015,Q1,2015-05-15,2015-03-31,-396785.0,7832199.0,-591037.0,-0.0743,7832199.0,1.0,135555707.0,71439546.0,67768497.0,0.0,64116161.0,0.0,67642887.0,57630976.129999995,57481492.129999995,13.375319196419795,0.0,0.0,0.0,-0.005554136640230048,13.375319196419795,-0.005554136640230048,7.358211420572944,-36.31121144322492,0.8067097197118245,0.0,0.0,0.0,0.05777845266226969,0.0,-0.0029270991888227915,-63.21729920922125,1.0,-7.255555555555557,-1.7896224252897408,-0.21390110853913563,-0.036797819410927204,0.02467705569302753,-7.2317123770797895,-7.41022539700609,-1.7930715302046527,-0.06024034719419467,-0.04642826912261224,Insurance—Property & Casualty,Financial Services,UNAM
2014Q4,2014,Q4,2015-03-31,2014-12-31,-48202.0,7643578.0,-70276.0,-0.009,7643578.0,1.0,136015569.0,71775094.0,77738883.0,0.0,64240475.0,0.0,68039672.0,61122404.00000001,60813242.00000001,13.438512263621044,0.0,0.0,0.0,-0.0006715700017056055,13.438512263621044,-0.0006715700017056055,7.9965696693354875,-317.01176299738603,0.8515823608674062,0.0,0.0,0.0,0.05619634616975355,0.0,-0.0003543859012198817,456.28376269997096,1.0,-1.9,-1.0802939853288849,-0.24600618802275873,-0.02742391877643532,-0.015609579816976213,-2.470739000427168,-2.209091065499028,-1.0748361453562834,-0.08029295747593383,-0.05357073026474473,Insurance—Property & Casualty,Financial Services,UNAM
2014Q3,2014,Q3,2014-11-10,2014-09-30,32774.0,7764783.0,58123.0,0.01,7764783.0,1.0,135368928.0,71816404.0,84754607.0,0.0,63552524.0,0.0,68087874.0,64360821.35,64196567.35,13.445876700266815,0.0,0.0,0.0,0.00045635813232865294,13.445876700266815,0.00045635813232865294,8.288811335744992,490.9442038658693,0.8961855198152222,0.0,0.0,0.0,0.057360157273314595,0.0,0.00024210873561767438,204.78815498918163,1.0,-0.7999999999999999,-0.9453651608992796,-0.22409264810016427,-0.017711008867717724,0.0187640190569957,-0.8786175122034325,-0.8555307826337676,-0.9743179521158124,-0.1456424972109238,-0.05546499405652832,Insurance—Property & Casualty,Financial Services,UNAM
2014Q2,2014,Q2,2014-08-13,2014-06-30,270006.0,7621768.0,402321.0,0.05,7621768.0,1.0,134916598.0,71777138.0,101584669.0,0.0,63139460.0,0.0,68055100.0,66817748.97,66713686.97,13.438525095826796,0.0,0.0,0.0,0.003761727027901279,13.438525095826796,0.0037617270279012797,8.766699402290913,61.86691126308304,0.9309057289244382,0.0,0.0,0.0,0.056492441352545816,0.0,0.002001280820911301,77.36840035848644,1.0,-0.5454545454545454,-0.588626828173024,-0.2543510571204485,-0.01413656103278201,0.02441589917139677,-0.5437415403957194,-0.5561022003956586,-0.6184297714536177,-0.11274740699103308,-0.04709484985505919,Insurance—Property & Casualty,Financial Services,UNAM
2014Q1,2014,Q1,2014-05-15,2014-03-31,591783.0,7440111.0,906337.0,0.11,7440111.0,1.0,132960816.0,71498179.0,99759411.0,0.0,61462637.0,0.0,67785092.0,69648556.88,69551299.88,13.386296801042922,0.0,0.0,0.0,0.008276896115074482,13.386296801042922,0.008276896115074484,9.361225508597922,29.423182517916192,0.974130500302672,0.0,0.0,0.0,0.055957170118450535,0.0,0.0044508075221199005,252.0357123006108,1.0,-0.15384615384615388,-0.400475698539019,-0.2673262726334849,-0.021970988469570577,-0.03814238589875721,-0.17058098840770242,-0.32483231375727434,-0.469631332354022,-0.13678138063445958,-0.03605570394273758,Insurance—Property & Casualty,Financial Services,UNAM
2013Q4,2013,Q4,2014-03-28,2013-12-31,713491.0,7735148.0,1342388.0,0.13,7735148.0,1.0,132853188.0,70896255.0,99340422.0,462472.0,61956933.0,0.0,67193311.0,70770197.75,70393809.75,13.273601157204624,214.80310591776367,0.0,0.0,0.01006387431889033,13.273601157204624,0.010063874318890328,9.149171774088874,24.797158531081685,0.9982219476896205,0.0,0.0,0.0,0.05822327726151366,214.80310591776367,0.005370522233911316,-61.201681982178314,1.0,2.8840579710144927,-0.6451788744415594,-0.27662369504526807,-0.03942620728122285,0.006823228262568747,2.9369078579456303,3.4682511372370195,-0.05966062499146865,-0.11683692108462722,-0.034757566674159864,Insurance—Property & Casualty,Financial Services,UNAM
2013Q3,2013,Q3,2013-11-12,2013-09-30,-368366.0,7682727.0,-543862.0,-0.069,7682727.0,1.0,136109916.0,70182572.0,99313694.0,0.0,65927344.0,0.0,66479821.0,66604103.09,66439841.09,13.139981356064531,0.0,0.0,0.0,-0.0052486819662294504,13.139981356064531,-0.0052486819662294504,8.669330966725747,-45.202395911946276,0.949012001013585,0.0,0.0,0.0,0.05644502050827803,0.0,-0.002706386212155182,-5.884726813528384,1.0,-2.38,-1.2683705243824275,-0.29831193749295304,0.014305121591508117,-0.0103702915563282,-2.4722449811556033,-2.408709796902642,-1.5876695485313794,-0.15856615648946149,-0.06720822468983895,Insurance—Property & Casualty,Financial Services,UNAM
2013Q2,2013,Q2,2013-08-14,2013-06-30,250207.0,7763234.0,386071.0,0.05,7763234.0,1.0,137446161.0,70570183.0,100680439.0,0.0,66875978.0,0.0,66848186.0,69381499.53,69293775.53,13.212552097892083,0.0,0.0,0.0,0.0035455058972994296,13.212552097892083,0.00354550589729943,8.937190290798911,69.32409917588237,0.983156009812246,0.0,0.0,0.0,0.05648199952270766,0.0,0.0018204000619558955,-63.304865491473464,1.0,30.250000000000004,-0.662570972154099,-0.3084094929612093,0.050333427620300665,-0.02346592353527134,29.01523512476008,5.872280964078465,-0.44518711906317604,-0.17803096449319744,-0.05736163334907298,Insurance—Property & Casualty,Financial Services,UNAM
2013Q1,2013,Q1,2013-05-14,2013-03-31,8336.0,7949783.0,56178.0,0.0016,7949783.0,1.0,139029658.0,70362875.0,99071467.0,0.0,68666783.0,0.0,66597979.0,75043115.35000001,74873552.35000001,13.173738711928355,0.0,0.0,0.0,0.00011847156614905227,13.173738711928355,0.00011847156614905232,9.43964323931861,2250.5732770513437,1.066515763461911,0.0,0.0,0.0,0.05718048303046246,0.0,5.995842987688281e-05,-474.4549454058053,1.0,-0.984,-0.9908545985929823,-0.31752140620722163,0.03247467858015839,0.0029898745723771574,-0.984870813883424,-0.9249716530196045,-0.9834109340393027,-0.20209948653571952,-0.05131431500815597,Insurance—Property & Casualty,Financial Services,UNAM
2012Q4,2012,Q4,2013-03-29,2012-12-31,550988.0,7926085.0,748757.0,0.1,7926085.0,1.0,140008026.0,70396565.0,92161347.0,605353.0,69611461.0,0.0,66589643.0,67461916.7,67301410.7,13.200180948809301,152.24397500301478,0.0,0.0,0.007826915986596789,13.200180948809301,0.007826915986596789,8.511379413670179,30.609521759094573,0.9583126207933583,9.693762840570031,0.0,0.07917277274750184,0.05661164739227164,152.24397500301478,0.003935402960398856,124.49627444503294,1.0,-0.28571428571428575,-0.670629749059386,-0.3179594723966591,0.0628546452011046,-0.03674792768127806,-0.26100899281781664,-0.3399701523850325,-0.08079772478674606,-0.21696567601246497,-0.04467250490303735,Insurance—Property & Casualty,Financial Services,UNAM
2012Q3,2012,Q3,2012-11-14,2012-09-30,745595.0,8228464.0,1134429.0,0.14,8228464.0,1.0,146878808.0,75225872.0,84160717.0,0.0,71652936.0,0.0,71396365.0,61759653.410000004,61665134.410000004,14.092749731964533,0.0,0.0,0.0,0.009911417178387776,14.092749731964533,0.009911417178387776,7.505611425169996,20.70817716387583,0.8209895315005455,0.0,0.0,0.0,0.05602213220575701,0.0,0.0050762598781438914,149.56120252628114,1.0,3.6666666666666674,-0.4879217881572029,-0.3052552895913454,0.1831212941873954,-0.004641558710195619,3.755828416520491,4.704317349853172,0.24367311385181692,-0.17726048393922472,0.02954632301637005,Insurance—Property & Casualty,Financial Services,UNAM
2012Q2,2012,Q2,2012-08-10,2012-06-30,156775.0,8266835.0,198872.0,0.03,8266835.0,1.0,148118979.0,74778258.0,62612942.0,0.0,73340721.0,0.0,70814337.0,54297417.44,54000544.44,13.992324812124618,0.0,0.0,0.0,0.0020965318555561966,13.992324812124618,0.0020965318555561966,6.5681022350149725,86.58494249720938,0.7261123606276039,0.0,0.0,0.0,0.05581212519700126,0.0,0.0010584396480345709,-25.72419294915132,1.0,-0.6666666666666666,-0.8987974960525164,-0.31332815073783976,0.22046459105480715,-0.00820029690999097,-0.686681855426984,-0.7427197151794747,-0.7612802093925144,-0.1917103531407395,0.026490731688350536,Insurance—Property & Casualty,Financial Services,UNAM
2012Q1,2012,Q1,2012-05-15,2012-03-31,500370.0,8335186.0,772978.0,0.09,8335186.0,1.0,149369717.0,74926198.0,45042736.0,0.0,74443519.0,0.0,70702893.0,59827510.4,59671444.4,14.026547519517042,0.0,0.0,0.0,0.006678171498839432,14.026547519517042,0.006678171498839432,7.177705500513126,29.89163538981154,0.798485870055758,0.0,0.0,0.0,0.05580238195135631,0.0,0.003349875798452507,-72.64269960878403,1.0,-0.25,-0.6895972397396735,-0.32031727349247946,0.24955823905756258,0.0027848765850204244,-0.22325711358450145,-0.21917786078949122,-0.49314096477654656,-0.17927413201895862,0.024806980570537988,Insurance—Property & Casualty,Financial Services,UNAM
2011Q4,2011,Q4,2012-03-26,2011-12-31,644190.0,8312038.0,989954.0,0.12,8312038.0,1.0,150375045.0,75848315.0,43910270.0,687961.0,74526730.0,0.0,71277250.0,64367991.1,63900904.1,14.199172292484361,63.82668494289647,0.0,0.0,0.008493135279274167,14.199172292484361,0.008493135279274167,7.743948126801153,24.98020424874649,0.8486410159540131,0.0,0.0,0.0,0.055275381629977235,63.82668494289647,0.004283888992352421,-155.16117089233114,1.0,-0.5,-0.882354289727825,-0.34618979561376306,0.30524895312380085,-0.08435737703076036,-0.4946150008002184,-0.49138029361565266,-0.6796781446074435,-0.22276062517851633,0.02755481507412407,Insurance—Property & Casualty,Financial Services,UNAM
2011Q3,2011,Q3,2011-11-08,2011-09-30,1274652.0,9077819.0,1946354.0,0.24,9077819.0,1.0,152184453.0,75944693.0,32773377.0,0.0,76239760.0,0.0,70633059.0,54736084.26,54664976.26,14.235445606207126,0.0,0.0,0.0,0.016783950920704886,14.235445606207126,0.016783950920704886,6.029651423981906,10.735495700002824,0.720736131753143,0.0,0.0,0.0,0.05965010762301718,0.0,0.008375704448600935,89.16065746435925,1.0,0.846153846153846,-0.39673804754184455,-0.30357778430356136,0.4424887901260658,0.05814431264067055,0.8037009312467897,0.7894447478408291,-0.07027378959465827,-0.1699230152787215,0.09886650484851017,Insurance—Property & Casualty,Financial Services,UNAM
2011Q2,2011,Q2,2011-08-12,2011-06-30,706687.0,8578999.0,1087686.0,0.13,8578999.0,1.0,155277975.0,75225422.0,17751559.0,0.0,80052553.0,0.0,69358406.0,53127825.24,53057770.24,14.102689122608625,0.0,0.0,0.0,0.00939425770187105,14.102689122608625,0.00939425770187105,6.192776714392903,18.794680403063875,0.7062482845227509,0.0,0.0,0.0,0.05524929726833442,0.0,0.004551109067464333,875.5409564930785,1.0,-0.38095238095238093,-0.6219666591809447,-0.3429620277457751,0.5041717793547399,-0.003351129115359303,-0.36582859737586226,-0.3698862339486054,-0.04570660515146773,-0.23472981353494576,0.1210949780986085,Insurance—Property & Casualty,Financial Services,UNAM
2011Q1,2011,Q1,2011-05-13,2011-03-31,1114347.0,8607845.0,1726174.0,0.21,8607845.0,1.0,155302557.0,74076229.0,11050668.0,0.0,81226328.0,0.0,68662127.0,52008576.75,51977901.75,13.887002450033398,0.0,0.0,0.0,0.0150432468693837,13.887002450033398,0.0150432468693837,6.0419973582238065,11.667949200293984,0.702095361117802,0.0,0.0,0.0,0.05542629282014977,0.0,0.007175329379798943,-36.51146709771174,1.0,0.4999999999999998,-0.39065780182180027,-0.3687139511159405,0.5253813988411105,-0.015918895989282835,0.47055322563191665,0.5219872363462587,0.224136061226549,-0.2600670361815252,0.0883757985922077,Insurance—Property & Casualty,Financial Services,UNAM
2010Q4,2010,Q4,2011-03-31,2010-12-31,757774.0,8747089.0,1134158.0,0.14,8747089.0,1.0,157674720.0,73353816.0,10875252.0,0.0,84320904.0,0.0,67547780.0,48754706.82,48709496.82,13.751572350035516,0.0,0.0,0.0,0.010330396444542162,13.751572350035516,0.010330396444542162,5.573820824276511,16.08484416857797,0.6646512680403702,2.5300538155175554,0.0,0.03932356740608126,0.05547553215886478,0.0,0.004805932111374607,-28.362694946342963,1.0,0.16666666666666682,-0.5783785968215216,-0.39140901839210396,0.5644695526774071,-0.03759841493070493,0.21445536747430133,0.6501139933160779,-0.5471199805105812,-0.2474831448390258,0.10725168145310332,Insurance—Property & Casualty,Financial Services,UNAM
2010Q3,2010,Q3,2010-11-15,2010-09-30,623962.0,9088814.0,687321.0,0.12,9088814.0,1.0,163207020.0,74895610.0,4491679.0,0.0,88311410.0,0.0,0.0,47903926.51,47602845.51,14.086725144735949,0.0,0.0,0.0,0.00833108909854663,14.086725144735949,0.00833108909854663,5.270646589312973,19.19344708091198,0.6396092709572697,0.0,0.0,0.0,0.055688866814675005,0.0,0.003823132117723858,-30.657786990004077,1.0,0.4999999999999999,-0.6117655521671939,-0.3820373559037739,0.6618998122573354,-0.03176945648972226,0.3920793890541092,0.08295636636934726,-0.5697542174487888,-0.22955993185871712,0.18261551514679694,Insurance—Property & Casualty,Financial Services,UNAM
2010Q2,2010,Q2,2010-08-13,2010-06-30,448223.0,9387035.0,634671.0,0.08,9387035.0,1.0,165105216.0,74407609.0,17366495.0,0.0,90697607.0,0.0,68083253.0,50059607.64,50026345.64,14.016565169986219,0.0,0.0,0.0,0.006023886616219586,14.016565169986219,0.006023886616219586,5.332845530031581,27.921150654919536,0.672775382958482,0.0,0.0,0.0,0.056854866414396014,0.0,0.002714771894305265,-25.896173243963418,1.0,-0.11111111111111106,-0.7259355143992097,-0.3794623635970876,0.7036952621518249,-0.05160513741773056,-0.10210479714258813,-0.16974717142554396,-0.708714877385499,-0.21503891254393948,0.22257892865358453,Insurance—Property & Casualty,Financial Services,UNAM
2010Q1,2010,Q1,2010-05-14,2010-03-31,499193.0,9897813.0,764431.0,0.09,9897813.0,1.0,168263983.0,73680734.0,20251405.0,0.0,94583249.0,0.0,67635030.0,50937600.0,50929984.0,13.886304937806257,0.0,0.0,0.0,0.006775081800895197,13.886304937806257,0.006775081800895197,5.1463489964904365,25.509973096577877,0.6913286178718036,0.0,0.0,0.0,0.05882312318733118,0.0,0.002966725208210482,-70.41493408829514,1.0,-0.18181818181818185,-0.6565461362545988,-0.3378972459504703,0.7617853952992616,-0.017198848617464183,-0.16296855219363332,0.05966691988222704,-0.6882413870539759,-0.18745795214925579,0.2370646961383533,Insurance—Property & Casualty,Financial Services,UNAM
2009Q4,2009,Q4,2010-03-30,2009-12-31,596385.0,10071023.0,721388.0,0.11,10071023.0,1.0,170108652.0,73315340.0,13641091.0,0.0,96793312.0,0.0,67135837.0,54641188.0,54522676.0,13.817440633245383,0.0,0.0,0.0,0.00813451864234688,13.817440633245383,0.00813451864234688,5.425584669998272,22.905165287524,0.7452899761496026,1.6054327322115747,0.0,0.01752260584085397,0.05920347308377942,0.0,0.003505906330972513,-46.02684897305247,1.0,0.0,-0.6498604976231331,-0.3272074251524161,0.7896084994343944,-0.02264942434366949,-0.03447578033933428,-0.19752423096646876,-0.890351046365306,-0.20249498086561032,0.27015853810998947,Insurance—Property & Casualty,Financial Services,UNAM
2009Q3,2009,Q3,2009-11-10,2009-09-30,617680.0,10304412.0,898953.0,0.11,10304412.0,1.0,175707931.0,75281478.0,30628876.0,0.0,100426453.0,0.0,68581120.0,54501937.81,54434406.81,13.688310488716548,0.0,0.0,0.0,0.008204939865819319,13.688310488716548,0.008204939865819319,5.289184653136928,22.059131674167855,0.7239753955149499,0.0,0.0,0.0,0.05864511602495621,0.0,0.0035153791663507777,-176.21458555479757,1.0,-0.0833333333333333,-0.5676867277085941,-0.3354478257580027,0.8239368743891465,-0.03274420448832299,-0.09704619144936308,-0.09748930283176281,-0.7164263205538661,-0.23316418689372814,0.38704716255099825,Insurance—Property & Casualty,Financial Services,UNAM
2009Q2,2009,Q2,2009-08-13,2009-06-30,684066.0,10653244.0,996058.0,0.12,10653244.0,1.0,178669131.0,75880456.0,20539190.0,0.0,102788675.0,0.0,69124282.0,42584987.25,42558993.25,13.63122372192327,0.0,0.0,0.0,0.009015048618052586,13.63122372192327,0.009015048618052586,3.9973727486200445,15.563186611379605,0.5612115358136488,0.0,0.0,0.0,0.05962554326186318,0.0,0.003828674803371602,57.653315422012646,1.0,-0.3333333333333333,-0.45303415806088804,-0.3107730475552141,0.8892514929626578,0.006121494722492775,-0.3353704272261971,-0.3563766373154456,-0.6493542162366641,-0.21818618512802881,0.45388598318582385,Insurance—Property & Casualty,Financial Services,UNAM
2009Q1,2009,Q1,2009-05-15,2009-03-31,1029244.0,10588427.0,1547579.0,0.18,10588427.0,1.0,182340264.0,76226485.0,18308339.0,0.0,106113779.0,0.0,68462774.0,41769420.0,41736675.0,13.687014028444732,0.0,0.0,0.0,0.01350244603302907,13.687014028444732,0.01350244603302907,3.9448182435408015,10.1456554519628,0.5479646608393395,0.0,0.0,0.0,0.058069604418254,0.0,0.00564463370525777,-21.27307118760084,1.0,-0.5135135135135135,-0.19350948030537965,-0.3343581386036256,0.8845993265873515,-0.050348087023639354,-0.5091185018929512,-0.5132923377097571,-0.4609459383035925,-0.25623391260237804,0.5034141946606135,Insurance—Property & Casualty,Financial Services,UNAM
2008Q4,2008,Q4,2009-03-30,2008-12-31,2096726.0,11149798.0,3179689.0,0.37,11149798.0,1.0,184602976.0,76958255.0,14210522.0,0.0,107644721.0,0.0,68484283.0,45667899.199999996,45640189.199999996,13.81840859892237,0.0,0.0,0.0,0.027244978462674343,13.81840859892237,0.027244978462674343,4.095849915846008,5.445143905307607,0.5934113137050729,0.0,0.0,0.0,0.06039879877126141,0.0,0.011358029244338944,-93.00959914623564,1.0,0.423076923076923,1.0507136199440616,-0.22562285067319826,0.9718954220981615,-0.03290221674970848,0.4506801167891292,0.45039616109182634,0.11737204522725238,-0.2569772033788228,0.5720732850897505,Insurance—Property & Casualty,Financial Services,UNAM
2008Q3,2008,Q3,2008-11-12,2008-09-30,1445340.0,11529132.0,2192290.0,0.26,11529132.0,1.0,184712507.0,72859462.0,10273388.0,0.0,111853045.0,0.0,66686237.0,46118341.599999994,46093379.599999994,12.954663322065336,0.0,0.0,0.0,0.019837368549331314,12.954663322065336,0.019837368549331314,4.000157305857891,7.977074875115889,0.6329766969731399,0.0,0.0,0.0,0.06241662888588265,0.0,0.007824808527989932,45.799440098593486,1.0,0.857142857142857,2.923130549520077,-0.14934876924202398,0.8689245033988119,-0.02480563581284806,0.8507221880762139,0.8798802249383889,-0.14985610581765585,-0.25896604124913347,0.5283433389656679,Insurance—Property & Casualty,Financial Services,UNAM
2008Q2,2008,Q2,2008-08-13,2008-06-30,780960.0,11822394.0,1166186.0,0.14,11822394.0,1.0,185338726.0,70762934.0,11897963.0,0.0,114575792.0,0.0,65333692.0,48940179.599999994,48909189.599999994,12.579388364157127,0.0,0.0,0.0,0.011036286313396785,12.579388364157127,0.011036286313396785,4.139616696922806,15.666672940995696,0.6916075526206982,0.0,0.0,0.0,0.06378803963506256,0.0,0.004213690343377023,-12.414046134728178,1.0,-0.1764705882352941,0.3578175321719791,-0.06141976178989039,0.7567200786866615,-0.036332054137064196,-0.18649152595339535,-0.19367683490504398,-0.5493733666325699,-0.262478710597507,0.5290082910379222,Insurance—Property & Casualty,Financial Services,UNAM
2008Q1,2008,Q1,2008-05-15,2008-03-31,959990.0,12268120.0,1446301.0,0.17,12268120.0,1.0,192965248.0,71775453.0,19849254.0,0.0,121189795.0,0.0,64552732.0,51921592.84,51875156.84,12.759381886289605,0.0,0.0,0.0,0.013374906877982365,12.759381886289605,0.013374906877982365,4.232237118645726,13.521388983218575,0.7233892740461004,0.0,0.0,0.0,0.0635768363845494,0.0,0.0049749372488045104,29.90165516018088,1.0,-0.4516129032258064,3.019251697630283,0.048650254642427095,0.8137642903630778,0.0008171737502939892,-0.45595575967502083,-0.47861861967952896,-0.3770006862949969,-0.22592132232847767,0.6188102422488082,Insurance—Property & Casualty,Financial Services,UNAM
2007Q4,2007,Q4,2008-03-31,2007-12-31,1764544.0,12258103.0,2773979.0,0.31,12258103.0,1.0,193383977.0,69863818.0,41275279.0,0.0,123520159.0,0.0,64353457.0,57659407.0,57550543.0,12.419554271517223,0.0,0.0,0.0,0.02525690765998503,12.419554271517223,0.02525690765998503,4.703778961557102,8.1691653764372,0.8253114222872846,0.0,0.0,0.0,0.06338737671115327,0.0,0.009124561545241156,86.52969292598229,1.0,0.14814814814814806,8.268481807451476,-0.0004716094930828689,0.7750415467520692,-0.017799805116067796,0.1501012546187032,0.2769796211107413,-0.022835164051040767,-0.22758302812175818,0.6085569298569569,Insurance—Property & Casualty,Financial Services,UNAM
2007Q3,2007,Q3,2007-11-14,2007-09-30,1534251.0,12480249.0,2172297.0,0.27,12480249.0,1.0,190110400.0,66998902.0,12759549.0,0.0,123111498.0,0.0,62588913.0,63559381.2,63481182.2,11.911500368729204,0.0,0.0,0.0,0.022899643937448404,11.911500368729204,0.022899643937448408,5.092797523510949,10.356744300639205,0.9486630273433436,0.0,0.0,0.0,0.0656473764717764,0.0,0.008070315984817243,-284.8535884910142,1.0,-0.06896551724137918,9.231815711339516,0.008275491179713497,0.7105407933804821,-0.012557751955341916,-0.0566141802002553,-0.11404029668251008,0.04994975586888724,-0.2130154774242297,0.5871808847216018,Insurance—Property & Casualty,Financial Services,UNAM
2007Q2,2007,Q2,2007-08-13,2007-06-30,1626324.0,12638966.0,2451914.0,0.29,12638966.0,1.0,187597626.0,64323798.0,37644594.0,0.0,123273828.0,0.0,61054662.0,74845003.8,74776278.8,11.464752779129393,0.0,0.0,0.0,0.025283395112956485,11.464752779129393,0.025283395112956485,5.921766369179251,11.505241852177056,1.1635663024748633,0.0,0.0,0.0,0.06737273956761052,0.0,0.008669214182912954,-322.97808608145544,1.0,-0.03333333333333337,1.4343096599818925,0.09132730704119023,0.687641815418385,-0.016114697405218367,-0.036873411394608986,-0.02908376267789041,0.29020099468001725,-0.18870271062358573,0.5889843601922734,Insurance—Property & Casualty,Financial Services,UNAM
2007Q1,2007,Q1,2007-05-14,2007-03-31,1688588.0,12845975.0,2525361.0,0.3,12845975.0,1.0,187650682.0,62810927.0,39042607.0,0.0,124839755.0,0.0,59538939.0,70895314.42,70791095.42,11.225205101361338,0.0,0.0,0.0,0.026883666276729206,11.225205101361338,0.026883666276729206,5.518873765517993,10.496242188739942,1.1287098886472413,0.0,0.0,0.0,0.0684568521845287,0.0,0.008998571079000928,-185.5121269101947,1.0,-0.7029702970297029,14.599481297423738,0.18152121039292224,0.5510492678347345,-0.03538671861741798,-0.7056067784494819,-0.7137436132860653,0.3169245221480839,-0.19622866206088493,0.5456266743692629,Insurance—Property & Casualty,Financial Services,UNAM
