Quarters,Year,Quarter,FillingDate,Date,NetIncome,Revenue,OperatingIncome,EPSDiluted,GrossProfit,GrossProfitRatio,TotalAssets,CommonStockEquity,CurrentAssets,CurrentLiability,TotalLiability,Inventory,RetainedEarnings,MarketCap,EnterpriseValue,bookValuePerShare,currentRatio,debtToAssets,debtToEquity,roic,shareholdersEquityPerShare,roe,priceToSalesRatio,peRatio,pbRatio,payoutRatio,inventoryTurnover,dividendYield,assetTurnover,quickRatio,returnOnAssets,priceToFreeCashFlowsRatio,grossProfitMargin,epsdilutedGrowth,fiveYNetIncomeGrowthPerShare,fiveYRevenueGrowthPerShare,fiveYShareholdersEquityGrowthPerShare,grossProfitGrowth,netIncomeGrowth,operatingIncomeGrowth,threeYNetIncomeGrowthPerShare,threeYRevenueGrowthPerShare,threeYShareholdersEquityGrowthPerShare,Industry,Sector,Symbol
2023Q1,2023,Q1,2023-05-04,2023-03-31,-159764000.0,65214000.0,-157658000.0,-1.17,51384000.0,0.7879289723,1517717000.0,-44653000.0,1129063000.0,187984000.0,1562370000.0,71317000.0,-2856342000.0,2324852750.0,2540661750.0,-0.327476073484654,6.006165418333476,0.7805908479644097,-26.531610418113004,-0.13259875217282885,-0.327476073484654,3.5779007009607415,35.64959594565584,-3.637948395758744,-52.06487246097687,0.0,0.19392290758164252,0.0,0.042968484901994244,5.474955315345987,-0.10526600150093858,-15.529974749667671,0.7879289723065599,0.03305785123966945,-0.3100915054918046,0.0,-1.0576993056881374,0.11146200601328113,0.0022420264421725796,-0.02859566139292122,-0.5850759141894912,0.1649014993955586,-1.142236730356306,Biotechnology,Healthcare,INSM
2022Q4,2022,Q4,2023-02-23,2022-12-31,-160123000.0,59300000.0,-153275000.0,-1.21,46231000.0,0.7796121417,1656435000.0,87951000.0,1273383000.0,190243000.0,1568484000.0,69922000.0,-2696578000.0,2651226120.0,2755055120.0,0.6628106771971604,6.693455212543957,0.7110843468050361,13.392286614137417,-0.11634643571836135,0.6628106771971604,-1.8205932848972723,44.708703541315344,-4.139358680514355,30.144354470102673,0.0,0.18690826921426731,0.0,0.03579977481760528,6.192043859695232,-0.09666724018751113,-24.584811943620178,0.7796121416526138,-0.11009174311926594,-0.41363417868257407,0.0,-0.8593896104775295,-0.14795702095504892,-0.22096153112966563,-0.2003022780488187,-1.037431073015719,-0.1252796922334745,-0.7733858921936411,Biotechnology,Healthcare,INSM
2022Q3,2022,Q3,2022-10-27,2022-09-30,-131145000.0,67730000.0,-127697000.0,-1.09,54259000.0,0.801107338,994817000.0,-29959000.0,632165000.0,137654000.0,1024776000.0,66276000.0,-2536455000.0,2601795060.0,3016937060.0,-0.24802755217776454,4.592420125822715,0.8340981306109566,-27.697019259654862,-0.15158790558730859,-0.24802755217776454,4.377482559497981,38.41421910527093,-4.959767928628617,-86.84519042691679,0.0,0.2032560806325065,0.0,0.06808287353352425,3.927935257965624,-0.13182826590217095,-28.777735427496957,0.8011073379595453,-0.36250000000000004,-0.569570113907816,0.0,-1.038449995817363,0.11127268258714619,-0.371164200951435,-0.4459101408578287,-0.5967920414556716,0.2869316458932555,-1.072803401166634,Biotechnology,Healthcare,INSM
2022Q2,2022,Q2,2022-08-04,2022-06-30,-95645000.0,65221000.0,-88316000.0,-0.8,48826000.0,0.7486239095,1053354000.0,44241000.0,674726000.0,113816000.0,1009113000.0,67017000.0,-2405310000.0,2358551440.0,2773035440.0,0.369901841106336,5.92821747381739,0.7884927574205822,18.77358106733573,-0.0963557651968919,0.369901841106336,-2.161908636784883,36.16245442418853,-6.164858173453918,53.31144051897561,0.0,0.2446394198486951,0.0,0.061917456049912944,5.1341551275743305,-0.09080043366237751,-22.41862497029609,0.748623909477009,0.0,-0.11363187491048994,0.0,-0.724234841711498,0.1933229054648548,-0.010822121939104427,0.12947137041527437,0.016451181089177726,0.48839583209664605,-0.915136059057907,Biotechnology,Healthcare,INSM
2022Q1,2022,Q1,2022-05-05,2022-03-31,-94621000.0,53107000.0,-101451000.0,-0.8,40916000.0,0.7704445742,1153315000.0,119880000.0,756140000.0,125249000.0,1033435000.0,64145000.0,-2309665000.0,2794831500.0,3115417500.0,1.0079963675806574,6.037094108535797,0.7251184628657392,6.976059392726059,-0.10092645703604529,1.0079963675806574,-0.7892976309642976,52.626424011900504,-7.384279124084506,23.313576076076075,0.0,0.1900537843947307,0.0,0.046047263757082846,5.276217774193806,-0.08204263362567903,-26.153651438303605,0.7704445741615983,0.15789473684210517,-0.31930258625030483,0.0,-0.48606963412550896,-0.04482211224203941,0.16248296128449788,0.007435598908141002,0.16804001579537747,0.5809263011156419,-0.45773086481214575,Biotechnology,Healthcare,INSM
2021Q4,2021,Q4,2022-02-17,2021-12-31,-112978000.0,56124000.0,-102211000.0,-0.95,42836000.0,0.7632385432,1243508000.0,410468000.0,837040000.0,135166000.0,833040000.0,67009000.0,-2265243000.0,3227994480.0,3123480480.0,3.4638065180334507,6.1926815915244955,0.4923715810433065,1.4916339397955505,-0.09563121558219971,3.4638065180334507,-0.27524191898028594,57.51540303613427,-7.1429713749579555,7.864180593858717,0.0,0.19830172066438836,0.0,0.04513360589557928,5.4831318526848465,-0.09085426068831082,-37.85438093674508,0.7632385432257145,0.010416666666666676,0.13647331405350926,0.0,0.3891504749698183,0.17121452397878273,-0.0023422112603580744,0.013569201964928534,0.1973381791872703,2.712619295831388,0.2822334289529108,Biotechnology,Healthcare,INSM
2021Q3,2021,Q3,2021-10-28,2021-09-30,-112714000.0,46757000.0,-103617000.0,-0.96,36574000.0,0.7822144277862139,1311771000.0,504842000.0,958981000.0,112501000.0,806929000.0,67453000.0,-2152265000.0,3224713680.0,2979363680.0,4.311498650633689,8.5241997848908,0.45831627624028887,1.1908795227021522,-0.08811382610154041,4.311498650633689,-0.22326589309130382,68.96750604187608,-7.152424898415458,6.387570130852821,0.0,0.15096437519457992,0.0,0.035644178747662514,7.696580474840224,-0.08592505856586248,-41.91968489197411,0.7822144277862139,0.10280373831775709,-0.5774475240604665,0.0,0.22475388265066373,0.05922557849923253,0.0392683321826442,-0.16994106090373282,0.15452459737351082,0.0,0.14022640159548647,Biotechnology,Healthcare,INSM
2021Q2,2021,Q2,2021-08-05,2021-06-30,-117321000.0,45366000.0,-88566000.0,-1.07,34529000.0,0.7611206630516245,1229783000.0,531053000.0,1038195000.0,99656000.0,698730000.0,60385000.0,-2039551000.0,3118646800.0,2783670800.0,4.846258441321409,10.417787187926468,0.4824843082072203,1.117310324958149,-0.07616534715433143,4.846258441321409,-0.2209214522844236,68.74414319093594,-6.645542571236182,5.872571664221838,0.0,0.17946509894841434,0.0,0.036889434965355676,9.500120414224934,-0.0953997575181963,-39.51205260423925,0.7611206630516245,-0.202247191011236,-0.8111269774154792,0.0,0.19682145199007897,0.1369443529799144,-0.2802239172422824,-0.056457480944258225,-0.07526471721330165,0.0,0.003754905056161183,Biotechnology,Healthcare,INSM
2021Q1,2021,Q1,2021-05-06,2021-03-31,-91641000.0,40214000.0,-83833000.0,-0.89,30370000.0,0.7552096284875914,692391000.0,201636000.0,501004000.0,81397000.0,490755000.0,52060000.0,-1922230000.0,3509542400.0,3507388400.0,1.9568711180124223,6.1550671400665875,0.5886803843493055,2.021449542740384,-0.12827404355404595,1.9568711180124223,-0.4544872939356067,87.27165663699209,-9.574160037537784,17.4053363486679,0.0,0.18908951210142144,0.0,0.05807989994092933,5.2505497745617165,-0.1323544066863954,-27.10866818062443,0.7552096284875914,0.10999999999999999,-0.6406667864728085,0.0,-0.5714549034103141,-0.005989591856773476,0.10343107041178715,0.11323488967399353,0.005561928550626113,0.0,-0.6552111315217134,Biotechnology,Healthcare,INSM
2020Q4,2020,Q4,2021-02-25,2020-12-31,-102213000.0,41415000.0,-94538000.0,-1.0,30553000.0,0.7377278763732947,796155000.0,275884000.0,622892000.0,118807000.0,520271000.0,49592000.0,-1830589000.0,3405467130.0,3277553130.0,2.6968923819857866,5.242889728719688,0.5084964611162399,1.4674355888706847,-0.13042973069960376,2.6968923819857866,-0.3704926708326688,82.22786743933358,-8.329339540958586,12.343837011207608,0.0,0.21902726246168736,0.0,0.052018765190195375,4.623616453575968,-0.12838329219812725,-49.8553168782116,0.7377278763732947,-0.5873015873015873,-0.9764522175743197,0.0,-0.4652470222181999,-0.07474031676811727,-0.6056331390691025,-0.6814826672358287,-0.1705173143169356,0.0,-0.4278742009184556,Biotechnology,Healthcare,INSM
2020Q3,2020,Q3,2020-10-29,2020-09-30,-63659000.0,43643000.0,-56223000.0,-0.63,33021000.0,0.7566161812890956,840715000.0,357061000.0,667149000.0,83902000.0,483654000.0,43483000.0,-1728376000.0,3265906100.0,3076804100.0,3.513861142547852,7.951526781244786,0.47537036926901505,1.1192793388244586,-0.0701711950371491,3.513861142547852,-0.17828606316567758,74.83230071259996,-12.825783078590616,9.14663348839554,0.0,0.24427937354828325,0.0,0.05191176558048804,7.1982670258158326,-0.07572007160571656,-54.96770344189178,0.7566161812890956,0.015625000000000014,-0.2499099004599393,0.0,-0.35968761494945106,0.014625902596404977,-0.029181621237106735,-0.0389732786339949,0.09435423680158898,0.0,-0.4552704123091696,Biotechnology,Healthcare,INSM
2020Q2,2020,Q2,2020-08-06,2020-06-30,-61854000.0,42495000.0,-54114000.0,-0.64,32545000.0,0.7658548064478173,885365000.0,405318000.0,707312000.0,78754000.0,480047000.0,35473000.0,-1664717000.0,2661272820.0,2418120820.0,4.194405637825588,8.981283490362394,0.450389387427784,0.9838176444174698,-0.06359573538943492,4.194405637825588,-0.15260610187556437,62.62555171196611,-10.756268066737801,6.565888561573875,0.0,0.28049502438474333,0.0,0.04799715371626392,8.343500012697767,-0.06986271198884077,-70.34077337844268,0.7658548064478173,0.13513513513513511,-0.36116021226169726,0.0,-0.30158680088179785,0.14506368306241643,0.0679585317340727,0.10343456434216412,0.10862561249965422,0.0,2.1269672277966563,Biotechnology,Healthcare,INSM
2020Q1,2020,Q1,2020-04-30,2020-03-31,-66364000.0,36860000.0,-60357000.0,-0.74,28422000.0,0.7710797612588172,676525000.0,206701000.0,492510000.0,71532000.0,469824000.0,30645000.0,-1602863000.0,1439157370.0,1362784370.0,2.302331280143463,6.885170273444053,0.5211470381730166,1.7056956666876308,-0.0978299757112414,2.302331280143463,-0.321062791181465,39.04387873033098,-5.421453536555965,6.962508018829131,0.0,0.27534671235111763,0.0,0.05448431321828462,6.236313817592126,-0.0980954140645209,-23.74298627379813,0.7710797612588172,-0.25423728813559326,-0.34925865235706893,0.0,-0.302353053940333,-0.23187935787254743,-0.252434513474749,-0.2819548872180451,-0.22575151400219115,0.0,0.17385140981049774,Biotechnology,Healthcare,INSM
2019Q4,2019,Q4,2020-02-25,2019-12-31,-52988000.0,45708000.0,-47082000.0,-0.59,37002000.0,0.8095300603833027,742299000.0,261674000.0,555194000.0,85240000.0,480625000.0,28313000.0,-1536499000.0,2136448080.0,1997220080.0,2.9248429571010215,6.513303613327077,0.46908456026479894,1.3306671660157294,-0.07060143755776868,2.9248429571010215,-0.20249623577428402,46.74122866894198,-10.0798675171737,8.16454091732461,0.0,0.3074912584325222,0.0,0.06157626508994354,5.943934772407321,-0.07138363381871725,-37.19313533651335,0.8095300603833027,0.1323529411764707,-0.666759069377078,0.0,-0.22006072404757954,0.14034763313609466,0.1267921294617844,0.16651324175046028,0.4635526945891386,0.0,0.17300055933140723,Biotechnology,Healthcare,INSM
2019Q3,2019,Q3,2019-10-30,2019-09-30,-60682000.0,38885000.0,-56488000.0,-0.68,32448000.0,0.8344605889160345,763117000.0,304041000.0,595604000.0,85392000.0,459076000.0,23313000.0,-1483511000.0,1574281800.0,1381637800.0,3.406812706594207,6.974939104365749,0.44945663640044714,1.128097855223473,-0.0820155930227649,3.406812706594207,-0.1995849244016432,40.48558055805581,-6.485785735473453,5.177860222798898,0.0,0.2761120404924291,0.0,0.050955489132072804,6.452337455499344,-0.0795186059280556,-23.510779569892474,0.8344605889160345,0.16049382716049382,-0.24941591743492378,0.0,-0.24634225570673607,0.29517423063106213,0.08768078900682563,0.09133610011903613,-0.11424392455162939,0.0,-0.032237412563816834,Biotechnology,Healthcare,INSM
2019Q2,2019,Q2,2019-08-01,2019-06-30,-66514000.0,29972000.0,-62166000.0,-0.81,25053000.0,0.8358801548111571,802783000.0,356573000.0,648914000.0,86030000.0,446210000.0,20160000.0,-1422829000.0,2108958680.0,1843010680.0,4.358763415886365,7.542880390561432,0.417686971448075,0.9403740608514947,-0.08474042395884976,4.358763415886365,-0.1865368381789984,70.36429600960896,-7.926747301320024,5.914521514528582,0.0,0.24399801587301587,0.0,0.037335120449735484,7.124235731721493,-0.08285427070578226,-23.26741703442189,0.8358801548111571,0.15624999999999992,-0.3749438506747044,0.0,0.5346013880312082,0.4112776025236593,0.10301673566814559,0.10564099612999756,-0.37541053929071755,0.0,0.07643074001227848,Biotechnology,Healthcare,INSM
2019Q1,2019,Q1,2019-05-07,2019-03-31,-74153000.0,21902000.0,-69509000.0,-0.96,17752000.0,0.8105195872523058,595915000.0,144137000.0,454632000.0,94252000.0,451778000.0,12682000.0,-1356315000.0,2255667690.0,2166108690.0,1.8588488670509795,4.823579340491449,0.55489793007392,2.2941507038442595,-0.13409156621486928,1.8588488670509795,-0.5144619355196792,102.9891192585152,-7.604775565385083,15.649470226243087,0.0,0.3272354518214793,0.0,0.03675356384719297,4.557760047532148,-0.12443553191310841,-28.96523518459069,0.8105195872523058,0.19327731092436976,-1.6245269359293864,0.0,-0.44631594875373515,1.395035078251484,0.19023074487021283,0.20762180524839835,-0.764142834869689,0.0,-0.5929212915743319,Biotechnology,Healthcare,INSM
2018Q4,2018,Q4,2019-02-22,2018-12-31,-91573000.0,9835000.0,-87722000.0,-1.19,7412000.0,0.7536349771225216,604556000.0,208266000.0,518946000.0,79732000.0,396290000.0,7032000.0,-1282162000.0,1011499519.9999999,832985519.9999999,2.7013852858773477,6.508628906837907,0.5236206406023595,1.519969654192235,-0.1672679400787036,2.7013852858773477,-0.4396925086187856,102.84692628368072,-2.7614567612724272,4.856767403224722,0.0,0.3445676905574516,0.0,0.01626813727760538,6.27837003963277,-0.15147149312884167,-13.61573745776629,0.7536349771225216,-0.043859649122807064,-1.8745801764019092,0.0,-0.26040050083847,0.0,-0.04365020571441596,-0.04452091494707262,-1.349517466843673,0.0,-0.46435614731679553,Biotechnology,Healthcare,INSM
2018Q3,2018,Q3,2018-10-30,2018-09-30,-87743000.0,0.0,-83983000.0,-1.14,0.0,0.0,661513000.0,291407000.0,577495000.0,57419000.0,370106000.0,0.0,-1190589000.0,1213018840.0,957305840.0,3.781265408870319,10.05755934446786,0.47143593549937796,1.0701904895901608,-0.13928643966394488,3.781265408870319,-0.3011012089620359,0.0,-3.456169836910067,4.1626276650869745,0.0,0.0,0.0,0.0,9.884776816036503,-0.13263987253462894,-18.013615289802342,0.0,-0.1399999999999999,-1.4568018778551588,0.0,-0.10022127368494917,0.0,-0.14791266009916662,-0.15231470047474,-1.2715713288103245,0.0,-0.3109599457002673,Biotechnology,Healthcare,INSM
2018Q2,2018,Q2,2018-08-02,2018-06-30,-76437000.0,0.0,-72882000.0,-1.0,0.0,0.0,724244000.0,370641000.0,645258000.0,45642000.0,353603000.0,0.0,-1102846000.0,1815539550.0,1488366550.0,4.82812927429755,14.137373471802288,0.4241056881382517,0.8287156574690874,-0.10758406958661279,4.82812927429755,-0.20622920831748243,0.0,-5.938025923309392,4.898377540531134,0.0,0.0,0.0,0.0,13.897922965689496,-0.1055403979874186,-31.43301563392718,0.0,-0.12359550561797751,-2.5709846824270826,-1.0,0.4575640494375987,0.0,-0.11547778880392272,-0.1614476263326481,-1.117366233371392,0.0,-0.19606506776333593,Biotechnology,Healthcare,INSM
2018Q1,2018,Q1,2018-05-02,2018-03-31,-68524000.0,0.0,-62751000.0,-0.89,0.0,0.0,773153000.0,434856000.0,696413000.0,34806000.0,338297000.0,0.0,-1026409000.0,1725459880.0,1341584880.0,5.675563502525483,20.00841808883526,0.391521471170648,0.696106297257023,-0.08513858755619669,5.675563502525483,-0.1575786007321964,0.0,-6.295093251999299,3.967887944514966,0.0,0.0,0.0,0.0,19.725938056656897,-0.08862928812279071,-23.506346793090295,0.0,-0.047058823529411806,-1.0631844160445847,0.0,0.6642974839337308,0.0,-0.0480239814021779,0.03981454562147109,-0.6324641316257589,0.0,0.7197957474034243,Biotechnology,Healthcare,INSM
2017Q4,2017,Q4,2018-02-23,2017-12-31,-65384000.0,0.0,-65353000.0,-0.85,0.0,0.0,462047000.0,361059000.0,389444000.0,44656000.0,100988000.0,0.0,-957885000.0,2388263280.0,2062665280.0,4.713810120632931,8.720978144034396,0.12026265726214,0.15390005511564592,-0.15598932835768725,4.713810120632931,-0.18108951722571656,0.0,-9.131680839349077,6.614606698628203,0.0,0.0,0.0,0.0,8.535583124328198,-0.14150941354450955,-47.8408541495563,0.0,-0.23188405797101455,-0.7432642506038581,0.0,0.23045254501457202,0.0,-0.447221054029527,-0.48249892248712656,-1.4022528390933582,0.0,0.25698565919163546,Biotechnology,Healthcare,INSM
2017Q3,2017,Q3,2017-11-02,2017-09-30,-45179000.0,0.0,-44083000.0,-0.69,0.0,0.0,506206000.0,421305000.0,437480000.0,28766000.0,84901000.0,0.0,-892501000.0,2038387520.0,1663097520.0,6.450652253797158,15.208231940485295,0.1094179049635919,0.13146770154638562,-0.09253200856570858,6.450652253797158,-0.10723585051209931,0.0,-11.279507735894995,4.838270421666014,0.0,0.0,0.0,0.0,14.971772231106167,-0.0892502261924987,-52.691935375468525,0.0,0.041666666666666706,-0.8442253416322247,0.0,0.18108339548669447,0.0,-0.01134939111747851,-0.013052970240147076,-0.27108523266982676,0.0,0.42701828527496427,Biotechnology,Healthcare,INSM
2017Q2,2017,Q2,2017-08-03,2017-06-30,-44672000.0,0.0,-43515000.0,-0.72,0.0,0.0,165640000.0,83445000.0,96534000.0,26272000.0,82195000.0,0.0,-847322000.0,1067506440.0,1031636440.0,1.3413653972897812,3.6744062119366627,0.3332166143443613,0.6614416681646593,-0.3141329032999242,1.3413653972897812,-0.5353466355084188,0.0,-5.9741361479226365,12.792934747438432,0.0,0.0,0.0,0.0,3.4661997563946407,-0.2696933107944941,-29.100848894583322,0.0,-0.2,-0.8422673658322124,0.0,-0.7212865092587181,0.0,-0.1939915539637569,-0.2097917651310851,-0.21433700926394453,0.0,-0.5277419295033386,Biotechnology,Healthcare,INSM
2017Q1,2017,Q1,2017-05-03,2017-03-31,-37414000.0,0.0,-35969000.0,-0.6,0.0,0.0,200659000.0,121684000.0,131624000.0,23271000.0,78975000.0,0.0,-802650000.0,1086337910.0,1015491910.0,1.961348140745636,5.656138541532379,0.2740619658226145,0.45193287531639326,-0.20374957967070575,1.961348140745636,-0.30746852503205024,0.0,-7.258899810231465,8.927532872029191,0.0,0.0,0.0,0.0,5.407545872545228,-0.18645562870342222,-29.10171475260521,0.0,0.4545454545454546,-1.190196216646903,0.0,-0.6194677854516638,0.0,0.4530276892488524,0.4635575904908204,-0.6550421494786288,0.0,-0.41578511103205795,Biotechnology,Healthcare,INSM
2016Q4,2016,Q4,2017-02-23,2016-12-31,-68402000.0,0.0,-67051000.0,-1.1,0.0,0.0,237956000.0,154483000.0,168407000.0,27989000.0,83473000.0,0.0,-765236000.0,819664650.0,711864650.0,2.493471067710435,6.016899496230662,0.23025685420834105,0.3546733297514937,-0.320524657517565,2.493471067710435,-0.442780111727504,0.0,-2.9957627335458024,5.305856631474013,0.0,0.0,0.0,0.0,5.8091035764050165,-0.28745650456386895,-13.955539380937788,0.0,-0.8032786885245904,-2.362768516667497,-1.0,-0.538325197231774,0.0,-0.8114936440677966,-0.8049207246493849,-1.671968100133398,0.0,-0.31732435114176644,Biotechnology,Healthcare,INSM
2016Q3,2016,Q3,2016-11-03,2016-09-30,-37760000.0,0.0,-37149000.0,-0.61,0.0,0.0,276644000.0,217829000.0,206296000.0,23458000.0,58815000.0,0.0,-696834000.0,898468560.0,732631560.0,3.5202980057532565,8.794270611305311,0.12536328277497433,0.15921204247368348,-0.14721639446463403,3.5202980057532565,-0.17334698318405722,0.0,-5.9485471398305085,4.124650804071083,0.0,0.0,0.0,0.0,8.547958052689914,-0.13649311027891442,-27.83273628450172,0.0,-0.0338983050847458,0.5619115647825427,-1.0,-0.38584844686128744,0.0,-0.03228628448016622,-0.028118340575097555,-0.3167890057644058,0.0,-0.16232030461665226,Biotechnology,Healthcare,INSM
2016Q2,2016,Q2,2016-08-04,2016-06-30,-36579000.0,0.0,-36133000.0,-0.59,0.0,0.0,299677000.0,250561000.0,229310000.0,32320000.0,49116000.0,0.0,-659074000.0,610117080.0,411833080.0,4.049274378615986,7.094987623762377,0.08283919019477638,0.09907766970917262,-0.13127315580190324,4.049274378615986,-0.14598840202585397,0.0,-4.169858935454769,2.4350041706410814,0.0,0.0,0.0,0.0,6.903125,-0.12206141946162034,-20.48954159250428,0.0,-0.09259259259259246,-0.4653271829047412,-1.0,-0.4311156467707288,0.0,-0.09086842419181677,-0.09272083950766626,-1.1200909061618682,-1.0,0.22243552839378627,Biotechnology,Healthcare,INSM
2016Q1,2016,Q1,2016-05-05,2016-03-31,-33532000.0,0.0,-33067000.0,-0.54,0.0,0.0,327706000.0,282463000.0,258490000.0,25543000.0,45243000.0,0.0,-622495000.0,783740860.0,555656860.0,4.566313168870639,10.119797987707004,0.07564097087023125,0.08775662653161653,-0.10771204907348012,4.566313168870639,-0.11871289337010511,0.0,-5.843230794464989,2.774667336960947,0.0,0.0,0.0,0.0,9.899855146224015,-0.10232342404472301,-26.024068933457297,0.0,-0.058823529411764754,-0.47935854245960424,-1.0,-0.537627736974811,0.0,-0.07319571131381021,-0.014636391531144523,-0.2505337151041201,0.0,0.3390218459229976,Biotechnology,Healthcare,INSM
2015Q4,2015,Q4,2016-02-25,2015-12-31,-31245000.0,0.0,-32590000.0,-0.51,0.0,0.0,356556000.0,311698000.0,288118000.0,22259000.0,44858000.0,0.0,-588963000.0,1121760750.0,864024750.0,5.043248928080253,12.943887865582461,0.07050785851310874,0.08065499297396839,-0.0910115430396602,5.043248928080253,-0.10024125916752755,0.0,-8.975522083533365,3.5988705413573387,0.0,0.0,0.0,0.0,12.708387618491397,-0.08762999360549255,-40.12880983043571,0.0,-0.020000000000000018,-0.6275256831323665,-1.0,-0.5079744386215632,0.0,-0.009140236418835993,-0.07753347660770375,-0.03241604862366202,0.0,0.31644642441922116,Biotechnology,Healthcare,INSM
2015Q3,2015,Q3,2015-11-06,2015-09-30,-30962000.0,0.0,-30245000.0,-0.5,0.0,0.0,385741000.0,338999000.0,319258000.0,46698000.0,46742000.0,0.0,-557718000.0,1147143180.0,861430180.0,5.48772946547091,6.836652533299071,0.06547398383889709,0.07450169469526459,-0.08303249097472924,5.48772946547091,-0.09133360275399043,0.0,-9.2625087203669,3.3839131678854515,0.0,0.0,0.0,0.0,6.659150284808772,-0.08026629266787819,-46.101482136398346,0.0,-0.06382978723404262,-18.79036291624112,-1.0,-0.4265828794299442,0.0,-0.08232250847694621,-0.08203348597595879,-0.3362682113468852,0.0,0.004776865281409046,Biotechnology,Healthcare,INSM
2015Q2,2015,Q2,2015-08-06,2015-06-30,-28607000.0,0.0,-27952000.0,-0.47,0.0,0.0,408509000.0,365340000.0,342089000.0,43067000.0,43169000.0,0.0,-526756000.0,1485541860.0,1175637860.0,6.005621948613417,7.943181554322335,0.06149925705431215,0.06876608091093228,-0.07158680848121333,6.005621948613417,-0.07830240324081678,0.0,-12.982328276296013,4.066190014780752,0.0,0.0,0.0,0.0,7.779204495321244,-0.07002783292412162,-59.02033611442193,0.0,0.14545454545454556,-15.20375542392622,-1.0,-0.37112998795286534,0.0,-0.045233658518762106,-0.04665618213135625,-0.20643398920834996,0.0,0.2478686722890737,Biotechnology,Healthcare,INSM
2015Q1,2015,Q1,2015-05-07,2015-03-31,-27369000.0,0.0,-26706000.0,-0.55,0.0,0.0,206152000.0,164865000.0,140243000.0,41125000.0,41287000.0,0.0,-498149000.0,1039105600.0,929540600.0,3.3001381187821526,3.410164133738602,0.12121638402731964,0.15157249871106662,-0.14066598544144449,3.3001381187821526,-0.1660085524520062,0.0,-9.491629215535825,6.302766505929094,0.0,0.0,0.0,0.0,3.2718297872340427,-0.1327612635337033,-39.74091100317436,0.0,-0.527777777777778,-61.45305321898868,-1.0,-0.6546534239591194,0.0,-0.5509151697172324,-0.15780802913379,-0.9897121458713076,0.0,-0.3597215912019892,Biotechnology,Healthcare,INSM
2014Q4,2014,Q4,2015-02-27,2014-12-31,-17647000.0,0.0,-23066000.0,-0.36,0.0,0.0,230864000.0,186237000.0,164714000.0,19630000.0,44627000.0,0.0,-470780000.0,768271140.0,633901140.0,3.7500906125407756,8.390932246561386,0.10766511885785571,0.13346434918947364,-0.08143060159791232,3.7500906125407756,-0.09475560710277764,0.0,-10.883877429591433,4.125233653892621,0.0,0.0,0.0,0.0,8.111360163015792,-0.07643894240765126,-53.097735849056605,0.0,0.3333333333333334,-3.006434770514419,-1.0,-0.6059429939492638,0.0,0.26440183409754064,0.014441975730644334,-0.08230886072871486,-1.0,-0.3056577369885104,Biotechnology,Healthcare,INSM
2014Q3,2014,Q3,2014-11-06,2014-09-30,-23990000.0,0.0,-23404000.0,-0.54,0.0,0.0,235443000.0,199267000.0,170843000.0,21278000.0,36176000.0,0.0,-453133000.0,575270100.0,427866100.0,4.520371126536909,8.02909107998872,0.08455125019643821,0.09990113766955894,-0.1067749441124139,4.520371126536909,-0.1203912338721414,0.0,-5.994894747811588,2.886931102490628,0.0,0.0,0.0,0.0,7.863098035529655,-0.1018930271870474,-24.146663028878443,0.0,0.08474576271186429,-45.962684391210324,-1.0,-0.5166046682133169,0.0,-0.032983120909404064,-0.025771388499298737,0.6093075407911099,-1.0,-0.21137558706993673,Biotechnology,Healthcare,INSM
2014Q2,2014,Q2,2014-08-06,2014-06-30,-23224000.0,0.0,-22816000.0,-0.59,0.0,0.0,150110000.0,111548000.0,86712000.0,21818000.0,38562000.0,0.0,-429143000.0,784674540.0,721784540.0,2.8403228681282306,3.974333119442662,0.1319499034041703,0.1775648151468426,-0.17365492780868733,2.8403228681282306,-0.20819736794922367,0.0,-8.446806536341716,7.034411553770574,0.0,0.0,0.0,0.0,3.7903107525896047,-0.15471321031243754,-42.42860062723045,0.0,-0.6388888888888888,-3.6605294067904013,-1.0,-0.7030374707047463,0.0,-0.624283116519793,-0.2620167044637425,-0.4658245497715122,-1.0,-0.6009617806265548,Biotechnology,Healthcare,INSM
2014Q1,2014,Q1,2014-05-08,2014-03-31,-14298000.0,0.0,-18079000.0,-0.36,0.0,0.0,166620000.0,131738000.0,106209000.0,19998000.0,34882000.0,0.0,-405919000.0,747129600.0,665682600.0,3.3572375127421,5.310981098109811,0.11885728003841076,0.1503286826883663,-0.09125140477281057,3.3572375127421,-0.10853360457878516,0.0,-13.063533361309274,5.671329456952436,0.0,0.0,0.0,0.0,5.063056305630563,-0.08581202736766294,-57.560061633281975,0.0,0.12875292956704085,-1.0378995030110492,-1.0,-0.6467282846059744,0.0,0.1181694831626989,-0.15935616262665128,0.005611359077476427,-1.0,-0.660055399427731,Biotechnology,Healthcare,INSM
2013Q4,2013,Q4,2014-03-06,2013-12-31,-16214000.0,0.0,-15594000.0,-0.41320081549439347,0.0,0.0,176498000.0,143324000.0,116163000.0,16456000.0,33174000.0,0.0,-391621000.0,667080000.0,572871000.0,3.6524974515800204,7.059005833738454,0.11153100884995865,0.13734615277273868,-0.09562588533969449,3.6524974515800204,-0.11312829672629846,0.0,-10.285555692611323,4.654349585554408,0.0,0.0,0.0,0.0,6.921122994652406,-0.0918650636267833,-47.07692307692308,0.0,0.1017373576208838,-0.2771490997982864,-1.0,16.85233059732509,0.0,0.06423500894557627,0.07410046312789455,-0.33024643099101975,-1.0,-0.6436578612963577,Biotechnology,Healthcare,INSM
2013Q3,2013,Q3,2013-11-05,2013-09-30,-17327000.0,0.0,-16842000.0,-0.46,0.0,0.0,189950000.0,157125000.0,129745000.0,19822000.0,32825000.0,0.0,-375407000.0,583642290.0,475274290.0,4.20243922009147,6.54550499445061,0.10348512766517505,0.12510421638822594,-0.09522678698646403,4.20243922009147,-0.1102752585521082,0.0,-8.420994546084145,3.714509403341289,0.0,0.0,0.0,0.0,6.458732721218848,-0.0912187417741511,-35.35940203562341,0.0,-0.6428571428571428,-1.6205905779458254,-1.0,69.02958457306104,0.0,-0.9569686017619156,-1.0367638166646511,-17.29826873403861,-1.0,-0.5608838569543556,Biotechnology,Healthcare,INSM
2013Q2,2013,Q2,2013-08-06,2013-06-30,-8854000.0,11500000.0,-8269000.0,-0.28,0.0,0.0,138725000.0,105184000.0,78566000.0,18101000.0,33541000.0,0.0,-358080000.0,308648880.0,253673880.0,3.3124645713925807,4.340423181039721,0.14138042890610922,0.18646372071797992,-0.0662060241156784,3.3124645713925807,-0.08417630057803469,26.83903304347826,-8.71495595211204,2.934371006997262,0.0,0.0,0.0,0.08289781942692377,4.241920335893044,-0.06382411245269418,-56.7160749724366,0.0,0.34883720930232553,0.27117384839169456,0.6684073343663249,13.99384937289831,0.0,0.35268314081005997,0.4221119575092599,-8.607793827082734,1.5306255560111925,-0.6531400656349491,Biotechnology,Healthcare,INSM
2013Q1,2013,Q1,2013-05-07,2013-03-31,-13678000.0,0.0,-14309000.0,-0.43,0.0,0.0,143016000.0,107605000.0,83025000.0,20272000.0,35411000.0,0.0,-349226000.0,235077300.0,175112300.0,3.410185713380237,4.095550513022888,0.13613162163673995,0.18093025417034525,-0.10326914482307516,3.410185713380237,-0.12711305236745504,0.0,-4.296631451966662,2.184631755029971,0.0,0.0,0.0,0.0,4.02560181531176,-0.09563964871063378,-20.671588111150193,0.0,0.12185489612322827,-0.08440053468904356,-1.0,4.947285825520807,0.0,0.11474985437835739,0.09653996716757167,-48.83258358283835,-1.0,-0.6431373726218474,Biotechnology,Healthcare,INSM
2012Q4,2012,Q4,2013-03-18,2012-12-31,-15451000.0,0.0,-15838000.0,-0.48966850478544716,0.0,0.0,153561000.0,120882000.0,93578000.0,15747000.0,32679000.0,0.0,-335548000.0,211096260.0,139638260.0,3.830956455599924,5.942592239791706,0.12583924303696903,0.159858374282358,-0.11280438905079379,3.830956455599924,-0.1278188646779504,0.0,-3.415576014497444,1.7463001935772076,0.0,0.0,0.0,0.0,5.901759065218772,-0.10061799545457506,-23.21269628326369,0.0,-0.28860132838275565,-0.8105110526953335,-1.0,3.0651890299743485,0.0,-0.6468769985077809,-0.6933604191168609,-3.7649070542542713,-1.0,-0.5974456654044297,Biotechnology,Healthcare,INSM
2012Q3,2012,Q3,2012-11-07,2012-09-30,-9382000.0,0.0,-9353000.0,-0.38,0.0,0.0,152457000.0,136612000.0,90353000.0,6545000.0,15845000.0,0.0,-320095000.0,116185384.99999999,80400384.99999999,5.461639947227442,13.80488922841864,0.06037112103740727,0.06737329077972652,-0.06405945001883497,5.461639947227442,-0.06867625098820015,0.0,-3.0959652792581536,0.8504771542763445,0.0,0.0,0.0,0.0,13.712452253628724,-0.061538663360816495,-12.608289202387411,0.0,0.025641025641025664,-0.1669437577531259,-1.0,3.608466962681348,0.0,0.03238448844884489,0.06310728238004608,-31.367831234424767,-1.0,-0.4159481200801234,Biotechnology,Healthcare,INSM
2012Q2,2012,Q2,2012-08-07,2012-06-30,-9696000.0,0.0,-9983000.0,-0.39,0.0,0.0,136052000.0,119716000.0,73850000.0,6486000.0,16336000.0,0.0,-310714000.0,81092500.0,61599500.0,4.81270351758794,11.386062288004934,0.0667538882192103,0.07586287547195028,-0.076926499418413,4.81270351758794,-0.08099168031006716,0.0,-2.0908751031353137,0.6773739516856561,0.0,0.0,0.0,0.0,11.27582485353068,-0.0712668685502602,-11.085782638414218,0.0,-0.3928571428571428,-0.7708423589949748,-1.0,1.9905483500223513,0.0,-0.41650840029218406,-0.37431167400881055,-2.0720043389966696,-1.0,-0.4968203701880854,Biotechnology,Healthcare,INSM
2012Q1,2012,Q1,2012-05-08,2012-03-31,-6845000.0,0.0,-7264000.0,-0.28,0.0,0.0,133253000.0,128134000.0,70960000.0,4136000.0,5119000.0,0.0,-301018000.0,90241800.0,69296800.0,5.154223652453741,17.156673114119922,0.0008630199695316428,0.0008974979318525919,-0.05617542769022787,5.154223652453741,-0.0534206377698347,0.0,-3.295902118334551,0.7042767727535236,0.0,0.0,0.0,0.0,17.113636363636363,-0.051368449490818216,-15.893237055301162,0.0,0.1471698113207546,0.7278860281381452,-1.0,13.149747338277775,-1.0,0.1613575104141142,0.1810597519729425,-1.0286391120808385,-1.0,-0.45763699341617947,Biotechnology,Healthcare,INSM
2011Q4,2011,Q4,2012-03-13,2011-12-31,-8162000.0,1403000.0,-8870000.0,-0.32831858407079645,1403000.0,1.0,139833000.0,134267000.0,77399000.0,4477000.0,5566000.0,0.0,-294174000.0,75823000.0,62178000.0,5.400925181013677,17.28813937904847,0.0008152582008538757,0.0008490544958925127,-0.06540467197874306,5.400925181013677,-0.06078932276732183,54.04347826086956,-2.3224393530997305,0.5647180617724384,0.0,0.0,0.0,0.010033396980684102,17.205494750949295,-0.058369626626046785,-11.684851286793034,1.0,0.7637995798051823,0.8447458209505055,0.13915363485719234,2.9428310283988024,2.225287356321839,0.7640426700586858,0.7462814645308925,-0.014789343025280509,-0.758144221139606,24.440742296427835,Biotechnology,Healthcare,INSM
2011Q3,2011,Q3,2011-11-09,2011-09-30,-34591000.0,435000.0,-34960000.0,-1.39,435000.0,1.0,146069000.0,142342000.0,83983000.0,3682000.0,3727000.0,0.0,-286011000.0,126151640.0,115802640.0,5.731969556638344,22.8090711569799,0.00037653437758867385,0.00038639333436371555,-0.24533849835435131,5.731969556638344,-0.2430133059813688,290.00377011494254,-0.9117374461565148,0.8862573239100197,0.0,0.0,0.0,0.0029780446227467843,22.71591526344378,-0.23681273918490575,-14.8501047675103,1.0,-2.4749999999999996,-0.1284857536347977,-0.22312044456972582,0.7021332640992439,-0.5552147239263804,-2.4532295098332835,-2.3381075145612527,-6.876868194285866,-0.9473697861033739,94.51772811316926,Biotechnology,Healthcare,INSM
2011Q2,2011,Q2,2011-08-08,2011-06-30,-10017000.0,978000.0,-10473000.0,-0.4,978000.0,1.0,180288000.0,176738000.0,92619000.0,3492000.0,3550000.0,0.0,-251422000.0,297711700.0,287994700.0,7.117921868707209,26.52319587628866,0.0003549875754348598,0.00036211793728569975,-0.05919490854830323,7.117921868707209,-0.056677115277982096,304.40869120654395,-7.430161225915944,1.6844804173409227,0.0,0.0,0.0,0.005424653887113951,26.421821305841924,-0.055561102236421724,-26.876564051638532,1.0,-0.0916158978822165,0.5465868233919957,0.8784622288706059,0.553068802411199,-0.3891317926296065,-0.45300261096605743,-0.4124072825354012,-0.05449329967024106,-0.8185467188969585,31.219227118431306,Biotechnology,Healthcare,INSM
2011Q1,2011,Q1,2011-05-10,2011-03-31,-6894000.0,1601000.0,-7415000.0,-0.3664292548102477,1601000.0,1.0,190470000.0,185804000.0,103062000.0,4463000.0,4666000.0,0.0,-241404000.0,126992618.60000001,105035618.60000001,9.875837142553417,23.092538651131527,0.0003780122853992755,0.0003875051129146843,-0.03987308699739442,9.875837142553417,-0.03710361456158102,79.32081111805122,-4.6051863431969835,0.6834762362489506,0.0,0.0,0.0,0.008405523179503334,23.05467174546269,-0.036194676326980625,-24.788721178996685,1.0,-0.17967145790554423,0.7817116496275618,11.604796565993015,0.4473306317840564,0.0,-0.17967145790554415,-0.17140600315955767,0.08333281595755321,-0.5522845158099743,16.223233920255105,Biotechnology,Healthcare,INSM
2010Q4,2010,Q4,2011-03-16,2010-12-31,-5844000.0,1321000.0,-6330000.0,-0.3106197512490698,0.0,0.0,196265000.0,192843000.0,108797000.0,3339000.0,3422000.0,0.0,-234510000.0,118678712.0,108099712.0,10.249973424045923,32.58370769691524,0.00041270730899549077,0.00042003080225883234,-0.03277176425616908,10.249973424045923,-0.030304444548155753,89.84005450416352,-5.0769469541409995,0.6154162297827767,0.0,0.0,0.0,0.006730695743000535,32.500748727163824,-0.029776068071230226,-13.309264550857911,0.0,-9.353991708302328,0.8071746834058258,22.400753649764358,6.786728314836748,-1.0,-16.70909090909091,-9.585284280936454,-0.1484922704357478,-0.6004048875139865,9.876677927271015,Biotechnology,Healthcare,INSM
2010Q3,2010,Q3,2010-11-03,2010-09-30,-330000.0,1807000.0,-598000.0,-0.03,1807000.0,1.0,127000000.0,124700000.0,124900000.0,2300000.0,2300000.0,0.0,-228700000.0,93816000.0,84116000.0,9.570222563315426,54.30434782608695,0.0,0.0,-0.006255012028869286,9.570222563315426,-0.0026463512429831595,51.91809629219701,-71.07272727272728,0.7523336006415398,0.0,0.0,0.0,0.014228346456692914,54.130434782608695,-0.0025984251968503938,-90.20769230769231,1.0,-0.03372222222222219,0.9911997265352932,29.13074478476244,6.274921569718735,-0.0305793991416309,0.12698412698412698,0.34501642935377874,0.9212066067451703,0.16242849199452844,7.075240208929519,Biotechnology,Healthcare,INSM
2010Q2,2010,Q2,2010-08-04,2010-06-30,-378000.0,1864000.0,-913000.0,-0.02902133605632289,1864000.0,1.0,127404000.0,124386000.0,125319000.0,3018000.0,3018000.0,0.0,-228336000.0,87605477.4,76289477.4,9.549862187041743,41.52385685884692,0.0,0.0,-0.007398774781727847,9.549862187041743,-0.0030389272104577687,46.99864667381974,-57.940130555555555,0.7043033572910135,0.0,0.0,0.0,0.01463062384226555,41.41086812458582,-0.00296693981350664,43.71530808383234,1.0,-4.210817324990686,0.9846797034272358,21.998880166889133,3.712927162672783,-0.033696215655780196,-4.203389830508475,-2.637450199203187,0.8681537485892405,-0.2855357502481089,4.934154161383303,Biotechnology,Healthcare,INSM
2010Q1,2010,Q1,2010-05-06,2010-03-31,118000.0,1929000.0,-251000.0,0.009038613262250002,1929000.0,1.0,126890000.0,124427000.0,124805000.0,2463000.0,2463000.0,0.0,-227958000.0,152343360.0,132979360.0,9.556018063406242,50.67194478278522,0.0,0.0,-0.0020172470605254486,9.556018063406242,0.0009483472236733185,78.97530326594091,322.7613559322034,1.2243593432293634,0.0,0.0,0.0,0.015202143588935298,50.63865205034511,0.000929939317519111,659.495064935065,1.0,-0.9489635838833024,1.0070729037138506,10.692222807879862,1.449638318994776,-0.22467845659163987,-0.9488291413703382,-1.7317784256559767,1.0089561808055172,-0.09569289692562342,25.233871534240794,Biotechnology,Healthcare,INSM
2009Q4,2009,Q4,2010-03-16,2009-12-31,2306000.0,2488000.0,343000.0,0.17710125337920865,2488000.0,1.0,126695000.0,123914000.0,124608000.0,2781000.0,2781000.0,0.0,-228076000.0,100260160.0,87728160.0,9.51661956254608,44.806903991370014,0.0016417380322822526,0.001678583533741143,-0.5793112641374835,9.51661956254608,0.018609680907726325,40.29749196141479,10.869488291413704,0.8091108349339059,0.0,0.0,0.0,0.01963771261691464,44.74973031283711,0.018201191838667665,129.36794838709676,1.0,16.282893626607684,1.1364926672009095,36.37336916452071,4.917272254881796,0.0052525252525252525,16.373333333333335,1.448952879581152,1.083747040332315,2.8569007332674707,5.947406534824705,Biotechnology,Healthcare,INSM
2009Q3,2009,Q3,2009-11-09,2009-09-30,-150000.0,2475000.0,-764000.0,-0.011588201665610852,2475000.0,1.0,124629000.0,121045000.0,122537000.0,3584000.0,3584000.0,0.0,-230382000.0,106142439.99999999,79701439.99999999,9.351292470759104,34.190011160714285,0.0031854544287445137,0.0032797719856251808,-0.006291068987664894,9.351292470759104,-0.0012392085588004461,42.88583434343434,-176.90406666666667,0.8768841339997522,0.0,0.0,0.0,0.01985894133789086,34.12416294642857,-0.0012035722022964157,-93.1891483757682,1.0,0.8841179833438915,0.9941409100425297,29.597632530399718,6.319049085632242,-0.18585526315789475,0.9063085571517802,0.41500765696784075,0.9906118894184786,7.479956273852383,1.776906928677912,Biotechnology,Healthcare,INSM
2009Q2,2009,Q2,2009-08-13,2009-06-30,-1601000.0,3040000.0,-1306000.0,-0.1,3040000.0,1.0,125300000.0,120684000.0,123202000.0,4616000.0,4616000.0,0.0,-230232000.0,126178000.0,90352000.0,9.564583366355466,26.690207972270365,0.0045810055865921784,0.004756222863014152,-0.010770423394745089,9.564583366355466,-0.013266050180637036,41.50592105263158,-19.702998126171142,1.0455238474031354,0.0,0.0,0.0,0.024261771747805267,7.93132582322357,-0.01277733439744613,-14.750759878419453,1.0,-1.0104166666666667,0.9459358505609599,30.8982324368257,1.9458701937367089,0.28270042194092826,-1.0135914088034297,0.8120051820929898,0.857392989626127,10.490271113596894,1.0869091159391575,Biotechnology,Healthcare,INSM
2009Q1,2009,Q1,2009-05-13,2009-03-31,117795000.0,2370000.0,-6947000.0,9.6,2370000.0,1.0,129820000.0,116436000.0,127684000.0,13384000.0,13384000.0,0.0,-228631000.0,122522000.0,-3243000.0,9.503272881604936,9.540047818290496,0.013364658758280697,0.014900889759181008,-0.05742560124825547,9.503272881604936,1.011671647943935,51.69704641350211,0.26003225943376207,1.0522690576797555,0.0,0.0,0.0,0.018256046834077954,9.534817692767483,0.9073717454937605,-58.510983763132764,1.0,30.67233097880928,8.756606256396118,11.175284144353068,0.7001918004250571,0.0,30.71619576185671,-0.8584804708400214,6.727343073411431,27.652328198654576,0.39273033214411035,Biotechnology,Healthcare,INSM
2008Q4,2008,Q4,2009-03-31,2008-12-31,-3964000.0,2859000.0,-3738000.0,-0.32353373271738955,0.0,0.0,4758000.0,-2823000.0,2593000.0,4877000.0,7581000.0,0.0,-346426000.0,57279035.0,57236035.0,-0.230407600267707,0.5316793110518762,0.4417822614543926,-0.7445979454481049,,-0.230407600267707,1.404179950407368,20.03463973417279,-3.6124517532795153,-20.29012929507616,0.0,0.0,0.0,0.6008827238335435,0.5165060488004921,-0.8331231609920134,-19.888553819444443,0.0,-0.6176686635869477,0.4931832856922002,32.182643842647764,-1.0337395111070886,0.0,-0.8326398520573278,-0.9819724284199364,0.7991579924030591,76.76930979742414,-1.1750366865097643,Biotechnology,Healthcare,INSM
2008Q3,2008,Q3,2008-11-05,2008-09-30,-2163000.0,4071000.0,-1886000.0,-0.2,0.0,0.0,8148000.0,734000.0,5961000.0,4377000.0,7414000.0,0.0,-342462000.0,62367908.6,59043908.6,0.06000948378762856,1.3618917066483893,0.3003190967108493,3.3337874659400546,,0.06000948378762856,-2.946866485013624,15.320046327683617,-7.208496139620897,84.96990272479565,0.0,0.0,0.0,0.4996318114874816,1.3349326022389765,-0.2654639175257732,-19.996123308752807,0.0,0.5,0.7228450652372134,45.32896661234382,-0.9921282453345767,0.0,0.5365331047782301,0.5747463359639233,0.938552107244292,71.31377995828917,-0.9543830579585741,Biotechnology,Healthcare,INSM
2008Q2,2008,Q2,2008-08-08,2008-06-30,-4667000.0,2648000.0,-4435000.0,-0.4,0.0,0.0,11956000.0,2695000.0,9690000.0,5698000.0,9261000.0,0.0,-340299000.0,48185655.0,41511655.0,0.22092155850117634,1.7005967005967007,0.23193375710940115,1.0289424860853433,,0.22092155850117634,-1.7317254174397032,18.196999622356497,-2.5811900042854083,17.879649350649352,0.0,0.0,0.0,0.22147875543660087,1.6667251667251668,-0.3903479424556708,-22.97837625178827,0.0,0.0,0.6084269134162977,20.171864579882566,-0.9594946606788521,0.0,0.04227375333470142,0.07565652355147978,0.7980392847923119,33.88449895365273,-0.8909735875253791,Biotechnology,Healthcare,INSM
2008Q1,2008,Q1,2008-05-09,2008-03-31,-4873000.0,2317000.0,-4798000.0,-0.4,0.0,0.0,14812000.0,6990000.0,12467000.0,3870000.0,7822000.0,0.0,-335632000.0,82894720.0,73945720.0,0.5734020212626328,3.2214470284237726,0.20800702133405347,0.4407725321888412,,0.5734020212626328,-0.6971387696709586,35.77674579197238,-4.252756002462548,11.859044349070102,0.0,0.0,0.0,0.15642722117202268,3.1930232558139533,-0.3289900081015393,-21.27687885010267,0.0,-0.47896875947831363,0.39901353407479845,9.181185274293044,-0.9103846845733962,-1.0,-0.47801031240521685,-0.43480861244019137,0.6880163304575043,14.000668055162187,-0.8530112067438556,Biotechnology,Healthcare,INSM
2007Q4,2007,Q4,2008-03-12,2007-12-31,-3297000.0,2142000.0,-3344000.0,-0.2704587216170101,2142000.0,1.0,19500000.0,11488000.0,16973000.0,3682000.0,8012000.0,0.0,-330759000.0,100570800.0,87465800.0,0.9423808898805618,4.609722976643129,0.17302564102564102,0.29369777158774374,,0.9423808898805618,-0.28699512534818944,46.95182072829132,-7.625932666060054,8.75442200557103,0.0,0.0,0.0,0.10984615384615384,4.5434546442151005,-0.16907692307692307,-31.31095890410959,1.0,0.09847092794329956,0.9514396680346947,21.444509298615806,-0.8665241737725036,0.0,0.15720858895705522,0.1889400921658986,0.7915563465707929,33.367746252218424,-0.4140435837986599,Biotechnology,Healthcare,INSM
2007Q3,2007,Q3,2007-11-09,2007-09-30,-3912000.0,1452000.0,-4123000.0,-0.3,0.0,0.0,22582000.0,14424000.0,19669000.0,3828000.0,8158000.0,0.0,-327465000.0,85159087.6,69637087.6,1.1851316265159233,5.138192267502612,0.15016384731201843,0.23509428729894621,,1.1851316265159233,-0.27121464226289516,58.64950936639118,-5.442170731083844,5.903985551858015,0.0,0.0,0.0,0.06429899920290497,4.9472309299895505,-0.1732353201665043,-25.451012432755526,0.0,-0.4999999999999999,0.7736569329382633,-0.7749831047332205,-0.9063297152950028,0.0,-0.5648,-0.6049046321525886,0.8374848542008011,18.09129227330989,-0.07242377729833809,Biotechnology,Healthcare,INSM
2007Q2,2007,Q2,2007-08-06,2007-06-30,-2500000.0,2275000.0,-2569000.0,-0.2,0.0,0.0,25923000.0,18278000.0,22963000.0,3150000.0,7645000.0,0.0,-323551000.0,91997370.0,73048370.0,1.6093047007756853,7.28984126984127,0.1276858388303823,0.18109202319728634,,1.6093047007756853,-0.13677645256592624,40.438404395604394,-9.199736999999999,5.033229565597986,0.0,0.0,0.0,0.08775990433206034,7.066349206349206,-0.09643945530995642,-13.481443434935521,0.0,0.8,0.8976884970325495,8.452662070665715,-0.8860021197293306,-1.0,0.7561689261679508,0.7530520042295492,0.9062111312069835,25.519643516945667,-0.5043377668355331,Biotechnology,Healthcare,INSM
2007Q1,2007,Q1,2007-05-10,2007-03-31,-10253000.0,1660000.0,-10403000.0,-1.0,1084000.0,0.653012048192771,15708000.0,3691000.0,12675000.0,7010000.0,12017000.0,0.0,-321050000.0,95248320.0,86446320.0,0.3642625927680404,1.8081312410841655,0.20588235294117646,0.8761853156326199,,0.3642625927680404,-2.7778379842861014,57.37850602409639,-2.3224500146298643,25.8055594689786,0.0,0.0,0.0,0.10567863509039979,1.7328102710413695,-0.652724726254138,-8.022262275751705,0.653012048192771,0.5271233899570655,0.45408802121418523,4.291849725836964,-0.9776112302605652,4.245508982035928,0.521513907037521,0.5139693515230798,0.18364237446566709,9.311538182768896,-0.9348312648556503,Biotechnology,Healthcare,INSM
