Quarters,Year,Quarter,FillingDate,Date,NetIncome,Revenue,OperatingIncome,EPSDiluted,GrossProfit,GrossProfitRatio,TotalAssets,CommonStockEquity,CurrentAssets,CurrentLiability,TotalLiability,Inventory,RetainedEarnings,MarketCap,EnterpriseValue,bookValuePerShare,currentRatio,debtToAssets,debtToEquity,roic,shareholdersEquityPerShare,roe,priceToSalesRatio,peRatio,pbRatio,payoutRatio,inventoryTurnover,dividendYield,assetTurnover,quickRatio,returnOnAssets,priceToFreeCashFlowsRatio,grossProfitMargin,epsdilutedGrowth,fiveYNetIncomeGrowthPerShare,fiveYRevenueGrowthPerShare,fiveYShareholdersEquityGrowthPerShare,grossProfitGrowth,netIncomeGrowth,operatingIncomeGrowth,threeYNetIncomeGrowthPerShare,threeYRevenueGrowthPerShare,threeYShareholdersEquityGrowthPerShare,Industry,Sector,Symbol
2022Q4,2022,Q4,2022-12-31,2022-12-31,2889415000.0,11036063000.0,22807008000.0,0.39,11036063000.0,1.0,985450829000.0,110182834000.0,163618011000.0,0.0,874770653000.0,0.0,14287093000.0,215104968458.22598,246713723458.22598,14.80455202064576,0.0,0.12852847577238175,1.1495301799915585,0.07719781271192358,14.80455202064576,0.026223821761564056,19.491096458784803,18.611463605801347,1.9522548172814829,0.5423018154193842,0.0,0.00728451328312439,0.011198999153716273,0.0,0.002932074249642749,-546.0029709851584,1.0,-0.15217391304347827,-0.38772267343520905,-0.39154154181009565,-0.34622845774909594,0.10591401076626597,-0.1635021442130566,-0.04237253370705159,-0.7293910859279471,-0.5958594727066188,-0.41776443523616363,Banks—Regional,Financial Services,BSBR
2022Q3,2022,Q3,2022-09-30,2022-09-30,3454181000.0,9979133000.0,23816159000.0,0.46,9979133000.0,1.0,985777177000.0,109688588000.0,161221253000.0,0.0,875623158000.0,0.0,11397678000.0,226752924095.80795,259180121095.80795,14.722300952112398,0.0,0.12198361638474006,1.0962732513249236,0.07735154071033983,14.722300952112398,0.03149079647191739,22.722707884122595,16.411482497284304,2.067242620497658,0.44621518096474966,0.0,0.006797301539312297,0.010123112233506294,0.0,0.0035040180282039537,251.0172561436807,1.0,-0.1785714285714286,-0.23197254498905814,-0.537064601807841,-0.36955588863912747,-0.038423150615289205,-0.16620477217751328,0.09954616784218276,-0.5488151486984013,-0.4611866800610162,-0.43763481865879655,Banks—Regional,Financial Services,BSBR
2022Q2,2022,Q2,2022-06-30,2022-06-30,4142721000.0,10377884000.0,21659990000.0,0.56,10377884000.0,1.0,969851763000.0,107803547000.0,91137804000.0,0.0,861583855000.0,0.0,7943497000.0,217835080559.01,316218293559.01,14.483924648987992,0.0,0.11838009000969357,1.0650033528117586,0.0769565616835899,14.483924648987992,0.038428429446760226,20.99031754055162,13.14565237189579,2.0206670988201347,0.37528426365183654,0.0,0.007137041453609411,0.010700484750265903,0.0,0.004271499169301402,-29.25004784378881,1.0,0.09803921568627459,-0.03718219345922043,-0.28393388508092837,-0.3681841708546576,-0.12713352340133408,0.08464151008603883,0.14233657406880013,-0.3837380739211162,-0.5723412125246863,-0.42610571330069325,Banks—Regional,Financial Services,BSBR
2022Q1,2022,Q1,2022-03-31,2022-03-31,3819438000.0,11889429000.0,18961128000.0,0.51,11889429000.0,1.0,950925644000.0,105976958000.0,113381143000.0,0.0,844545264000.0,0.0,3800776000.0,267380015940.92252,356613308940.9225,14.207224442918847,0.0,0.11399823496609794,1.0229001383489418,0.05567919368850266,14.207224442918847,0.036040268300586625,22.488886214882356,17.501266936452595,2.523001423959749,0.7147884060429833,0.0,0.010210523738629787,0.01250300596583764,0.0,0.00401654748097213,24.482356409809103,1.0,-0.46315789473684205,-0.001073922534938579,-0.3716668701739625,-0.37636160121072015,-0.07040223414416291,0.05285271345181415,0.24000585959469392,-0.4602297697236822,-0.4562397342489365,-0.42276737657990876,Banks—Regional,Financial Services,BSBR
2021Q4,2021,Q4,2021-12-31,2021-12-31,3627704000.0,12789864000.0,15291160000.0,0.95,12789864000.0,1.0,930874047000.0,105640146000.0,126056522000.0,0.0,825233901000.0,0.0,5879052000.0,113750780237.87401,195771779237.87402,27.779196713202804,0.0,0.10600596323210201,0.9340975352305931,0.05253346181851381,27.779196713202804,0.03434020244538473,8.893822501777501,7.839034016961831,1.076776060474907,0.8047712823317448,0.0,0.025665511866334825,0.013739628944666453,0.0,0.0038970943616822096,20.096576015307214,1.0,0.9300312868229653,1.4868496459274705,1.0388720734203511,0.2643670632813463,0.32917401712563843,-0.05943931475548483,0.0,-0.01759083575349936,-0.03949387096833527,0.16150767735255062,Banks—Regional,Financial Services,BSBR
2021Q3,2021,Q3,2021-09-30,2021-09-30,3856959000.0,9622415000.0,0.0,0.49222,9622415000.0,1.0,945582440000.0,105542461000.0,0.0,0.0,839701859000.0,0.0,5509648000.0,133421065063.88402,198851450063.88403,27.753509406495283,0.0,0.088010841233473,0.7885120851976344,0.0,27.753509406495283,0.03654414501477277,13.86565275597488,8.648073849364488,1.2641458593985602,0.7512478094789184,0.0,0.02171720034323379,0.010176177764045618,0.0,0.0040789240967715095,-11.813608657094552,1.0,0.8799220868502463,0.7182413418345369,0.21932917594831516,0.20915051564225695,-0.3770645741634724,-0.03556085220619363,0.0,0.21459615140440624,-0.022364294098975498,0.16256421342103272,Banks—Regional,Financial Services,BSBR
2021Q2,2021,Q2,2021-06-30,2021-06-30,3999173000.0,15446890000.0,0.0,0.26183,15446890000.0,1.0,929324375000.0,106051201000.0,0.0,0.0,822944903000.0,0.0,5052689000.0,157409248873.77917,197714137873.77917,27.872065121863017,0.0,0.07986310162154092,0.6998386279472686,0.0,27.872065121863017,0.03770983225357344,10.190352159805578,9.840112497870134,1.4842759666038972,0.7971795668754516,0.0,0.020253314356111246,0.016621634399721842,0.0,0.004303312285336323,-26.30383909442894,1.0,-0.4940189769455234,1.2327002993995162,0.34584110984359856,0.2503882411585057,0.42196241047312644,-0.01340638596221157,0.0,0.3943489957757436,2.107600034879241,0.1987265016483355,Banks—Regional,Financial Services,BSBR
2021Q1,2021,Q1,2021-03-31,2021-03-31,4053516000.0,10863079000.0,0.0,0.51747,10863079000.0,1.0,944800829000.0,104980803000.0,0.0,0.0,839502611000.0,0.0,4053516000.0,153016887626.58,192576232626.58,27.605648517410778,0.0,0.07454243882760184,0.6708632053424092,0.0,27.605648517410778,0.03861197365769816,14.085959204253232,9.437293921288333,1.4575701771549605,0.22258602161678898,0.0,0.005896447209159367,0.011497744991923584,0.0,0.004290339165229501,9.527909186417565,1.0,-0.47196938775510205,1.2629347991622772,-0.012622821564535635,0.2778385014517094,-0.3883528890445413,0.09280311046636237,0.0,0.44312596992108,0.0570536335991445,0.20146391490398988,Banks—Regional,Financial Services,BSBR
2020Q4,2020,Q4,2020-12-31,2020-12-31,3709283000.0,17760370000.0,0.0,0.98,17760370000.0,1.0,936201485000.0,105776987000.0,0.0,0.0,830111613000.0,0.0,9581444000.0,170589382737.98404,220435831737.98404,27.815012277556395,0.0,0.07476507474243112,0.6617240288759596,0.0,27.815012277556395,0.03506701320581196,9.605057931675073,11.497463440911897,1.612726809263191,0.49888940800688436,0.0,0.010847814619520025,0.018970670613708756,0.0,0.00396205630885108,45.089970858325955,1.0,1.019785655399835,1.4471909411858943,1.4487712321703043,0.34216447416510776,0.7572721451254919,-0.023711807185027634,0.0,0.5382784477180662,0.9163529640623564,0.22831568622045204,Banks—Regional,Financial Services,BSBR
2020Q3,2020,Q3,2020-09-30,2020-09-30,3799373000.0,10106784000.0,0.0,0.4852,10106784000.0,1.0,891910536000.0,103495363000.0,0.0,0.0,788102013000.0,0.0,8049246000.0,105908762964.42001,162278801964.42,27.236840332330658,0.0,0.08375390914767712,0.7217810714862656,0.0,27.236840332330658,0.03671056257853794,10.47897758222794,6.968831631194147,1.0233189187849894,0.0010499100772680123,0.0,3.766449430950395e-05,0.011331611851258588,0.0,0.0042598140134539235,274.05553878747577,1.0,0.8506369669692576,1.2694493611612858,12.050413864353933,0.27904273580291683,0.8641180681296504,0.8515029862849212,0.0,0.6563998167171691,-0.08068964722871422,0.1663465959191919,Banks—Regional,Financial Services,BSBR
2020Q2,2020,Q2,2020-06-30,2020-06-30,2052048000.0,5421751000.0,0.0,0.26218,5421751000.0,1.0,863125199000.0,100879064000.0,0.0,0.0,761937598000.0,0.0,5911386000.0,105451302059.37898,162987887059.37897,26.548582277288407,0.0,0.09546125880169094,0.8167702467976904,0.0,26.548582277288407,0.02034166375691194,19.449676324010266,12.847080338688347,1.045323954030531,0.7777673816596883,0.0,0.015135099982940877,0.00628153482980399,0.0,0.002377462739330821,5.789387169195317,1.0,-0.4679033141882978,-0.5810571363917417,-0.41779655218166495,0.20466887922244306,7.251925420859696,-0.46808162630497757,0.0,-0.06581470471160461,-0.2672244619670091,0.15809871500058673,Banks—Regional,Financial Services,BSBR
2020Q1,2020,Q1,2020-03-31,2020-03-31,3857825000.0,-867213000.0,0.0,0.49273,-867213000.0,1.0,830398300000.0,99393128000.0,0.0,0.0,730704237000.0,0.0,3857825000.0,103139588440.064,171519072440.064,26.148599558863147,0.0,0.10658617316533524,0.8904939283126294,0.0,26.148599558863147,0.038813800084850934,-118.93224437371671,6.683791283953005,1.0376933548168843,1.7704024936330705,0.0,0.06621999470134557,-0.0010443337853654083,0.0,0.004645752526227474,5.753021502411632,1.0,-0.6554335664335664,1.4186239380450845,-1.3934187896558008,0.2668195665283428,-1.0621805782391602,-0.2925667915641823,0.0,0.980025087242782,-1.089939200897286,0.14781538258863355,Banks—Regional,Financial Services,BSBR
2019Q4,2019,Q4,2019-12-31,2019-12-31,5453271000.0,13946686000.0,0.0,1.43,13946686000.0,1.0,762237452000.0,96650580000.0,0.0,0.0,665028291000.0,0.0,5606932000.0,185258258241.94562,249009329241.94562,25.427082982556573,0.0,0.1100423952928516,0.8678523708807542,0.0,25.427082982556573,0.056422537764387964,13.283317502232833,8.492987889376193,1.9167837196832715,0.1543616666034019,0.0,0.004543797442490516,0.01829703586907981,0.0,0.00715429422378999,16.868903118713597,1.0,1.8665357013991897,2.912877916673169,1.3633988172079434,0.24811738405300438,0.47519242084981334,0.3953997341374885,0.0,2.740039170944818,1.2243158649212895,0.1573108672068405,Banks—Regional,Financial Services,BSBR
2019Q3,2019,Q3,2019-09-30,2019-09-30,3908035000.0,9454147000.0,0.0,0.49886,9454147000.0,1.0,753262492000.0,99565960000.0,0.0,0.0,653040960000.0,0.0,7953661000.0,172022500473.71402,244626054473.71402,26.17925405161232,0.0,0.11625646295952832,0.8795338587605643,0.0,26.17925405161232,0.03925071379816958,18.19545438353286,11.004411454459467,1.7277240180651503,0.2177662175492287,0.0,0.004947248166120241,0.012550932909055559,0.0,0.005188144958105786,175.4515250798751,1.0,0.13775486931533096,2.0090574558958525,0.8791114050477503,0.28114049979852285,-0.2378140420945196,0.13733420330277962,0.0,0.7408176376227581,0.19788444300277036,0.1405641741375019,Banks—Regional,Financial Services,BSBR
2019Q2,2019,Q2,2019-06-30,2019-06-30,3436136000.0,12403990000.0,0.0,0.43846,12403990000.0,1.0,737602601000.0,96017666000.0,0.0,0.0,641022228000.0,0.0,5045626000.0,174121889889.948,246183032889.948,25.23796626777865,0.0,0.1191552753214871,0.915344484628485,0.0,25.23796626777865,0.035786497872172814,14.037570966273593,12.668437009619817,1.8134359763540595,0.2558449374529995,0.0,0.005048865484722442,0.016816629961965115,0.0,0.004658519364413142,50.32242762615454,1.0,-0.04788169638010024,1.2909307927758746,0.8979767424649039,0.23779958143455815,0.11212235866243957,-0.048027283632867804,0.0,0.9185814329888765,0.08084594452358046,0.13221808696305531,Banks—Regional,Financial Services,BSBR
2019Q1,2019,Q1,2019-03-31,2019-03-31,3609490000.0,11153440000.0,0.0,0.46051,11153440000.0,1.0,705033056000.0,93651748000.0,0.0,0.0,610825373000.0,0.0,2609490000.0,168703484745.6,231911042745.6,24.612649851183633,0.0,0.12441138788249952,0.936599079816428,0.0,24.612649851183633,0.03854161910571066,15.125690795449655,11.684717560209338,1.801391734253588,1.2139626373809043,0.0,0.025973298693904318,0.01581974051440788,0.0,0.005119603923932894,28.096287627030236,1.0,-0.5252474226804124,3.9138609779967126,2.1331831782067594,1.3182036519373208,-0.16286626346027996,-0.02308180315321216,0.0,1.013911649378584,0.013195854393888002,0.139295517102455,Banks—Regional,Financial Services,BSBR
2018Q4,2018,Q4,2018-12-31,2018-12-31,3694772000.0,13323367000.0,0.0,0.97,13323367000.0,1.0,723865007000.0,91002875000.0,0.0,0.0,632269547000.0,0.0,5982477000.0,164317721610.0,226893159610.0,23.916498577538913,0.0,0.1302615571800945,1.0361407043458792,0.0,23.916498577538913,0.040600607398392635,12.333047765628613,11.118258556278981,1.8056322023892104,0.13741930489892204,0.0,0.0030899466900172774,0.018405872464007645,0.0,0.005104227948955129,-18.810033837238294,1.0,1.3950025925285796,3.9825033582580605,3.4668405765031016,1.1215867065825225,0.349340686529438,0.15981621350473513,0.0,1.4362393447682136,0.835965931478201,0.15404855539445775,Banks—Regional,Financial Services,BSBR
2018Q3,2018,Q3,2018-09-30,2018-09-30,3185653000.0,9873983000.0,0.0,0.40501,9873983000.0,1.0,703837221000.0,91074252000.0,0.0,0.0,612156585000.0,0.0,7087705000.0,133579543734.288,100683113734.288,23.872667923284947,0.0,0.12007388850496725,0.9279513160316705,0.0,23.872667923284947,0.03497863479570494,13.528435661099275,10.482901286980095,1.4667103028668083,0.1893464228527087,0.0,0.004515601589415888,0.014028787772791004,0.0,0.004526121814748413,52.352394875219964,1.0,0.10667541055277745,1.4141278180875432,0.6151417975491164,0.13024645198020796,0.9811803593539101,0.10776423541684778,0.0,0.8952938080864277,11.752945528409008,0.12106111130916578,Banks—Regional,Financial Services,BSBR
2018Q2,2018,Q2,2018-06-30,2018-06-30,2875750000.0,4983889000.0,0.0,0.36597,4983889000.0,1.0,696437348000.0,88704961000.0,0.0,0.0,607163785000.0,0.0,4502052000.0,110431043707.50002,77342416707.50002,23.25139644742726,0.0,0.11481561583340014,0.9014364258612323,0.0,23.25139644742726,0.03241926908687779,22.15760497625449,9.600195054116318,1.2449252269836408,0.18441137094670956,0.0,0.0048022818783155525,0.007156263250833009,0.0,0.004129230013666642,10.18794366170221,1.0,0.020779872810442964,1.0490366278819268,0.22103392804744287,0.11151028879191498,-0.5180283089244306,0.017495653330748095,0.0,-0.41523785329851387,-0.46695434500034544,0.05505572411077066,Banks—Regional,Financial Services,BSBR
2018Q1,2018,Q1,2018-03-31,2018-03-31,2826302000.0,10340626000.0,0.0,0.35852,10340626000.0,1.0,673730297000.0,87920485000.0,0.0,0.0,585333978000.0,0.0,2226302000.0,151943326935.7,135286632935.70001,22.976677181034415,0.0,0.12422833791605485,0.9519555653042633,0.0,22.976677181034415,0.032146114753575344,14.693822882260708,13.440117770119754,1.7281902725593472,1.5691270784226172,0.0,0.029187375908102556,0.015348316746396815,0.0,0.004195005052593026,248.4512231559515,1.0,-0.4309206349206349,0.8226533906076048,0.6032777535842939,0.11587080837307548,0.10886686993232139,0.1648570585432682,-1.0,0.7601491133182907,3.659949613096743,0.11314964157893782,Banks—Regional,Financial Services,BSBR
2017Q4,2017,Q4,2017-12-31,2017-12-31,2426308000.0,9325399000.0,2446616000.0,0.63,9325399000.0,1.0,645703039000.0,86650707000.0,0.0,0.0,558615438000.0,0.0,2624064000.0,122511086243.53001,100848148243.53001,22.64484007620521,0.0,0.12266187119494106,0.9140507416748487,0.014983116067455298,22.64484007620521,0.028001017925912596,13.137355971956804,12.6232001711582,1.4138498170999345,0.1858276030907865,0.0,0.003680279179826563,0.014442241149185608,0.0,0.003757622085467682,9.754111642348219,1.0,1.1503908249991466,-0.2896944622676584,2.0833443944641523,0.07488122499315313,-0.16282293901661715,0.04399856629775655,-0.5628447247696177,0.7293791522025195,0.5697788917791061,0.1115478160668719,Banks—Regional,Financial Services,BSBR
2017Q3,2017,Q3,2017-09-30,2017-09-30,2324053000.0,11139100000.0,5596675000.0,0.29297,11139100000.0,1.0,651368093000.0,89906799000.0,0.0,0.0,560709723000.0,0.0,4997756000.0,107034771325.584,76006963325.584,23.352269752084663,0.0,0.1235201721801255,0.8948944895702493,0.013984963277312221,23.352269752084663,0.02584958007458368,9.608924538390355,11.51380490522204,1.1905080874426859,0.2436493487885173,0.0,0.005290374267980065,0.017101083273355855,0.0,0.003567956467281243,59.73199167460547,1.0,0.044866079389422005,6.548688572569119,0.9566116905926974,1.6254735330990997,0.49507384369041957,0.0506853712126007,1.627604928371659,0.7676987091262193,1.1871091704003032,0.14279568404177345,Banks—Regional,Financial Services,BSBR
2017Q2,2017,Q2,2017-06-30,2017-06-30,2211940000.0,7450535000.0,2129953000.0,0.28039,7450535000.0,1.0,633473583000.0,87715091000.0,0.0,0.0,544932842000.0,0.0,3673703000.0,95157421727.97601,75493369727.97601,22.924282648284397,0.0,0.13975060267035636,1.0092711982707743,0.012842965597249067,22.924282648284397,0.025217325488495475,12.771891109561397,10.754973205418773,1.084846639764371,0.1961965514435292,0.0,0.004560600656463694,0.011761398107109385,0.0,0.003491763602082204,6.154402180769961,1.0,0.1280122299553444,1.8732118169842713,2.0930890496778987,1.0690971630888122,-0.2325749074134636,0.12752661763933767,-0.5093032851372519,0.46633497353134823,0.13353559877724663,0.1243246450868424,Banks—Regional,Financial Services,BSBR
2017Q1,2017,Q1,2017-03-31,2017-03-31,1961763000.0,9708485000.0,4340671000.0,0.24857,9708485000.0,1.0,624757296000.0,87188464000.0,0.0,0.0,536804204000.0,0.0,1961763000.0,106253819936.082,101748503936.082,22.781189340650755,0.0,0.15729681050415456,1.1271253729163069,0.010826077882530795,22.781189340650755,0.022500258749827272,10.944428501056755,13.54060352041531,1.218668331352666,2.1414294183344267,0.0,0.039537185604500036,0.015539610440979948,0.0,0.003140040160491379,5.702592653525826,1.0,-0.34586842105263155,3.342168881463357,0.5677280735741635,1.5003768608806063,0.537808267001373,0.33625979156733193,10.782782424109167,1.655207358656494,1.711460587953021,1.145702987865503,Banks—Regional,Financial Services,BSBR
2016Q4,2016,Q4,2016-12-31,2016-12-31,1468100000.0,6313196000.0,368391000.0,0.38,6313196000.0,1.0,634393240000.0,84087055000.0,0.0,0.0,549580681000.0,0.0,2084563000.0,110656006626.71101,108672214626.71101,21.970832300162023,0.0,0.1712204862082074,1.2917698092768262,0.01031121450857412,21.970832300162023,0.017459286688063937,17.52773185351936,18.843404166390403,1.315969582080274,0.007790341257407534,0.0,0.00010335634141020275,0.009951549925090626,0.0,0.0023141797664804876,33.19733314534363,1.0,0.32755729457797655,0.5504432553694861,0.7068064020001716,1.0433460277932014,-0.20526530323480843,-0.35027317204860225,-0.8781625108396343,0.9682963013295269,1.1043143447156396,0.9489903837493208,Banks—Regional,Financial Services,BSBR
2016Q3,2016,Q3,2016-09-30,2016-09-30,2259565000.0,7943778000.0,3023626000.0,0.28624,7943778000.0,1.0,611882113000.0,87863972000.0,0.0,0.0,523338991000.0,0.0,5366463000.0,83593484727.72,72224533727.72,22.952898789240994,0.0,0.17567299111422138,1.223381535722059,0.011446901126635748,22.952898789240994,0.025716627060747947,10.523139585184783,9.248847093104205,0.9513966057409744,0.19575582025743893,0.0,0.005291357352079899,0.012982530182247704,0.0,0.0036928110039392507,-27.271690179801652,1.0,0.2542283761282972,1.3773881772276773,2.3663135623920852,1.1632838453061916,-0.312127137420732,0.2537571404395098,-0.5508504889858601,0.7065066969677246,0.29499098563693466,0.08670017538746426,Banks—Regional,Financial Services,BSBR
2016Q2,2016,Q2,2016-06-30,2016-06-30,1802235000.0,11548323000.0,6731892000.0,0.22822,11548323000.0,1.0,605448235000.0,85337982000.0,0.0,0.0,519677922000.0,0.0,3106898000.0,70450977301.155,77534239301.155,22.29072875480585,0.0,0.1849109263651582,1.3118893999626098,0.009203562338490645,22.29072875480585,0.021118790927116136,6.100537480736813,9.772723493489334,0.825552416990069,0.0010276129361598237,0.0,2.6287782951303892e-05,0.019074005558873255,0.0,0.002976695439536627,29.070146714997264,1.0,-0.0007005867413958905,0.6399075535629379,2.14720578233585,1.1486552857070205,0.04186825534801874,-0.001345403546257667,0.07542282351584237,0.2796487576784437,1.8194153452705353,0.06558650839132593,Banks—Regional,Financial Services,BSBR
2016Q1,2016,Q1,2016-03-31,2016-03-31,1804663000.0,11084245000.0,6259763000.0,0.22838,11084245000.0,1.0,592751088000.0,82769472000.0,0.0,0.0,509368207000.0,0.0,1804663000.0,63257062043.655,82237286043.655,21.6033939234488,0.0,0.183739401251002,1.3158442040079705,0.009550633974008575,21.6033939234488,0.021803485710287,5.70693466660607,8.763002018057527,0.7642559571197337,1.5393588719888422,0.0,0.04391642466864535,0.018699662007199892,0.0,0.003044554512905424,25.16852556504691,1.0,-0.42905000000000004,0.6520119166421939,2.083852310826912,1.0981179180958882,0.516931809099638,0.1817829985305173,1.6442246848142257,0.1623483111949448,0.7164165955104883,0.04917680006659318,Banks—Regional,Financial Services,BSBR
2015Q4,2015,Q4,2015-12-31,2015-12-31,1527068000.0,7307016000.0,2367334000.0,0.4,7307016000.0,1.0,605394528000.0,79400222000.0,0.0,0.0,525559244000.0,0.0,3583740000.0,58925260888.97401,82496548888.974,20.723996807364983,0.0,0.18618377898519756,1.4195758923696713,0.01260644755970431,20.723996807364983,0.019232540684835868,8.064203074000934,9.646797144752886,0.7421296742592736,1.983967969992168,0.0,0.051415198749962664,0.012069841503423698,0.0,0.002522434428082574,-22.923657221931144,1.0,0.8703824932198636,0.5080897142446354,1.108342521145673,1.0497669127933114,8.907854808337483,-0.09714083680143126,1.3789029338666783,-0.553509421108366,1.8478008129782424,-0.016295323787174174,Banks—Regional,Financial Services,BSBR
2015Q3,2015,Q3,2015-09-30,2015-09-30,1691369000.0,-924020000.0,-6247864000.0,0.21386,-924020000.0,1.0,611157942000.0,81749060000.0,0.0,0.0,528993002000.0,0.0,5056672000.0,48370618800.0,82617472800.0,21.29470702574514,0.0,0.18351708174316747,1.3719781242744564,0.010086495273651375,21.29470702574514,0.020689766952671995,-52.34802147139672,7.149625362650019,0.5916963302085675,0.09288688630334362,0.0,0.0032479634103833297,-0.0015119168655097015,0.0,0.0027674826485360473,9.078199855598974,1.0,-0.6581248501318839,0.6529753440445328,-1.2614095987623195,1.1143701176199248,-1.0981368839707277,-0.6584759152857748,-3.117893436590795,4.509550722762245,-1.16277520512761,1.3941437078595895,Banks—Regional,Financial Services,BSBR
2015Q2,2015,Q2,2015-06-30,2015-06-30,4952415000.0,9415624000.0,2950037000.0,0.62555,9415624000.0,1.0,565644421000.0,84667681000.0,0.0,0.0,480580541000.0,0.0,6415304000.0,65742530664.448,102105771664.448,22.038074308372824,0.0,0.1787951834143521,1.1944876345438113,0.026288063370237442,22.038074308372824,0.058492389793928574,6.982280798856029,3.318710702982686,0.776477280208584,0.0,0.0,0.0,0.016645835529243203,0.0,0.008755350209668205,13.27499560097392,1.0,2.689036975880168,4.290928909469553,2.283149655948435,1.2326876067804518,3.224238117285612,2.0705262857681377,2.2909175245325955,5.406869439326209,2.8930377363015944,0.9891098766751235,Banks—Regional,Financial Services,BSBR
2015Q1,2015,Q1,2015-03-31,2015-03-31,1612888000.0,2228952000.0,-2285225000.0,0.16957,2228952000.0,1.0,550568086000.0,79336243000.0,0.0,0.0,470817683000.0,0.0,1462888000.0,53620475197.212006,83590586197.212,20.641139630107,0.0,0.1719160924994116,1.1930425543342151,0.00968261314051804,20.641139630107,0.020329775383994424,24.056361553417034,8.311252113787814,0.6758635545322206,0.4998462385484919,0.0,0.015035226693438894,0.0040484584135521435,0.0,0.0029294978060170384,-9.81296694626213,1.0,-0.453,0.7269223513895072,-0.24381745183419032,1.1174017000308374,-0.6264603803181105,0.14449366652971526,-3.98541146285129,2.554749948142667,-0.6416027554635566,1.2654931286327185,Banks—Regional,Financial Services,BSBR
2014Q4,2014,Q4,2014-12-31,2014-12-31,1409259000.0,5967110000.0,765464000.0,0.31,5967110000.0,1.0,520230910000.0,78303120000.0,0.0,0.0,441547617000.0,0.0,4100023000.0,51210493128.036,79729283128.03601,20.37234903337966,0.0,0.16227916561128597,1.0781516496405252,0.008609121947573099,20.37234903337966,0.01799748209266757,8.582126545016935,9.084648941045613,0.6540032265385595,0.07687728089726587,0.0,0.0021155820493493262,0.011470118144267898,0.0,0.0027089105489714175,-4.808165176209529,1.0,1.0355899927769385,0.6725717392400575,0.9688041127403555,1.1339650201140177,0.17324546312160513,0.07338992539444972,0.0,0.48195743156211224,0.6063630609764216,0.8946828188145614,Banks—Regional,Financial Services,BSBR
2014Q3,2014,Q3,2014-09-30,2014-09-30,1312905000.0,5085986000.0,0.0,0.15229,5085986000.0,1.0,495916345000.0,78563254000.0,0.0,0.0,416942396000.0,0.0,3380764000.0,62402714888.26799,85834549888.26799,20.43433491933896,0.0,0.1697454376100469,1.071487403003954,0.0,20.43433491933896,0.016711438658077987,12.269541223327785,11.882564787297634,0.7942990101742475,0.47935532273850734,0.0,0.010085266340204062,0.01025573375686982,0.0,0.002647432401124024,3.234319681293845,1.0,-0.16758677234216995,0.40484542697329196,0.6397222661202626,1.2235847305039038,-0.22926935715947244,-0.13309219270912775,-1.0,0.3753806070684089,1.1459369762891976,0.9259121484604406,Banks—Regional,Financial Services,BSBR
2014Q2,2014,Q2,2014-06-30,2014-06-30,1514469000.0,6598915000.0,2524143000.0,0.18295,6598915000.0,1.0,470787530000.0,78325437000.0,0.0,0.0,392173158000.0,0.0,2287859000.0,58485380273.544,75009041273.544,20.389380192332023,0.0,0.16912036518894202,1.016524925357263,0.009633693112167042,20.389380192332023,0.01933559591885839,8.862878257038316,9.65443668268284,0.7466971460822363,0.0004523037447448578,0.0,1.1712328735765464e-05,0.014016758260355791,0.0,0.003216884270490342,-86.0173993801434,1.0,-0.05230823422154074,0.44761215669402127,0.8389940440866152,0.0,-0.022763289013298084,0.08689526980960105,-0.023248011683211306,0.3733702449700633,0.7922477817094571,0.9653798673181065,Banks—Regional,Financial Services,BSBR
2014Q1,2014,Q1,2014-03-31,2014-03-31,1393390000.0,6752627000.0,2584221000.0,0.193048,6752627000.0,1.0,457736249000.0,76632680000.0,0.0,0.0,380793673000.0,0.0,1173390000.0,90791262666.65396,106976969666.65396,10.617121507256217,0.0,0.16691240461491177,0.9969879430029068,0.00925251751325972,10.617121507256217,0.018182712649485833,13.445324710909393,16.289635828205665,1.184759069716131,1.0461737202075514,0.0,0.016055818117125913,0.014752222518431132,0.0,0.003044089261106345,-6.2721628074867235,1.0,0.016042105263157868,0.37462649564847184,0.14304100870295672,0.0,0.1934645150480629,-0.009435102391334948,5.242631848539175,-0.32293443816672374,-0.0027565580506096693,0.031133022519978244,Banks—Regional,Financial Services,BSBR
2013Q4,2013,Q4,2013-12-31,2013-12-31,1406662000.0,5658004000.0,-609108000.0,0.19,5658004000.0,1.0,453052695000.0,81366201000.0,0.0,0.0,371397393000.0,0.0,3323494000.0,103855184223.78459,126347666223.78459,11.272930068488174,0.0,0.16379262902298816,0.9120088081782263,-0.004355527341319356,11.272930068488174,0.017288038309666198,18.355445528809206,18.457736155484508,1.2763921990629081,0.003061858499056632,0.0,4.1471208512031354e-05,0.012488622322398942,0.0,0.0031048529575571776,22.29642921216373,1.0,0.0795577222468438,8.260200657921937,-0.31580111865117855,0.38077286299742485,-0.08348657141931512,0.05562301225777499,-1.3516034662301168,-0.26260611722547256,-0.13342664140016539,0.11498179040483515,Banks—Regional,Financial Services,BSBR
2013Q3,2013,Q3,2013-09-30,2013-09-30,1332542000.0,6173400000.0,1732372000.0,0.175998,6173400000.0,1.0,440118555000.0,81370158000.0,0.0,0.0,358500312000.0,0.0,2916832000.0,59246721373.20696,64413864373.20696,21.121648186959305,0.0,0.15788658126445043,0.8539840121731114,0.00890168145205099,21.121648186959305,0.01637629854424026,9.59709744601143,11.115357221987557,0.7281136331725812,0.6803050110240427,0.0,0.015301015465304055,0.014026675153470865,0.0,0.003027688755362745,4.725371823453766,1.0,-0.06158423443598442,0.6596503643541511,0.9004579211745876,0.0,0.49471894543067657,-0.061670757864465166,3.535456406658254,0.29772496344828103,0.7403569026322566,1.0971869538940098,Banks—Regional,Financial Services,BSBR
2013Q2,2013,Q2,2013-06-30,2013-06-30,1420122000.0,4130141000.0,381962000.0,0.187548,4130141000.0,1.0,435801608000.0,80753001000.0,0.0,0.0,354764104000.0,0.0,2034290000.0,53293435286.91326,61975323286.91326,20.918741537425515,0.0,0.1630628425767534,0.8800050539298224,0.009738983460576138,20.918741537425515,0.01758599658729711,12.903538955912948,9.38184101205975,0.6599560960825871,0.0,0.0,0.0,0.009477112805880239,0.0,0.003258643322858047,-7.4337941579798095,1.0,-0.09066754586711141,0.3508066020372233,0.14537672203801,0.0,-0.36516933721945055,-0.09209113087596729,-0.8442620344011279,0.5099461400768348,0.4332678385239151,1.1192874806810582,Banks—Regional,Financial Services,BSBR
2013Q1,2013,Q1,2013-03-31,2013-03-31,1564168000.0,6505894000.0,2452594000.0,0.206248,6505894000.0,1.0,427358945000.0,79477661000.0,0.0,0.0,347593450000.0,0.0,1264168000.0,56234996403.683136,67334850403.683136,20.590804068558885,0.0,0.15818876565225515,0.8505960435851276,0.010720769627384684,20.590804068558885,0.019680599307017856,8.643700066998193,8.988004549972116,0.7075572644706182,0.7314636279478931,0.0,0.020345551225554353,0.01522348853608294,0.0,0.0036600801698441106,6.0262624829085105,1.0,-0.7682606741573034,1.8855650749351143,1.0593562819792717,0.0,1.749267994932627,-0.5460440127488726,0.48403805042692066,0.6677009799183353,1.1978553403351444,1.1122381961980101,Banks—Regional,Financial Services,BSBR
2012Q4,2012,Q4,2012-12-31,2012-12-31,3445638000.0,-8683000000.0,1652649000.0,0.89,-8683000000.0,1.0,421084963000.0,81316851000.0,0.0,0.0,339518852000.0,0.0,2778660000.0,57480940539.57382,67876869539.57382,21.06729520403471,0.0,0.15657450346903032,0.810793435668088,0.00816415069747507,21.06729520403471,0.042372988594946946,-6.619940175005623,4.1705585830239436,0.7068761250921267,0.008588830283390188,0.0,0.0005148489172619829,-0.020620541607893988,0.0,0.008182761919237662,-6.087453129821479,1.0,10.129590956269462,41.41658941253871,-2.9634704320073046,1.5804426478082558,-1.7938657210372495,4.8252938312347,0.9081745640459583,3.0722063151010155,-3.852820537975257,1.206759316766319,Banks—Regional,Financial Services,BSBR
2012Q3,2012,Q3,2012-09-30,2012-09-30,591496000.0,10937618000.0,866089000.0,0.079967,10937618000.0,1.0,442788274000.0,65790348000.0,0.0,0.0,376391661000.0,0.0,454512000.0,113734739728.25856,132446396728.25856,8.89449825248085,0.0,0.05311208625185951,0.3574598663013608,0.009420290333794858,8.89449825248085,0.008990619718260193,10.398492590275008,48.070798335178324,1.728745069539054,2.37967458782477,0.0,0.012375884477891633,0.024701688464315565,0.0,0.0013358438665428615,11.989470170176185,1.0,-0.5833923771021319,-0.616306769831797,0.7536915817868327,0.0,1.40069420193884,-0.5937856684691762,1.346870257966616,-0.6710231951008439,0.83288877521469,-0.03213534583929236,Banks—Regional,Financial Services,BSBR
2012Q2,2012,Q2,2012-06-30,2012-06-30,1456118000.0,4556023000.0,369040000.0,0.191948,4556023000.0,1.0,407211241000.0,80183370000.0,0.0,0.0,327003078000.0,0.0,17720167000.0,116483876033.57999,118012362033.57999,11.079364979681436,0.0,0.14963609513913198,0.759926902548496,0.010133928166038194,11.079364979681436,0.01815985035300961,25.567007899999624,19.99904472604212,1.4527186377122836,0.0035045236718452763,0.0,4.380863836063376e-05,0.011188352730174263,0.0,0.003575829577848024,-104.7994688527773,1.0,0.5863602178530403,-0.26121550770400237,-0.32605716116430933,0.0,-0.6119164391145028,0.7001091671190972,-0.7720014802852082,-0.26121550770400237,-0.32605716116430933,0.0,Banks—Regional,Financial Services,BSBR
2012Q1,2012,Q1,2012-03-31,2012-03-31,856485000.0,11739799000.0,1618607000.0,0.120999,11739799000.0,1.0,415630025000.0,66104875000.0,0.0,0.0,348961083000.0,0.0,2089029000.0,121141834563.17937,136567860563.17937,9.111102289047524,0.0,0.058481946774658546,0.36770136846942075,0.013492584125019544,9.111102289047524,0.012956457447351652,10.31890193036349,35.360174014483434,1.8325703597984169,1.3105390053532753,0.0,0.009265643070764315,0.028245791434341156,0.0,0.002060690875256185,48.82054452305757,1.0,-0.516004,-0.15942505086998138,0.9769440234914027,0.0,0.6742323106983422,-0.5228663283684194,0.0,-0.15942505086998138,0.9769440234914027,0.0,Banks—Regional,Financial Services,BSBR
2011Q4,2011,Q4,2011-12-31,2011-12-31,1795063000.0,7012049000.0,0.0,0.25,7012049000.0,1.0,399886082000.0,78013032000.0,0.0,0.0,321854090000.0,0.0,17698069000.0,110157070435.42828,111325751435.42828,10.752379675942777,0.0,0.12378217004311742,0.6344935676900751,0.0,10.752379675942777,0.023009783801250027,15.709683494143906,15.341671912828168,1.4120342154555445,0.02165327902140482,0.0,0.000352850705327936,0.017535116413478977,0.0,0.00448893592650719,-129.76112108701187,1.0,0.05463872295906311,10.755876031859913,-0.15645411279599,0.31701287766242,0.5677728346127481,-0.0035266701306083657,-1.0,10.755876031859913,-0.15645411279599,0.31701287766242,Banks—Regional,Financial Services,BSBR
2011Q3,2011,Q3,2011-09-30,2011-09-30,1801416000.0,4472618000.0,395739000.0,0.237048,4472618000.0,1.0,414983066000.0,76981541000.0,0.0,0.0,337990471000.0,0.0,15898623000.0,97068553707.01315,80486866707.01315,10.610211340986664,0.0,0.11738805023913916,0.6328017387960576,0.013800338819611024,10.610211340986664,0.02340062275448604,21.702849138248148,13.471146268687125,1.2609328476161987,1.0381782997375397,0.0,0.019266703052410676,0.01077783255859409,0.0,0.00434093857699726,-60.12786030146339,1.0,-0.1362703910044562,0.19130922266887718,-0.268910684970603,0.0,-0.35683328451291096,-0.13507689604162196,-0.8707268862557709,0.19130922266887718,-0.268910684970603,0.0,Banks—Regional,Financial Services,BSBR
2011Q2,2011,Q2,2011-06-30,2011-06-30,2082747000.0,6954057000.0,3061263000.0,0.274447,6954057000.0,1.0,406870547000.0,75269683000.0,0.0,0.0,331590623000.0,0.0,14093098000.0,132173780688.06837,112380359688.06837,10.374269387502533,0.0,0.10535488576419369,0.5694962206762582,0.01776043346650015,10.374269387502533,0.02767046328599524,19.006715171887198,15.865318817896314,1.7560028874848375,0.0013496598482676966,0.0,2.1267455507185588e-05,0.017091571388675623,0.0,0.005118942659666147,-18.543452643586065,1.0,0.00808089712650637,0.054058191515264885,0.02608247746445592,0.0,0.021671631493673446,0.006790741427341532,0.0581749174290045,0.054058191515264885,0.02608247746445592,0.0,Banks—Regional,Financial Services,BSBR
2011Q1,2011,Q1,2011-03-31,2011-03-31,2068699000.0,6806548000.0,2892965000.0,0.272247,6806548000.0,1.0,383987377000.0,74705858000.0,0.0,0.0,309271255000.0,0.0,12016036000.0,143763334872.01263,113227712872.01263,10.296558519005737,0.0,0.070072826899203,0.36017364260778584,0.0201822576447749,10.296558519005737,0.02769125548360612,21.121328296224846,17.3736409782202,1.9243917240333765,1.0114008852907068,0.0,0.01455366906911756,0.017725968111706965,0.0,0.0053874140763747035,-35.30268473734848,1.0,0.047103846153846184,1.0302708823742628,0.1462005771314619,0.0,0.03708333358727589,0.07882683326858039,0.006916587802761693,1.0302708823742628,0.1462005771314619,0.0,Banks—Regional,Financial Services,BSBR
2010Q4,2010,Q4,2010-12-31,2010-12-31,1917545000.0,6563164000.0,2873093000.0,0.26,6563164000.0,1.0,374662683000.0,73355318000.0,0.0,0.0,301299289000.0,0.0,7382093000.0,163995712395.43198,127282206395.43198,10.110416300516551,0.0,0.05361261185438102,0.27382670469781073,0.020972021311756097,10.110416300516551,0.026140504223565633,24.987294602943333,21.380947043671984,2.2356349459957627,0.002575167727484883,0.0,3.011054330550623e-05,0.01751752789321695,0.0,0.005118057087099864,-8.58677032053063,1.0,-0.015140323564282826,11.558011226075527,-0.21045474735766698,0.2383815367030205,-0.017569248934516633,-0.00843290570689706,0.00598529621333901,11.558011226075527,-0.21045474735766698,0.2383815367030205,Banks—Regional,Financial Services,BSBR
2010Q3,2010,Q3,2010-09-30,2010-09-30,1933853000.0,6680536000.0,2855999000.0,0.263997,6680536000.0,1.0,357632623000.0,73072375000.0,0.0,0.0,284553165000.0,0.0,11553815000.0,167863968662.08777,129446834662.08777,10.071418834520738,0.0,0.04178545814597009,0.20450742158031676,0.021714595252681268,10.071418834520738,0.026464898670667265,25.127320421907427,21.700714669378666,2.2972288592246763,0.6040459124866264,0.0,0.006958825108868194,0.018679884245347493,0.0,0.005407373029277589,26.762463903108934,1.0,0.13474863312815924,0.27889222377611605,0.0919932103008189,0.0,0.23348631890928676,0.09400626810282404,0.3443835486183583,0.27889222377611605,0.0919932103008189,0.0,Banks—Regional,Financial Services,BSBR
2010Q2,2010,Q2,2010-06-30,2010-06-30,1767680000.0,5415979000.0,2124393000.0,0.232648,5415979000.0,1.0,347246178000.0,71615701000.0,0.0,0.0,275627009000.0,0.0,3530695000.0,134120322845.24724,103943887845.24724,9.870648379757817,0.0,0.035041298568302744,0.16990627516164367,0.020643046393969248,9.870648379757817,0.024682855509576034,24.763818848863195,18.968410974447757,1.8727781893142015,0.010467958001448226,0.0,0.00013796566849418168,0.015596943445695751,0.0,0.005090567188330579,-65.02551311718685,1.0,0.002369688665994515,-0.10539418182923631,-0.2008634455806924,0.0,-0.026629234161276803,0.0026460353428643547,0.06057011572753183,-0.10539418182923631,-0.2008634455806924,0.0,Banks—Regional,Financial Services,BSBR
2010Q1,2010,Q1,2010-03-31,2010-03-31,1763015000.0,5564148000.0,2003067000.0,0.232098,5564148000.0,1.0,316048902000.0,70728261000.0,0.0,0.0,245319259000.0,0.0,7856923000.0,159086114698.4802,133522691698.4802,9.748334305109127,0.0,0.03566276904831645,0.1593589159501603,0.0202850641629098,9.748334305109127,0.02492659900121113,28.591280228074485,22.558814686556865,2.2492581105377414,0.88085694109239,0.0,0.009761782182834565,0.017605338809245412,0.0,0.005578298133116121,73.77164347911662,1.0,0.05499090909090908,0.7302652631866989,-0.06301554784527057,0.0,-0.027448674549529668,0.10847355750338418,-0.0445620801615652,0.7302652631866989,-0.06301554784527057,0.0,Banks—Regional,Financial Services,BSBR
2009Q4,2009,Q4,2009-12-31,2009-12-31,1590489000.0,5721187000.0,2096491000.0,0.22,5721187000.0,1.0,315972576000.0,69265405000.0,0.0,0.0,246705833000.0,0.0,7668908000.0,176287990296.5517,160457988296.5517,9.546711797689714,0.0,0.03620254056478623,0.16514752205664573,0.019406769745821673,9.546711797689714,0.022962242117836457,30.81318444870823,27.709715423456508,2.5451087782790225,0.2845854325304985,0.0,0.0025675600433051945,0.018106593529180204,0.0,0.005033629880588118,-17.2587946349934,1.0,-0.052124533602185275,9.416119943443121,-0.31174414728490235,0.16933578945506142,0.17083957770930197,0.08029415720171652,19.875742788201823,9.416119943443121,-0.31174414728490235,0.16933578945506142,Banks—Regional,Financial Services,BSBR
2009Q3,2009,Q3,2009-09-30,2009-09-30,1472274000.0,4886397000.0,-111068000.0,0.232098,4886397000.0,1.0,306236661000.0,55660828000.0,0.0,0.0,250570181000.0,0.0,3917117000.0,140175356747.14957,118914661747.14957,9.189816173412998,0.0,0.0,0.0,-0.0013547782140091674,9.189816173412998,0.026450810253846744,28.686853881735267,23.802525336172064,2.518384324917868,0.4110077336148027,0.0,0.004316850080085885,0.015956277031116142,0.0,0.00480763470706729,-87.76323848634364,1.0,-0.10781980956920517,0.16632304908493312,-0.04320894671777379,0.0,-0.11680170826965038,-0.0872703489363285,-1.0842542526140757,0.16632304908493312,-0.04320894671777379,0.0,Banks—Regional,Financial Services,BSBR
2009Q2,2009,Q2,2009-06-30,2009-06-30,1613045000.0,5532616000.0,1318248000.0,0.260147,5532616000.0,1.0,,,,,,,,151248287193.72635,,,0.0,0.0,0.0,0.0,,0.0,27.33757180938029,23.441424013856764,0.0,0.01800941697224814,0.0,0.00019206829074891484,0.0,0.0,0.0,-33.148246157110734,1.0,0.9385166804521643,0.0,0.0,0.0,0.14127337653269337,0.9392268315143821,-0.07977441262887192,0.0,0.0,0.0,Banks—Regional,Financial Services,BSBR
2009Q1,2009,Q1,2009-03-31,2009-03-31,831798000.0,4847757000.0,1432527000.0,0.134199,4847757000.0,1.0,,,,,,,,177771448214.7578,,,0.0,0.0,0.0,0.0,,0.0,36.67086617888599,53.42987366366528,0.0,1.634264569042003,0.0,0.007646773504133215,0.0,0.0,0.0,202.32431287999697,1.0,5.390428571428571,0.0,0.0,0.0,-0.28561873116697556,5.672961524885281,-0.7299143491115057,0.0,0.0,0.0,Banks—Regional,Financial Services,BSBR
2008Q4,2008,Q4,2008-12-31,2008-12-31,124652000.0,6785952000.0,5303973000.0,0.021,6785952000.0,1.0,340635472000.0,48356147000.0,0.0,0.0,291078095000.0,0.0,2871000.0,179081424209.4049,199524296209.4049,8.164217570163238,0.0,0.07494870645767626,0.5279615846978049,-0.08961986616294618,8.164217570163238,0.002577790161817483,26.39002224144894,359.16275753578947,3.7033848914679846,0.5312068799537913,0.0,0.0003697535927711396,0.01992144846265453,0.0,0.00036593957542977205,10.151923575773202,1.0,-0.8945243046138083,0.0,0.0,0.0,1.1880921288100834,-0.8373867498092114,5.142198881335912,0.0,0.0,0.0,Banks—Regional,Financial Services,BSBR
2008Q3,2008,Q3,2008-09-30,2008-09-30,766555000.0,3101310000.0,863530000.0,0.199098,3101310000.0,1.0,,,,,,,,91970183865.5636,,,0.0,0.0,0.0,0.0,,0.0,29.655269504036553,29.994646132881396,0.0,,0.0,,0.0,0.0,0.0,0.0,1.0,0.0,0.0,0.0,0.0,0.0,0.0,0.0,0.0,0.0,0.0,Banks—Regional,Financial Services,BSBR
2023Q1,2023,Q1,2023-03-28,2023-03-31,,,,,,,985451000.0,0.0,0.0,0.0,0.0,0.0,0.0,0.0,0.0,0.0,0.0,0.0,0.0,0.0,0.0,0.0,0.0,0.0,0.0,0.0,0.0,,,0.0,,0.0,0.0,0.0,-1.0,-1.0,-1.0,0.0,0.0,0.0,-1.0,1.0,-1.0,Banks—Regional,Financial Services,BSBR
