Quarters,Year,Quarter,FillingDate,Date,NetIncome,Revenue,OperatingIncome,EPSDiluted,GrossProfit,GrossProfitRatio,TotalAssets,CommonStockEquity,CurrentAssets,CurrentLiability,TotalLiability,Inventory,RetainedEarnings,MarketCap,EnterpriseValue,bookValuePerShare,currentRatio,debtToAssets,debtToEquity,roic,shareholdersEquityPerShare,roe,priceToSalesRatio,peRatio,pbRatio,payoutRatio,inventoryTurnover,dividendYield,assetTurnover,quickRatio,returnOnAssets,priceToFreeCashFlowsRatio,grossProfitMargin,epsdilutedGrowth,fiveYNetIncomeGrowthPerShare,fiveYRevenueGrowthPerShare,fiveYShareholdersEquityGrowthPerShare,grossProfitGrowth,netIncomeGrowth,operatingIncomeGrowth,threeYNetIncomeGrowthPerShare,threeYRevenueGrowthPerShare,threeYShareholdersEquityGrowthPerShare,Industry,Sector,Symbol
2023Q1,2023,Q1,2023-05-15,2023-03-31,370000.0,26620000.0,402000.0,0.03,4964000.0,0.1864763336,376807000.0,230749000.0,59656000.0,42018000.0,146058000.0,25077000.0,129904000.0,125916030.0,179824030.0,18.893719806763286,1.4197724784616117,0.16273583027916147,0.26574329682902204,0.0009783173205181702,18.893719806763286,0.0016034739045456318,4.730128850488355,85.07839864864866,0.5456839682945538,0.0,0.8635801730669538,0.0,0.07064624595615263,0.8072968727688133,0.000981935048977328,-4.258235711870139,0.1864763335837716,1.488599348534202,0.7396399101139951,0.9133719772493644,-0.052505259774014074,-0.16360572872788542,1.4894179894179893,2.7787610619469025,-0.9023520250327229,0.602995223089033,-0.014057599492384599,Oil & Gas Equipment & Services,Energy,NGS
2022Q4,2022,Q4,2023-03-31,2022-12-31,-756000.0,23821000.0,-226000.0,-0.0614,5935000.0,0.2491499097,328246000.0,230076000.0,54147000.0,30399000.0,98170000.0,23414000.0,129534000.0,141015300.0,162992300.0,18.697765136123525,1.7812099082206652,0.0772256173723366,0.11017663728507102,-0.001294565824007786,18.697765136123525,-0.0032858707557502738,5.919789261575921,-46.632043650793655,0.6129074740520525,0.0,0.7639019390108482,0.0,0.07257057207094679,0.9729925326491004,-0.0023031506857661634,-6.745529777565176,0.24914990974350362,-8.303030303030303,-1.0424438370436362,0.5012944795959831,-0.06118426715976696,1.3129384255650818,-8.45,-0.765625,0.6849661273239588,0.2905537364310215,-0.008318601683314691,Oil & Gas Equipment & Services,Energy,NGS
2022Q3,2022,Q3,2022-11-14,2022-09-30,-80000.0,20743000.0,-128000.0,-0.0066,2566000.0,0.1237043822,300113000.0,230259000.0,49806000.0,25572000.0,69854000.0,21761000.0,130290000.0,122407679.99999999,122097679.99999999,18.88607283464567,1.9476771468793994,0.007583810098196346,0.00988452134335683,-0.0002874782745452895,18.88607283464567,-0.00034743484510920314,5.901156052644265,-382.524,0.5316086667622112,0.0,0.8353016865033775,0.0,0.06911729915065326,1.0450101673705616,-0.0002665662600420508,-11.626869300911853,0.12370438220122451,-0.15789473684210523,-1.1613770979776954,0.37259344940410066,0.022142698365482927,-0.13544474393530997,-0.14285714285714285,-1.392638036809816,0.9929528460266862,0.07187735772999353,-0.009519947508133331,Oil & Gas Equipment & Services,Energy,NGS
2022Q2,2022,Q2,2022-08-15,2022-06-30,-70000.0,19926000.0,326000.0,-0.0057,2968000.0,0.1489511191,293478000.0,229756000.0,53358000.0,21284000.0,63722000.0,18478000.0,130370000.0,135355000.0,125817000.0,18.671759447379113,2.5069535801541063,0.0009881490265028384,0.0012622086039102353,-0.00032805516248994853,18.671759447379113,-0.00030467104232316023,6.792883669577437,-483.4107142857143,0.5891249847664479,0.0,0.9177400151531551,0.0,0.06789606035205364,1.5611257282465703,-0.00023851873053516788,-49.98338257016248,0.14895111914082104,-1.2150943396226415,-1.194646078829744,0.2811551208846913,0.0157177490538068,0.02912621359223301,-1.2077151335311573,-0.14659685863874344,-1.130394361462905,0.06903414400613378,-0.06602091411099038,Oil & Gas Equipment & Services,Energy,NGS
2022Q1,2022,Q1,2022-05-16,2022-03-31,337000.0,20336000.0,382000.0,0.0265,2884000.0,0.1418174666,294266000.0,233383000.0,58844000.0,18669000.0,60883000.0,17331000.0,130440000.0,149315670.0,133219670.0,18.615538007497808,3.15196314746371,0.0011214343485146092,0.0014139847375344392,0.0016872522166958518,18.615538007497808,0.001443978353179109,7.342430664830842,110.76830118694362,0.6397881165294815,0.0,1.0069817090762219,0.0,0.06910754215573664,2.1879050832931597,0.0011452223498467373,-46.41456947466584,0.1418174665617624,1.0616279069767443,0.36578204704550726,0.09877764251420705,0.015293503013685938,2.3878729547641964,1.0600285001781262,1.049182438521952,-0.016341768421494755,0.17785756473106845,-0.06963615154802928,Oil & Gas Equipment & Services,Energy,NGS
2021Q4,2021,Q4,2022-03-18,2021-12-31,-5614000.0,18029000.0,-7767000.0,-0.43,-2078000.0,-0.1152587498,298506000.0,235910000.0,65103000.0,20278000.0,62596000.0,19329000.0,130103000.0,137376870.0,114719870.0,17.97957472753601,3.210523720287997,0.0009547546782979236,0.001208087830104701,-0.023663683763299095,17.97957472753601,-0.02379721080072909,7.619772033945311,-6.117601977199858,0.5823274553855284,0.0,1.0402504009519375,0.0,0.06039744594748514,2.2126935595226356,-0.018806992154261556,70.84933986591027,-0.11525874979200178,-3.2999999999999994,-5.7227303427777,0.05330922450045095,-0.011777111312228628,-2.819614711033275,-3.466189339697693,-3.9692898272552783,-18.821318324098502,0.11080932916094738,-0.09722399314119616,Oil & Gas Equipment & Services,Energy,NGS
2021Q3,2021,Q3,2021-11-12,2021-09-30,-1257000.0,18245000.0,-1563000.0,-0.1,1142000.0,0.06259249109345026,304306000.0,244525000.0,69649000.0,15528000.0,59781000.0,21392000.0,135717000.0,136195980.0,112092980.0,18.63615578080939,4.48538124678001,0.0010548592535145544,0.0013127492076474797,-0.005455197106681479,18.63615578080939,-0.005140578672937327,7.464838585913949,-27.087505966587113,0.5569818218996013,0.0,0.7995044876589379,0.0,0.05995609682359204,3.062596599690881,-0.004130710534790638,196.53099567099568,0.06259249109345026,0.28571428571428575,-1.8073535768848537,0.09283915195668643,0.02771848304692464,2.6369426751592355,0.34462982273201254,0.3183602267771478,-6.267816567825675,0.10055899376641082,-0.06914981671947475,Oil & Gas Equipment & Services,Energy,NGS
2021Q2,2021,Q2,2021-08-16,2021-06-30,-1918000.0,17749000.0,-2293000.0,-0.14,314000.0,0.017691137528874867,306599000.0,247901000.0,72102000.0,14247000.0,58698000.0,21348000.0,136974000.0,136775400.0,110977400.0,18.63216835776024,5.060854916824595,0.0012230959657402666,0.001512700634527493,-0.007836657895325285,18.63216835776024,-0.007736959512063283,7.706090483970928,-17.827867570385816,0.5517339583140044,0.0,0.8167041409031291,0.0,0.057889947455797314,3.505299361269039,-0.006255728166106217,-61.30676826535186,0.017691137528874867,-3.6666666666666674,-2.455188900719032,-0.013962418481718693,0.0362937364444882,-0.862280701754386,-3.8680203045685277,-5.21409214092141,-8.56558111087275,-0.05005665466935304,-0.06527294095610987,Oil & Gas Equipment & Services,Energy,NGS
2021Q1,2021,Q1,2021-05-14,2021-03-31,-394000.0,18397000.0,-369000.0,-0.03,2280000.0,0.12393324998641082,307918000.0,251400000.0,75070000.0,11867000.0,56518000.0,19982000.0,138892000.0,125202720.0,94948720.0,18.954987559375706,6.325945900396056,0.0013932280672126994,0.0017064439140811456,-0.0021425223441357217,18.954987559375706,-0.0015672235481304694,6.805605261727456,-79.4433502538071,0.4980219570405728,0.0,0.8065759183264939,0.0,0.059746425996531544,4.630066571163732,-0.0012795614416825259,51.8223178807947,0.12393324998641082,0.7882578582844966,-1.147867130162374,-0.18687715630987942,0.05786876577909141,0.5510204081632653,0.7900905700586042,0.8350469378632096,-2.705824892977121,0.217640132825809,-0.04943276404847917,Oil & Gas Equipment & Services,Energy,NGS
2020Q4,2020,Q4,2021-03-31,2020-12-31,-1877000.0,16995000.0,-2237000.0,-0.14168176328502416,1470000.0,0.08649602824360106,306801000.0,251544000.0,72718000.0,10861000.0,55257000.0,19926000.0,139286000.0,125591040.0,97566040.0,18.98731884057971,6.695331921554184,0.0029334976091994485,0.003577902871863372,-0.008234638456130232,18.98731884057971,-0.007461915211652832,7.389881729920565,-16.727629195524774,0.4992806029958973,0.0,0.7791327913279132,0.0,0.05539421318704959,4.819721940889421,-0.00611797223607485,88.19595505617977,0.08649602824360106,-2.542044082125604,-1.5468388593313964,-0.37001363179796243,0.0721963411881017,-0.05283505154639175,-2.3398576512455516,-1.377258235919235,-1.09787874995415,-0.005148254954155654,-0.04664576101924132,Oil & Gas Equipment & Services,Energy,NGS
2020Q3,2020,Q3,2020-11-16,2020-09-30,-562000.0,15765000.0,-941000.0,-0.04,1552000.0,0.09844592451633365,304313000.0,252858000.0,66874000.0,7639000.0,51455000.0,17125000.0,141163000.0,111945599.99999999,85312599.99999999,19.086503623188406,8.754287210367849,0.0030429196255171483,0.0036621344786401853,-0.0028527519131460836,19.086503623188406,-0.002222591335848579,7.100894386298762,-49.79786476868327,0.44272121111453855,0.0,0.8299562043795621,0.0,0.0518052137108832,6.4178557402801415,-0.0018467827532836257,9.209839572192513,0.09844592451633365,-5.0,-1.2083985045273355,-0.29329372923244407,0.09326822859726876,-0.38290258449304176,-4.406060606060606,-5.358108108108108,-2.043308785422104,-0.03996080476540457,0.03299031442787419,Oil & Gas Equipment & Services,Energy,NGS
2020Q2,2020,Q2,2020-08-17,2020-06-30,165000.0,17405000.0,-148000.0,0.01,2515000.0,0.14449870726802644,301159000.0,252857000.0,58610000.0,4451000.0,48302000.0,15761000.0,141725000.0,82995990.0,68471990.0,19.10228903830173,13.167827454504605,0.0030781082418257465,0.00366610376616032,-0.00043257017467970144,19.10228903830173,0.0006525427415495715,4.768514220051709,125.75149999999998,0.32823291425588375,0.0,0.9447370090730284,0.0,0.057793391530719655,9.462368007189395,0.0005478833440142914,37.43617050067659,0.14449870726802644,-0.9666666666666667,-0.7446286799980019,-0.31738290265617286,0.1118407798220291,0.3313922710428798,-0.959578637922587,0.45787545787545786,-0.573495505023797,0.040273816839428475,0.03913796010704843,Oil & Gas Equipment & Services,Energy,NGS
2020Q1,2020,Q1,2020-05-11,2020-03-31,4082000.0,17890000.0,-273000.0,0.3,1889000.0,0.10558971492453885,302669000.0,252129000.0,58279000.0,7069000.0,50540000.0,19424000.0,141560000.0,58680220.0,46605220.0,19.163107091282207,8.244306125335974,0.0032246447439281856,0.0038710342721384686,0.009529626633705011,19.163107091282207,0.016190124896382406,3.2800570150922304,3.593840029397354,0.23273887573424715,0.0,0.8237747116968699,0.0,0.059107473841060694,5.455085584948366,0.013486680168765218,36.767055137844615,0.10558971492453885,2.5382903981264637,0.050190776264610694,-0.3127967866117066,0.11675533206592303,1.492084432717678,2.5932864949258394,0.8859649122807017,14.763812129701012,-0.07893268220389447,0.045157981439909185,Oil & Gas Equipment & Services,Energy,NGS
2019Q4,2019,Q4,2019-12-31,2019-12-31,-2562000.0,19706000.0,-2394000.0,-0.19502169445078785,758000.0,0.03846544199736121,286577000.0,247693000.0,42415000.0,5508000.0,38884000.0,21080000.0,137478000.0,161059620.0,150488620.0,18.85460911928142,7.700617283950617,0.0035627422996262785,0.0041220381682163,-0.010402039342607817,18.85460911928142,-0.010343449350607405,8.173125951486856,-15.716200234192037,0.6502388844254783,0.0,0.8988614800759013,0.0,0.06876336900728251,3.7578068264342774,-0.008940005652930976,-20.824879751745538,0.03846544199736121,0.7902992532787227,-1.6090287880650977,-0.3079046563690825,0.11952795009898473,-0.8165093197772937,0.7905493786788751,0.8234643462871469,-3.152636013575765,0.1498824957117576,0.03631796476248233,Oil & Gas Equipment & Services,Energy,NGS
2019Q3,2019,Q3,2019-09-30,2019-09-30,-12232000.0,20852000.0,-13561000.0,-0.93,4131000.0,0.19811049299827355,296996000.0,250491000.0,65417000.0,12729000.0,46505000.0,30289000.0,140989000.0,168284970.0,149666970.0,19.067595341402146,5.139209678686464,0.0029091300892941318,0.0034492257206845756,-0.048898770441753225,19.067595341402146,-0.048832093767839965,8.070447439094572,-3.4394410153695225,0.6718204246859169,0.0,0.552048598501106,0.0,0.07020969979393663,2.412286903920182,-0.04118573987528452,-17.107346752058554,0.19811049299827355,-24.25,-3.988042552650096,-0.2273524852563335,0.1546711710381883,0.26137404580152673,-22.347294938917976,-23.86846543001686,-8.846874450942213,0.24747206678660946,0.05151085825315738,Oil & Gas Equipment & Services,Energy,NGS
2019Q2,2019,Q2,2019-06-30,2019-06-30,573000.0,19895000.0,593000.0,0.04,3275000.0,0.16461422467956774,304555000.0,262570000.0,76622000.0,6820000.0,41985000.0,30302000.0,153221000.0,214215539.99999997,185215539.99999997,19.991624790619767,11.234897360703812,0.0029912495279998687,0.003469550976882355,0.0016716901812081281,19.991624790619767,0.002182275202803062,10.767305353103794,93.46227748691098,0.8158416422287389,0.0,0.5484786482740414,0.0,0.0653248181773407,6.054838709677419,0.0018814335670076013,-21.466633931255632,0.16461422467956774,0.3333333333333334,-0.839719883154189,-0.14186907958380116,0.2371163287760366,0.21206513693560325,0.6050420168067226,1.8373205741626795,-0.5596041076202007,0.11964769104793414,0.1119046991242418,Oil & Gas Equipment & Services,Energy,NGS
2019Q1,2019,Q1,2019-03-31,2019-03-31,357000.0,17991000.0,209000.0,0.03,2702000.0,0.1501862042132177,304357000.0,261396000.0,90591000.0,8072000.0,42961000.0,35499000.0,152648000.0,230840880.00000003,191806880.00000003,20.008879363135335,11.22286917740337,0.0031476194074721462,0.0036649374894795637,0.0005564959394435041,20.008879363135335,0.0013657439287517788,12.830908787727198,161.65327731092438,0.8831079282008906,0.0,0.4306881883996732,0.0,0.059111503924667415,6.2301783944499505,0.0011729646434943176,-17.789833538840938,0.1501862042132177,2.389787234042553,-0.881611680955297,-0.23665469118062835,0.2604170897931133,0.07264787614132592,2.265957446808511,0.9716981132075472,-0.8639779749282616,-0.19270910319488135,0.11668596195057859,Oil & Gas Equipment & Services,Energy,NGS
2018Q4,2018,Q4,2019-03-18,2018-12-31,-282000.0,16160000.0,106000.0,-0.021586037966932026,2519000.0,0.15587871287128713,305401000.0,260181000.0,96399000.0,10946000.0,45220000.0,30974000.0,152291000.0,214772160.00000003,162561160.00000003,19.915875688916106,8.806778731956879,0.0013654179259399936,0.0016027304069090363,-0.0028676352082517907,19.915875688916106,-0.0010838608507154634,13.290356435643567,-190.4008510638298,0.8254721136439632,0.0,0.4404016271711758,0.0,0.05291403760956906,5.467476703818747,-0.0009233761513551036,-20.26726054543739,0.15587871287128713,-2.079301898346601,-1.0846005852913685,-0.33863789274482736,0.27852529560467887,0.0909484625378952,-2.194915254237288,3.409090909090909,-1.083314070248934,-0.39252908756889154,0.12463108796465296,Oil & Gas Equipment & Services,Energy,NGS
2018Q3,2018,Q3,2018-11-09,2018-09-30,236000.0,16396000.0,-44000.0,0.02,2309000.0,0.14082703098316662,298752000.0,259807000.0,95124000.0,5005000.0,38945000.0,19065000.0,152573000.0,271608610.0,208758610.0,20.020574863219544,19.005794205794206,0.0013958065552699228,0.001605037585592382,-0.0002934123723271896,20.020574863219544,0.0009083665952033625,16.565540985606244,287.7209851694915,1.0454245266678726,0.0,0.7388932599003409,0.0,0.054881640959725794,14.262337662337663,0.0007899528706083976,887.6098366013072,0.14082703098316662,0.0,-0.9338841136321644,-0.2869925173777082,0.30820653715573443,-0.08915187376725839,-0.044534412955465584,-1.1946902654867257,-0.9106599275473083,-0.24965862585588336,0.14677150138798775,Oil & Gas Equipment & Services,Energy,NGS
2018Q2,2018,Q2,2018-08-09,2018-06-30,247000.0,18204000.0,226000.0,0.02,2535000.0,0.13925510876730388,295712000.0,258395000.0,98846000.0,3428000.0,37317000.0,23042000.0,152337000.0,305926800.0,243853800.0,19.933271619223945,28.834889148191365,0.0014101558272914187,0.0016138083167243948,0.0007165631790707584,19.933271619223945,0.0009559008494746415,16.80547132498352,309.6425101214575,1.183950153834246,0.0,0.6800190955646211,0.0,0.061559896115139054,20.96411901983664,0.0008352721566929986,-122.3217912834866,0.13925510876730388,0.0,-0.9389511154094785,-0.1462427213820219,0.3296765057810871,0.06916912695065373,0.09777777777777778,-0.35428571428571426,-0.6096365224903453,-0.2709555489354459,0.160207774946987,Oil & Gas Equipment & Services,Energy,NGS
2018Q1,2018,Q1,2018-05-10,2018-03-31,225000.0,14718000.0,350000.0,0.02,2371000.0,0.16109525750781356,296360000.0,257634000.0,102378000.0,5023000.0,38726000.0,25749000.0,152090000.0,308142000.0,243421000.0,19.940712074303406,20.38184351980888,0.0014070724794169253,0.0016185751880574768,0.0011137672751668764,19.940712074303406,0.0008733319360022358,20.936404402772116,342.38,1.196045552993782,0.0,0.47951376752495245,0.0,0.049662572546902414,14.504678478996615,0.000759211769469564,-85.97712053571429,0.16109525750781356,-0.9861832959041814,-0.9464473412905737,-0.41661955081960145,0.36075732960292933,-0.059873116574147504,-0.9879692011549567,0.6129032258064516,-0.9410515923235907,-0.4242711394067305,0.1620712877141076,Oil & Gas Equipment & Services,Energy,NGS
2017Q4,2017,Q4,2018-03-09,2017-12-31,18702000.0,16660000.0,217000.0,1.4475232198142416,2522000.0,0.15138055222088836,298310000.0,257319000.0,108226000.0,7453000.0,40991000.0,26224000.0,151865000.0,338504000.0,269713000.0,19.916331269349847,14.521132429894003,0.0013978746941101538,0.0016205565854056638,0.05941920385405338,19.916331269349847,0.07268021405337344,20.318367346938775,4.5249705913806,1.3155033246670473,0.0,0.539124466137889,0.0,0.05584794341456874,10.430967395679593,0.06269317153296906,-61.223367697594504,0.15138055222088836,35.18808049535604,3.9574934131414654,-0.3302928844107892,0.3853361662115662,-0.14012956017729286,34.827586206896555,-0.6340640809443507,3.5204371479913283,-0.4050559408372967,0.18256970369467493,Oil & Gas Equipment & Services,Energy,NGS
2017Q3,2017,Q3,2017-11-03,2017-09-30,522000.0,15913000.0,593000.0,0.04,2933000.0,0.18431471124238044,294986000.0,237207000.0,111932000.0,5970000.0,57779000.0,28379000.0,133163000.0,364599200.0,292092200.0,18.47694344913538,18.749078726968175,0.0014136264093889202,0.0017579582390064375,0.00224986433044655,18.47694344913538,0.0022006095941519434,22.912034185885755,174.61647509578543,1.537050761571117,0.0,0.4573804573804574,0.0,0.053944932979870235,13.414907872696817,0.0017695755052782166,-5524.230303030303,0.18431471124238044,0.3333333333333334,-0.8091794350449195,-0.2141332379710281,0.3145914877770611,0.04600570613409415,0.392,0.4323671497584541,-0.8695155867144831,-0.3966287855157432,0.11890322547880677,Oil & Gas Equipment & Services,Energy,NGS
2017Q2,2017,Q2,2017-08-04,2017-06-30,375000.0,16218000.0,414000.0,0.03,2804000.0,0.17289431495868787,292774000.0,235870000.0,108505000.0,4948000.0,56904000.0,25431000.0,132641000.0,318850350.0,246229350.0,18.382822850907957,21.929062247372677,0.0014243068031997376,0.0017679230084368508,0.0015832288087883324,18.382822850907957,0.0015898588205367364,19.660275619681833,212.5669,1.3518054436766016,0.0,0.527466477920648,0.0,0.055394263151782606,16.008286176232822,0.0012808514417263829,-417.89036697247707,0.17289431495868787,0.4999999999999999,-0.8809913490764555,-0.369974767201552,0.3301539096270219,-0.17261729123635292,0.4880952380952381,0.20699708454810495,-0.8926275647731382,-0.2839498988078481,0.13756088142100747,Oil & Gas Equipment & Services,Energy,NGS
2017Q1,2017,Q1,2017-05-05,2017-03-31,252000.0,18902000.0,343000.0,0.02,3389000.0,0.17929319648714423,292441000.0,234763000.0,103475000.0,4827000.0,57678000.0,23900000.0,132266000.0,333544200.0,259591200.0,18.335129646985315,21.43671017194945,0.0014259286488556666,0.0017762594616698543,0.0010684048042370316,18.335129646985315,0.0010734229840307034,17.64597397100836,330.89702380952383,1.420769882817991,0.0,0.6490794979079498,0.0,0.06463525976179811,16.37683861611767,0.0008617122770063022,32.31704292219746,0.17929319648714423,-0.7792413793103448,-0.9317268121385955,-0.3189044381793413,0.34918543830447535,-0.08430154012429074,-0.7827586206896552,-0.6452947259565667,-0.9147348255140857,-0.18171610733038274,0.15498276196370675,Oil & Gas Equipment & Services,Energy,NGS
2016Q4,2016,Q4,2017-03-10,2016-12-31,1160000.0,16703000.0,967000.0,0.09059668853483287,3701000.0,0.22157696222235526,293524000.0,232954000.0,99759000.0,6500000.0,60570000.0,25833000.0,132014000.0,411648600.0,347971600.0,18.193845673227116,15.347538461538461,0.0014206674752320083,0.0017900529718313488,0.004874843313108867,18.193845673227116,0.004979523854494879,24.645189486918518,88.71737068965517,1.7670810546288107,0.0,0.503309720125421,0.0,0.056905057167386655,10.995692307692307,0.003951976669710143,177.9717250324254,0.22157696222235526,-0.24502759554305942,-0.6354262226255353,-0.14858495715127903,0.37054702800201056,-0.05682976554536188,-0.23127899271040425,-0.4695556774547449,-0.6449310018240458,-0.30253416413303774,0.16797736041776679,Oil & Gas Equipment & Services,Energy,NGS
2016Q3,2016,Q3,2016-11-04,2016-09-30,1509000.0,16181000.0,1823000.0,0.12,3924000.0,0.24250664359433904,291624000.0,230604000.0,92355000.0,5647000.0,61020000.0,24368000.0,130854000.0,312711030.0,251971030.0,18.133522057088935,16.354701611475118,0.0014299234630894577,0.0018082947390331478,0.006503334681632956,18.133522057088935,0.00654368527865952,19.325816080588343,51.80765904572564,1.3560520632773065,0.0,0.5029957321076822,0.0,0.05548583107014512,11.77421639808748,0.005174471236935232,34.87353964536634,0.24250664359433904,0.1999999999999999,-0.3522362675922675,-0.12454361406374022,0.3948070251445415,-0.025093167701863355,0.19857029388403494,-0.026695141484249868,-0.5686073963419899,-0.28195581553083654,0.1849006464006502,Oil & Gas Equipment & Services,Energy,NGS
2016Q2,2016,Q2,2016-08-05,2016-06-30,1259000.0,17194000.0,1873000.0,0.1,4025000.0,0.2340932883564034,288264000.0,228503000.0,84267000.0,3424000.0,59761000.0,24675000.0,129345000.0,291036100.0,239287100.0,17.979620741207018,24.61068925233645,0.0014465906252601783,0.0018249213358249125,0.005526292428188645,17.979620741207018,0.0055097744887375654,16.926608119111318,57.79112390786338,1.273664240732069,0.0,0.5336980749746707,0.0,0.05964671273554797,16.699182242990656,0.004367524213915022,32.006609479819645,0.2340932883564034,-0.5,-0.39915524776337247,0.1976277986907003,0.40597644230736324,-0.3647411616161616,-0.50452577725305,-0.5027873639500929,-0.6826045829035099,-0.17749479274212138,0.19935551670208335,Oil & Gas Equipment & Services,Energy,NGS
2016Q1,2016,Q1,2016-05-06,2016-03-31,2541000.0,21576000.0,3767000.0,0.2,6336000.0,0.2936596218020022,288365000.0,226628000.0,79690000.0,4550000.0,61737000.0,25095000.0,128086000.0,273576240.0,230938240.0,17.91808981657179,17.514285714285716,0.0014460839560973071,0.0018400197680780838,0.011141334547449103,17.91808981657179,0.011212206788216814,12.679655172413794,26.916198347107436,1.2071599272817126,0.0,0.6072922893006575,0.0,0.07482184037591247,11.846593406593406,0.008811748998664886,33.812413793103445,0.2936596218020022,-0.22807445834604817,-0.020435053373345953,0.37964113505107094,0.42146832290846115,-0.15531262498333556,-0.22459566676838572,-0.18867111781175963,-0.3822057802073129,-0.12639590298029738,0.22273326847759622,Oil & Gas Equipment & Services,Energy,NGS
2015Q4,2015,Q4,2016-03-11,2015-12-31,3277000.0,25755000.0,4643000.0,0.2590923466160658,7501000.0,0.291244418559503,285553000.0,223981000.0,73204000.0,4568000.0,61572000.0,27722000.0,125545000.0,282050400.0,246935400.0,17.70880771663504,16.02539404553415,0.0014603243530973233,0.0018617650604292328,0.01440801726951006,17.70880771663504,0.0146307052830374,10.951287128712872,21.517424473603906,1.2592603836932599,0.0,0.6584662001298608,0.0,0.0901934141823059,9.772110332749563,0.011475978189688079,51.75236697247706,0.291244418559503,0.29546173308032886,0.6020565363385478,0.5291330831690219,0.43172390083093676,0.16078613432373878,0.2790788446526151,0.2224855186940495,-0.11265768717040481,0.057577316339446585,0.23178568675925795,Oil & Gas Equipment & Services,Energy,NGS
2015Q3,2015,Q3,2015-11-06,2015-09-30,2562000.0,21193000.0,3798000.0,0.2,6462000.0,0.30491199924503376,287682000.0,219729000.0,69949000.0,11726000.0,67953000.0,28085000.0,122268000.0,242909800.0,213348800.0,17.458207532178612,5.965290806754221,0.0014495171752142992,0.0018977922804909685,0.011598032948735867,17.458207532178612,0.011659817320426525,11.461793988581135,23.703142076502733,1.1054972261285492,0.0,0.5245148655866121,0.0,0.07366814746838524,3.2010063107624083,0.008905666673618787,30.740293596557834,0.30491199924503376,3.0000000000000004,0.14477406128603432,0.4312472638231416,0.4270070194599283,-0.20886385896180215,3.1726384364820848,3.132752992383025,-0.04469193620950035,0.06757633968704839,0.24211080024284698,Oil & Gas Equipment & Services,Energy,NGS
2015Q2,2015,Q2,2015-08-07,2015-06-30,614000.0,24230000.0,919000.0,0.05,8168000.0,0.33710276516714816,281997000.0,216117000.0,60532000.0,8895000.0,65880000.0,27245000.0,119706000.0,287052780.0,265937780.0,17.18077748628667,6.8051714446318154,0.0014787391355227182,0.0019295104040866753,0.002829424786253737,17.18077748628667,0.0028410536885113157,11.846998761865455,116.87816775244299,1.32822859839809,0.0,0.5895393650211048,0.0,0.08592289988900591,3.482293423271501,0.002177328127604194,22.352653792244197,0.33710276516714816,-0.8275862068965517,-0.6173481009347349,0.9590826427361395,0.4277700166426171,-0.02471641791044776,-0.8337845154304278,-0.8411957836530154,-0.801239526194451,-0.03987351594524527,0.2431756824924949,Oil & Gas Equipment & Services,Energy,NGS
2015Q1,2015,Q1,2015-05-08,2015-03-31,3694000.0,24741000.0,5787000.0,0.29,8375000.0,0.33850693181358876,281720000.0,214564000.0,51160000.0,7696000.0,67156000.0,27478000.0,119092000.0,240326880.0,232123880.0,17.159628918746,6.647609147609147,0.0014801930995314496,0.0019434760724073004,0.017067889183951118,17.159628918746,0.017216308420797525,9.713709227597914,16.264677855982676,1.120070841334054,0.0,0.5956037557318582,0.0,0.08782124094845946,2.371231808731809,0.013112310095129916,82.50150360453141,0.33850693181358876,-0.09436563436563444,1.6211429351405204,1.0733902479113862,0.4447524605508919,-0.08699444020494931,-0.07742257742257742,-0.1361397223466189,0.02480971197540619,-0.08711884626400891,0.26268654269849007,Oil & Gas Equipment & Services,Energy,NGS
2014Q4,2014,Q4,2015-03-13,2014-12-31,4004000.0,27101000.0,6699000.0,0.3202175303902751,9173000.0,0.3384745950333936,283563000.0,210587000.0,55927000.0,14100000.0,72976000.0,32624000.0,115398000.0,288092160.0,282328160.0,16.841570697376838,3.9664539007092197,0.0014705726769712552,0.0019801792133417543,0.01898161058224113,16.841570697376838,0.019013519353046484,10.630314748533264,17.987772227772226,1.3680434214837573,0.0,0.5495340853359489,0.0,0.09557311779040284,1.1765248226950356,0.014120318941469796,258.8429110512129,0.3384745950333936,0.06739176796758377,1.2755564021039987,0.7923814850752475,0.43433889695600575,0.0963308234731684,0.031161473087818695,0.1470890410958904,0.28860024051562766,0.41458436813225924,0.26867980968651345,Oil & Gas Equipment & Services,Energy,NGS
2014Q3,2014,Q3,2014-11-07,2014-09-30,3883000.0,25599000.0,5840000.0,0.3,8367000.0,0.32684870502754015,278208000.0,205774000.0,51779000.0,21032000.0,72434000.0,31350000.0,111394000.0,299936270.0,295280270.0,16.51344193884921,2.461915176873336,0.0014988785369220152,0.002026495086842847,0.01843123748085082,16.51344193884921,0.018870216839833993,11.716718231180906,19.31085951583827,1.4576004257097595,0.0,0.549665071770335,0.0,0.0920138888888889,0.6934670977558007,0.013957183114791811,-31.049303312629398,0.32684870502754015,0.111111111111111,0.4262478805230625,0.5171687459746204,0.42489466196554,0.07614147909967846,0.14711964549483014,0.14847590953785644,0.7010871138930602,0.4134613343158932,0.2701925612194605,Oil & Gas Equipment & Services,Energy,NGS
2014Q2,2014,Q2,2014-08-08,2014-06-30,3385000.0,21952000.0,5085000.0,0.27,7775000.0,0.35418185131195334,267818000.0,200964000.0,53709000.0,15128000.0,66854000.0,28302000.0,107511000.0,411134160.0,397132160.0,16.159858475394017,3.5503040719196193,0.0016317051131738718,0.0021745188192910173,0.01666308112181093,16.159858475394017,0.01684381282219701,18.72877915451895,30.364413589364847,2.045809995820147,0.0,0.5009186629920147,0.0,0.08196611131440008,1.4246430460074035,0.012639180338886856,-64.16952707975652,0.35418185131195334,0.1739130434782609,0.14630291493561243,0.27409843920956456,0.4222349921041036,0.10992148465381871,0.18522408963585435,0.1657496561210454,0.6509194406036196,0.5626067860234049,0.2636740593394571,Oil & Gas Equipment & Services,Energy,NGS
2014Q1,2014,Q1,2014-05-06,2014-03-31,2856000.0,22322000.0,4362000.0,0.23,7005000.0,0.3138159663112624,258367000.0,196419000.0,54020000.0,10256000.0,61948000.0,25764000.0,104126000.0,372922220.0,352812220.0,15.874808049785823,5.267160686427457,0.0019236202765833099,0.0025303051130491448,0.014493678083050956,15.874808049785823,0.014540344874986635,16.70648776991309,32.64375175070028,1.8986056338745234,0.0,0.5945117217823319,0.0,0.08639648252292281,2.653471138845554,0.011054043279520991,-97.52150104602511,0.3138159663112624,-0.09857776369971488,-0.26478805011830386,0.08957098704611637,0.4288366914303237,-0.008913412563667233,-0.09534368070953436,-0.11878787878787879,0.12546920848783183,0.45906671111561087,0.2593717860568345,Oil & Gas Equipment & Services,Energy,NGS
2013Q4,2013,Q4,2014-03-14,2013-12-31,3157000.0,23142000.0,4950000.0,0.25515234785419866,7068000.0,0.3054187192118227,256589000.0,192737000.0,60645000.0,12191000.0,63852000.0,26832000.0,101270000.0,341123610.0,317257610.0,15.577224601955871,4.9745714051349355,0.0022487324086379384,0.0029937168265563954,0.015869291327816833,15.577224601955871,0.016379833659338892,14.740455016852476,27.013272885650935,1.7698916658451673,0.0,0.5990608228980322,0.0,0.09019092790415802,2.558690837503076,0.012303723074644664,-100.41907859876362,0.3054187192118227,-0.05499130424370874,-0.21540004122453818,0.02891658700966362,0.443803929952077,-0.022406639004149378,-0.06982911019446081,-0.027122641509433963,0.5776941773107509,0.4045314345517558,0.25938940261245835,Oil & Gas Equipment & Services,Energy,NGS
2013Q3,2013,Q3,2013-11-08,2013-09-30,3394000.0,21865000.0,5088000.0,0.27,7230000.0,0.33066544706151385,249900000.0,188834000.0,63336000.0,10636000.0,61066000.0,27545000.0,98113000.0,330931980.0,303951980.0,15.303833373855255,5.954870251974427,0.0029891956782713085,0.003955855407394855,0.017483420681395374,15.303833373855255,0.017973458169609286,15.13523805168077,24.376250736593988,1.7525020917843186,0.0,0.5313123978943547,0.0,0.08749499799919969,3.1124482888303873,0.013581432573029212,-187.178721719457,0.33066544706151385,-0.12903225806451607,-0.3087124457757129,-0.1411233010851863,0.4631725180548132,-0.08237085924609722,-0.11706555671175858,-0.1293634496919918,0.5468929359617739,0.506189016035843,0.25091179085160725,Oil & Gas Equipment & Services,Energy,NGS
2013Q2,2013,Q2,2013-08-09,2013-06-30,3844000.0,20258000.0,5844000.0,0.31,7879000.0,0.3889327673018067,244394000.0,184630000.0,63923000.0,10894000.0,59764000.0,26203000.0,94718000.0,301249360.0,272766360.0,14.991068528743098,5.867725353405544,0.0034657151975907756,0.004587553485349076,0.021008943439105587,14.991068528743098,0.020820018415208797,14.87063678546747,19.592180020811654,1.6316381953095382,0.0,0.47242682135633324,0.0,0.08289074199857607,3.272168165962915,0.01572870037725967,-134.9683512544803,0.3889327673018067,-0.03125000000000003,0.13196457677596285,0.020791338574668215,0.4916289644522544,-0.013027683828134786,-0.03755633450175263,-0.04774319700179241,1.446782230284713,0.6729091108607143,0.24579916012870798,Oil & Gas Equipment & Services,Energy,NGS
2013Q1,2013,Q1,2013-05-10,2013-03-31,3994000.0,23983000.0,6137000.0,0.32,7983000.0,0.3328607763832715,236071000.0,179982000.0,61880000.0,8781000.0,56089000.0,24767000.0,90874000.0,231884160.0,201500160.0,14.654127992183684,7.047033367498007,0.0037997043262408344,0.004983831716504984,0.021035619910668425,14.654127992183684,0.022191107999688858,9.668688654463578,14.514531797696543,1.2883741707504084,0.0,0.6460209149271208,0.0,0.10159231756547818,4.180731124017766,0.01691863888406454,71.96901303538175,0.3328607763832715,0.09593951274152897,0.11741180171384283,0.246412036383014,0.5005646276069091,2.87218574108818,0.11845421450574069,0.11117146478363209,1.8852386798791452,1.0461957658544847,0.2338021745217474,Oil & Gas Equipment & Services,Energy,NGS
2012Q4,2012,Q4,2012-12-31,2012-12-31,3571000.0,23548000.0,5523000.0,0.2919869174161897,-4264000.0,-0.181076949210124,232751000.0,175825000.0,62036000.0,11786000.0,56926000.0,26509000.0,86880000.0,200816600.00000003,173627600.00000003,14.37653311529027,5.263533005260479,0.0038539039574480884,0.005101663585951941,0.02040266736917507,14.37653311529027,0.020309967297028296,8.527968404960083,14.058849061887427,1.1421390587231623,0.0,1.049153117809046,0.0,0.10117249764770077,2.9507042253521125,0.015342576401390327,-71.21156028368796,-0.181076949210124,0.39041389245804625,-0.02361319950895066,0.19315007463435627,0.5189753689306078,-1.418860510805501,0.3702993092862625,0.30198019801980197,1.0749416762012496,0.5922881681801284,0.22440008839844938,Oil & Gas Equipment & Services,Energy,NGS
2012Q3,2012,Q3,2012-09-30,2012-09-30,2606000.0,19290000.0,4242000.0,0.21,10180000.0,0.527734577501296,230128000.0,171896000.0,61955000.0,14413000.0,58232000.0,26652000.0,83309000.0,182716200.0,152719200.0,14.055273916598528,4.29854992021092,0.004028193005631648,0.005392795643877693,0.015240687794476366,14.055273916598528,0.015160329501559083,9.472068429237947,17.528415195702223,1.0629462000279237,0.0,0.34181299714843166,0.0,0.08382291594243203,2.404426559356137,0.011324132656608496,418.11487414187644,0.527734577501296,-0.125,-0.22914805161583088,0.02089922772615541,0.5373453299493285,-0.07226829490567757,-0.13133333333333333,-0.12155725823151792,-0.0247219007365759,0.16484879252663398,0.21278682241943295,Oil & Gas Equipment & Services,Energy,NGS
2012Q2,2012,Q2,2012-06-30,2012-06-30,3000000.0,24508000.0,4829000.0,0.24,10973000.0,0.4477313530275828,223833000.0,168826000.0,62438000.0,12804000.0,55007000.0,26729000.0,80703000.0,181041120.0,151586120.0,13.820072036673215,4.876444860980944,0.004543565962123548,0.006023953656427328,0.017453738656059304,13.820072036673215,0.017769774797720732,7.387021380773625,15.08676,1.0723533105090448,0.0,0.5063788394627559,0.0,0.10949234473915821,2.7398469228366134,0.013402849445792175,184.54752293577982,0.4477313530275828,-0.17241379310344826,0.11958666898324492,0.3731870252834364,0.5602097197842717,-0.021927087975755415,-0.14481185860889395,-0.14105300604766988,0.03422175219311449,0.44806631358625615,0.21630954094582971,Oil & Gas Equipment & Services,Energy,NGS
2012Q1,2012,Q1,2012-03-31,2012-03-31,3508000.0,26376000.0,5622000.0,0.29,11219000.0,0.42534880194115865,220432000.0,165374000.0,59771000.0,14605000.0,55058000.0,26586000.0,77704000.0,160630800.0,132209800.0,13.58977730298299,4.092502567613831,0.0046136677070479784,0.0061496970503223,0.020948727668522377,13.58977730298299,0.02121252433877151,6.090036396724295,11.447462941847206,0.9713183450844751,0.0,0.570112089069435,0.0,0.11965594831966321,2.228141047586443,0.015914204834143863,12.305101884479853,0.42534880194115865,0.16700066137566133,0.2968543319529334,0.5642599766075669,0.57406970249669,0.13506677458518818,0.16005291005291006,0.20462824083994,-0.0818068241071506,0.30903567516526753,0.22316895914411367,Oil & Gas Equipment & Services,Energy,NGS
2011Q4,2011,Q4,2012-03-14,2011-12-31,3024000.0,18645000.0,4667000.0,0.24850028761607362,9884000.0,0.5301153124161974,212164000.0,161542000.0,49503000.0,12312000.0,50622000.0,26965000.0,74195000.0,175963740.0,160590740.0,13.27487879036897,4.020711500974659,0.004793461661733376,0.006295576382612572,0.018219886353700802,13.27487879036897,0.01871958995183915,9.437583266291231,14.547266865079367,1.0892754825370494,0.0,0.32490265158538845,0.0,0.0878801304651119,1.792478882391163,0.014253124941083313,202.48991944764097,0.5301153124161974,0.3805571534226313,0.291880159024769,0.11571124998360867,0.5820823222165803,0.12882594792142532,0.3554459883460332,0.2810870161954433,-0.23585529563429652,-0.15712768593450147,0.23040674169682804,Oil & Gas Equipment & Services,Energy,NGS
2011Q3,2011,Q3,2011-11-09,2011-09-30,2231000.0,17701000.0,3643000.0,0.18,8756000.0,0.49466131856957235,202680000.0,158336000.0,44973000.0,10106000.0,44344000.0,23869000.0,71171000.0,156256570.0,141712570.0,13.000738976927499,4.450128636453592,0.009458259325044405,0.0121071645109135,0.014095854690193588,13.000738976927499,0.014090289005658852,8.827556070278515,17.509700806813086,0.9868669790824575,0.0,0.3747538648456156,0.0,0.08733471482139334,2.0199881258658223,0.011007499506611408,-492.9229337539432,0.49466131856957235,0.10151394422310747,-0.0732306823664877,0.014752169034129741,0.5775258779896808,0.07859078590785908,0.11105577689243028,0.13066418373680944,-0.5396217432786405,-0.2955543774207432,0.2429777246491523,Oil & Gas Equipment & Services,Energy,NGS
2011Q2,2011,Q2,2011-08-09,2011-06-30,2008000.0,13758000.0,3222000.0,0.16341145833333334,8118000.0,0.5900566942869603,197982000.0,155745000.0,45084000.0,9315000.0,42237000.0,22765000.0,68940000.0,196812640.0,181951640.0,12.78799573035553,4.8399355877616745,0.010101928458142659,0.012841503740087964,0.01266259434363073,12.78799573035553,0.012892869755048317,14.305323448175606,24.503565737051794,1.263685126328293,0.0,0.24774873709641995,0.0,0.06949116586356335,2.3232420826623725,0.01014233617197523,-84.68702237521515,0.5900566942869603,-0.18294270833333334,0.6305871196158408,-0.1269296584285486,0.5914560046516891,0.013862869988759834,-0.1958350020024029,-0.0321417843196155,-0.40204126332659534,-0.298942298751499,0.27242062779692844,Oil & Gas Equipment & Services,Energy,NGS
2011Q1,2011,Q1,2011-05-10,2011-03-31,2497000.0,15054000.0,3329000.0,0.2,8007000.0,0.5318852132323635,194309000.0,153470000.0,47317000.0,9064000.0,40839000.0,19827000.0,66933000.0,216228000.00000003,199071000.00000003,12.605338809034908,5.220322153574581,0.010292884014636482,0.013031862904802242,0.013273830788519727,12.605338809034908,0.016270280836645598,14.363491430848946,21.648778534241092,1.4089268260897896,0.0,0.3554244212437585,0.0,0.07747453797816879,2.9082082965578113,0.012850665692273647,-191.35221238938055,0.5318852132323635,0.2366683595733875,0.16863972724807247,-0.1199566638023884,0.2861123994437526,-0.002367306254672315,0.2681564245810056,-0.015380065069506064,-0.2952682161563167,-0.21075804867287873,0.29077114284299016,Oil & Gas Equipment & Services,Energy,NGS
2010Q4,2010,Q4,2011-03-10,2010-12-31,1969000.0,16213000.0,3381000.0,0.16172484599589323,8026000.0,0.4950348485783014,188769000.0,150591000.0,48338000.0,7904000.0,38178000.0,21489000.0,64435000.0,230229250.0,213092250.0,12.368870636550309,6.115637651821863,0.010594959977538685,0.013281006169027365,0.01287331507916722,12.368870636550309,0.013075150573407442,14.200286806883366,29.231748349415945,1.5288380447702716,0.0,0.38098562055004886,0.0,0.08588804305791735,3.0890688259109313,0.010430738097886836,-97.3073753169907,0.4950348485783014,-0.10152863335614866,0.12763990743456868,-0.0660284785957502,1.6161690923970713,0.04071576763485477,-0.08546214584300975,0.0053523639607493305,-0.45920178089087726,-0.17479487703783125,0.3068526109696668,Oil & Gas Equipment & Services,Energy,NGS
2010Q3,2010,Q3,2010-11-03,2010-09-30,2153000.0,14245000.0,3363000.0,0.18,7712000.0,0.5413829413829414,187789000.0,148131000.0,53125000.0,11256000.0,39658000.0,22825000.0,62468000.0,178835160.0,159633160.0,12.23414271555996,4.719705046197584,0.019495284601334477,0.0247146107161904,0.014129265174918833,12.23414271555996,0.014534432360545734,12.554240786240786,20.765810496980954,1.2072770723211212,0.0,0.28622124863088716,0.0,0.0758564133149439,2.4877398720682304,0.011464995287263897,538.6601204819277,0.5413829413829414,0.3846153846153845,0.23966171247649856,-0.2818282461590999,1.1198006582351654,0.130791788856305,0.3944300518134715,0.40476190476190477,-0.3567280154367361,-0.2385048424030383,0.3381526593721048,Oil & Gas Equipment & Services,Energy,NGS
2010Q2,2010,Q2,2010-08-05,2010-06-30,1544000.0,11901000.0,2394000.0,0.13,6820000.0,0.573061087303588,184083000.0,145651000.0,53384000.0,10393000.0,38432000.0,23316000.0,60316000.0,183133520.0,164305520.0,12.033294778585592,5.136534205715385,0.027188822433358864,0.03436296352239257,0.010197398390175794,12.033294778585592,0.010600682453261564,15.388078312746828,29.6524481865285,1.2573447487487213,0.0,0.21791902556184595,0.0,0.06465018497090987,2.6024247089387087,0.008387520846574643,60.760955540809555,0.573061087303588,0.18181818181818185,-0.17763323568236938,-0.43612953462997356,1.675477762080966,0.03317679139524315,0.13196480938416422,0.07450628366247755,-0.41845427309500577,-0.32701500091205316,0.35849244669335156,Oil & Gas Equipment & Services,Energy,NGS
2010Q1,2010,Q1,2010-05-10,2010-03-31,1364000.0,11549000.0,2228000.0,0.11,6601000.0,0.5715646376309638,180907000.0,143738000.0,50956000.0,8865000.0,37169000.0,23508000.0,58771000.0,192058740.0,176290740.0,11.877210378449844,5.74799774393683,0.0323370571619672,0.04069904965979769,0.009533433717716285,11.877210378449844,0.009489487818113512,16.629902156030827,35.201381964809386,1.3361723413432771,0.0,0.2104815381997618,0.0,0.06383943131001012,2.86497461928934,0.007539785635713378,32.497248730964465,0.5715646376309638,-0.2183088667058132,-0.15589022355498247,-0.4184839654468341,1.7337538000428823,-0.07445316881660123,-0.1990604815032296,-0.22206703910614525,-0.49295824482326683,-0.3112809064154622,0.3757073857857423,Oil & Gas Equipment & Services,Energy,NGS
2009Q4,2009,Q4,2010-03-04,2009-12-31,1703000.0,14634000.0,2864000.0,0.14072054205916376,7132000.0,0.4873582069154025,186871000.0,142098000.0,56203000.0,15900000.0,44773000.0,24037000.0,57407000.0,228122700.00000003,218300700.00000003,11.741695587506197,3.5347798742138363,0.07061020704122095,0.09285844980224915,0.01087900052820585,11.741695587506197,0.011984686624723783,15.588540385403856,33.48835877862596,1.6053899421525992,0.0,0.3121021758122894,0.0,0.07831070631612182,1.9076100628930817,0.009113238544236398,37.384906588003936,0.4873582069154025,-0.36036117245834653,0.42703580536211583,0.7172487552452506,2.4492479508137115,-0.17975848188614146,-0.35565645100264853,-0.31987651389218713,-0.2684351475105284,-0.1194577121455494,0.39935959606043653,Oil & Gas Equipment & Services,Energy,NGS
2009Q3,2009,Q3,2009-11-06,2009-09-30,2643000.0,16380000.0,4211000.0,0.22,8695000.0,0.5308302808302808,184122000.0,140195000.0,51826000.0,14303000.0,43927000.0,26650000.0,55704000.0,213149140.0,202456140.0,11.589237000909316,3.6234356428721246,0.0382300865730331,0.050208637968543815,0.018563784756729415,11.589237000909316,0.018852312849958985,13.01276800976801,20.16166666666667,1.520376190306359,0.0,0.28836772983114445,0.0,0.08896275295727833,1.6796476263720899,0.01435461270244729,31.01704598370198,0.5308302808302808,-0.0833333333333333,1.7251664219350247,0.9684931717242018,1.9459064333943712,-0.056941431670282,-0.07973537604456825,-0.09069315482617145,0.10535858829789156,-0.05461211308994269,0.40625246822782346,Oil & Gas Equipment & Services,Energy,NGS
2009Q2,2009,Q2,2009-08-10,2009-06-30,2872000.0,16757000.0,4631000.0,0.24,9220000.0,0.5502178194187504,180918000.0,137427000.0,45963000.0,6872000.0,43491000.0,27445000.0,53061000.0,160863500.0,164059500.0,11.362298470442331,6.688445867287544,0.08226378801445959,0.10829749612521557,0.019765376295438064,11.362298470442331,0.020898367860755166,9.599779196753596,14.002741991643456,1.1705378128024333,0.0,0.2746219712151576,0.0,0.09262207187786732,2.5445285215366704,0.015874595120441305,16.64047791455467,0.5502178194187504,-0.22580645161290325,2.503504223277295,0.9768593116417877,2.6583480936087738,-0.12953172205438065,-0.24361337898340796,-0.2354300808981344,1.3483914594449569,0.07076941500822814,0.41402910266122067,Oil & Gas Equipment & Services,Energy,NGS
2009Q1,2009,Q1,2009-05-08,2009-03-31,3797000.0,20025000.0,6057000.0,0.31,10592000.0,0.5289388264669164,179753000.0,134368000.0,42996000.0,9437000.0,45385000.0,29496000.0,50189000.0,108846000.0,121833000.0,11.11030262940301,4.556108932923599,0.08749784426407348,0.11705167897118361,0.026192272842816493,11.11030262940301,0.028258216241962373,5.435505617977528,7.166578878061628,0.8100589426053821,0.0,0.31980607540005423,0.0,0.11140286949313781,1.3841263113277524,0.021123430485165757,-21769.2,0.5289388264669164,-0.046742115971515806,-0.16023456144228396,1.3504037998350582,2.4495164738134436,-0.021524249422632796,-0.03433367243133265,-0.07229284729667637,0.7889644326985779,0.17848396428594657,0.13357508193321965,Oil & Gas Equipment & Services,Energy,NGS
2008Q4,2008,Q4,2008-12-31,2008-12-31,3932000.0,21979000.0,6529000.0,0.32520056240178646,10825000.0,0.49251558305655396,181050000.0,130450000.0,47032000.0,15923000.0,50600000.0,31931000.0,46392000.0,122481830.00000001,137904830.0,10.789016623935158,2.95371475224518,0.09153272576636289,0.12703717899578382,0.02772963532218698,10.789016623935158,0.030141816788041394,5.572675280949999,7.787501907426247,0.9389178229206594,0.0,0.3493157120040086,0.0,0.12139740403203535,0.9275890221691893,0.02171775752554543,-50.73812344656173,0.49251558305655396,-0.1869985939955339,2.363850242599831,1.6417992984786676,2.788511852322185,-0.06640793445450625,-0.18270629806692995,-0.12338882921589689,1.2674879040771028,0.2749258563328773,1.2820104323420742,Oil & Gas Equipment & Services,Energy,NGS
2008Q3,2008,Q3,2008-09-30,2008-09-30,4811000.0,24946000.0,7448000.0,0.4,11595000.0,0.4648039765894332,174332000.0,126464000.0,47513000.0,14638000.0,47868000.0,29270000.0,42460000.0,211229770.0,221945770.0,10.459349929699776,3.245866921710616,0.09990707385907349,0.1377229883603239,0.03372260205420547,10.459349929699776,0.03804244686234818,8.467480558005292,10.9763962793598,1.6702758887904858,0.0,0.4561325589340622,0.0,0.14309478466374503,1.2145784943298266,0.02759676938255742,-29.843143543373834,0.4648039765894332,0.48148148148148145,4.171057044830452,1.7860350240309888,2.7477758330552975,0.28919279519679786,0.44344434443444347,0.44761904761904764,1.7739888188266173,0.25943853015116886,0.812283654128904,Oil & Gas Equipment & Services,Energy,NGS
2008Q2,2008,Q2,2008-06-30,2008-06-30,3333000.0,19478000.0,5145000.0,0.27,8994000.0,0.4617517198891057,163687000.0,121486000.0,48307000.0,17970000.0,42201000.0,30101000.0,37649000.0,368442240.0,378963240.0,10.050132362673725,2.6882025598219252,0.06971231679974586,0.09392851851242118,0.025335637656086995,10.050132362673725,0.0274352600299623,18.91581476537632,27.63593159315932,3.032795877714305,0.0,0.34829407660875056,0.0,0.11899539975685301,0.9928213689482471,0.020362032415524752,-43.3206631393298,0.4617517198891057,-0.06896551724137918,3.2654443254669587,1.439088805592122,2.6102044527979187,0.00739247311827957,-0.052317315894228035,-0.05648267008985879,0.7775754003186959,-0.07590904897378507,1.2345422543919717,Oil & Gas Equipment & Services,Energy,NGS
2008Q1,2008,Q1,2008-03-31,2008-03-31,3517000.0,18933000.0,5453000.0,0.29,8928000.0,0.4715575978450325,155211000.0,118019000.0,51278000.0,14106000.0,37192000.0,24490000.0,34317000.0,263815549.99999997,273809550.0,9.765742656185354,3.6351906989933362,0.07799060633589114,0.10256823053915047,0.0270677761939244,9.765742656185354,0.02980028639456359,13.934165214176303,18.752882428205858,2.235365068336454,0.0,0.4085340955492038,0.0,0.12198233372634672,1.8846590103502057,0.022659476454632725,-10992.314583333333,0.4715575978450325,-0.03025733259546224,10.992207784012374,2.2470354670636095,2.62461355600081,0.03898522052833702,-0.02684006640841173,0.08625498007968127,1.1795529395052848,-0.04534326294524693,1.2477614899393543,Oil & Gas Equipment & Services,Energy,NGS
2007Q4,2007,Q4,2008-03-07,2007-12-31,3614000.0,19502000.0,5020000.0,0.29904840711625985,8593000.0,0.4406214747205415,153233000.0,114380000.0,55222000.0,16646000.0,38853000.0,20769000.0,30799000.0,236986850.0,251291850.0,9.46462556888705,3.3174336176859307,0.09495343692285604,0.12720755376814127,0.028250187912547475,9.46462556888705,0.03159643294282217,12.151925443544252,16.393666989485332,2.0719255988809233,0.0,0.5252539843035293,0.0,0.12727023552367964,1.815931755376667,0.02358499800956713,-40.09929780033841,0.4406214747205415,0.06803002541521365,17.613437444992208,2.7406623732344144,2.5363251682350185,0.01524102079395085,0.08300869044051544,-0.040519877675840976,2.0326260704139996,1.2917107687706557,1.7803344163886912,Oil & Gas Equipment & Services,Energy,NGS
2007Q3,2007,Q3,2007-11-06,2007-09-30,3337000.0,18651000.0,5232000.0,0.28,8464000.0,0.45380944721462657,144857000.0,110369000.0,54320000.0,12101000.0,34488000.0,21122000.0,27185000.0,219106799.99999997,231879799.99999997,9.142561298873426,4.488885216097843,0.10213520920632072,0.13405032210131468,0.026333860773230744,9.142561298873426,0.03023493915864056,11.747723982628276,16.414953551093795,1.9852204876369268,0.0,0.482293343433387,0.0,0.12875456484671088,2.6996116023469137,0.02303651187032729,-246.74189189189187,0.45380944721462657,0.2727272727272728,1.5157283793543388,0.683488551856167,3.7690688498546057,0.1745767416042187,0.26114890400604684,0.2656023222060958,2.447867173109528,1.2460560571556538,1.3239778551375205,Oil & Gas Equipment & Services,Energy,NGS
2007Q2,2007,Q2,2007-08-07,2007-06-30,2646000.0,17624000.0,4134000.0,0.22,7206000.0,0.40887426236949614,142394000.0,106852000.0,56581000.0,14475000.0,35542000.0,20057000.0,23848000.0,215686440.0,228789440.0,8.857829727265191,3.9088773747841103,0.10982906583142549,0.14636132220267287,0.02126213354450531,8.857829727265191,0.0247632238984764,12.238222877893781,20.378537414965987,2.0185531389211246,0.0,0.5194196539861395,0.0,0.12376925994072784,2.493678756476684,0.018582243633860976,-52.13595358955765,0.40887426236949614,0.0,2.031664190525029,1.0194175695799776,3.876592412010781,0.012078651685393259,-0.013054830287206266,-0.01641684511063526,2.236373187530376,1.0846565858695905,1.8519779321542693,Oil & Gas Equipment & Services,Energy,NGS
2007Q1,2007,Q1,2007-05-10,2007-03-31,2681000.0,16712000.0,4203000.0,0.22,7120000.0,0.4260411680229775,140016000.0,104129000.0,57253000.0,15496000.0,35887000.0,19276000.0,21202000.0,170904370.0,178140370.0,8.633529558079761,3.694695405265875,0.11772940235401669,0.15830364259716315,0.021956470054465115,8.633529558079761,0.025746910082685898,10.226446266156055,15.936625326370757,1.6412754371980909,0.0,0.497613612782735,0.0,0.11935778768140784,2.427981414558596,0.019147811678665295,43.855368231973316,0.4260411680229775,0.14371551724137938,6.7603244892585685,0.729266770500836,3.9592644845279836,0.04598207727339503,0.15560344827586206,0.20914844649021863,-0.4054329186893251,0.9669124512798152,1.6805302637693935,Oil & Gas Equipment & Services,Energy,NGS
