Quarters,Year,Quarter,FillingDate,Date,NetIncome,Revenue,OperatingIncome,EPSDiluted,GrossProfit,GrossProfitRatio,TotalAssets,CommonStockEquity,CurrentAssets,CurrentLiability,TotalLiability,Inventory,RetainedEarnings,MarketCap,EnterpriseValue,bookValuePerShare,currentRatio,debtToAssets,debtToEquity,roic,shareholdersEquityPerShare,roe,priceToSalesRatio,peRatio,pbRatio,payoutRatio,inventoryTurnover,dividendYield,assetTurnover,quickRatio,returnOnAssets,priceToFreeCashFlowsRatio,grossProfitMargin,epsdilutedGrowth,fiveYNetIncomeGrowthPerShare,fiveYRevenueGrowthPerShare,fiveYShareholdersEquityGrowthPerShare,grossProfitGrowth,netIncomeGrowth,operatingIncomeGrowth,threeYNetIncomeGrowthPerShare,threeYRevenueGrowthPerShare,threeYShareholdersEquityGrowthPerShare,Industry,Sector,Symbol
2023Q1,2023,Q1,2023-05-10,2023-03-31,-27932000.0,74537000.0,-12537000.0,-0.32,56572000.0,0.7589787622,1581438000.0,871155000.0,140534000.0,52983000.0,678283000.0,0.0,-239572000.0,582205543.2,932498543.2,9.830700543560198,2.6524356869184453,0.2795126966722692,0.5074091292594315,-0.011225931923001056,9.830700543560198,-0.03206318049026867,7.810960237197634,-5.210918867249034,0.6683145286430084,-0.0019332665043677501,0.0,9.275074865003448e-05,0.047132419987378577,2.3839910914821734,-0.017662405987462045,81.97768842579556,0.7589787622254719,-2.470715835140998,-34651.94504198049,0.0,3295.7076850424805,-0.020856049985288262,-2.4209430496019597,-7.668617021276596,-2.455514778133542,-0.19804412134675178,0.4658240310462259,Software—Infrastructure,Technology,RPAY
2022Q4,2022,Q4,2023-03-01,2022-12-31,-8165000.0,72673000.0,1880000.0,-0.0922,57777000.0,0.7950270389,1626800000.0,894562000.0,116652000.0,82107000.0,698507000.0,0.0,-213180000.0,712579849.8000001,1109561849.8000002,10.105848631590087,1.4207314845262888,0.2839175067617408,0.516316364880243,0.001336007078329162,10.105848631590087,-0.009127371831130765,9.805290132511388,-21.81812154929578,0.7965684321489177,0.0,0.0,0.0,0.044672362921072045,1.1989111768789507,-0.005019055815097123,63.937453458749765,0.7950270389277999,-2.844,-114.45380493638535,0.0,3377.672033588903,0.05199794396372549,-2.3968719307096777,-0.6695090064069547,0.7823322193771513,0.48882543506142406,0.4701934682506834,Software—Infrastructure,Technology,RPAY
2022Q3,2022,Q3,2022-11-09,2022-09-30,5845203.0,71555099.0,5688506.0,0.05,54921210.0,0.7675373351,1639896578.0,899220522.0,113515133.0,74830567.0,704989874.0,-262.0,-206507727.0,626472757.0799999,1025008602.0799999,10.13371581377369,1.516962085827841,0.28177583952492397,0.5138708733784881,0.004544711365111496,10.13371581377369,0.006500299823006041,8.755109919979287,26.794311381486665,0.6966842301225861,0.0,-63488.12595419848,0.0,0.043633909576948945,1.3100581611255198,0.003564372947914036,47.72806853820129,0.7675373351101087,5.201680672268908,-0.5212534953913223,0.0,-0.6876464566023266,0.08318694426382413,5.321006755912625,2.3583332152589844,1.142388418449259,-0.2550250457197612,0.3683692650943901,Software—Infrastructure,Technology,RPAY
2022Q2,2022,Q2,2022-08-09,2022-06-30,-1352741.0,67434781.0,1693848.0,-0.0119,50703353.0,0.7518872642,1641281485.0,893933845.0,106374955.0,70668430.0,711066872.0,0.0,-212352930.0,1142412210.8999999,1543906136.8999999,10.05508326911214,1.5052684062742019,0.2814073985608873,0.5166699477633045,-0.000989707623799798,10.05508326911214,-0.0015132450880635357,16.94099386042345,-211.12914647001904,1.2779605753712122,0.0,0.0,0.0,0.04108666405872482,1.3128380947475415,-0.0008241980503423519,270.5127684497965,0.751887264229419,-1.1081818181818182,-20.87619915581768,0.0,-0.7367535246794122,-0.005799043626241319,-1.1049745176591554,-0.8856860257050005,-1.21622615662883,0.0,-0.6847110939014146,Software—Infrastructure,Technology,RPAY
2022Q1,2022,Q1,2022-05-10,2022-03-31,12886375.0,67564055.0,14817506.0,0.11,50999099.0,0.7548259056,1667875148.0,889076068.0,112417299.0,83343376.0,740557580.0,0.0,-212362342.0,1308735064.35,1704718007.35,10.033851680196253,1.3488450359870232,0.2765788323863196,0.5188520730714349,0.008377332848251729,10.033851680196253,0.014494119753991624,19.370285936064672,25.38989949365124,1.4720169752111696,0.0,0.0,0.0,0.04050906033405326,1.1953922288917118,0.00772622280237969,211.4944508798027,0.7548259055795274,1.5499999999999998,15989.532541973,0.0,3363.8340520705065,0.08049375793024925,1.7407075833523256,2.1822027633893635,1.238922527748355,0.0,-0.6852134199079859,Software—Infrastructure,Technology,RPAY
2021Q4,2021,Q4,2022-03-01,2021-12-31,-17397385.0,62200287.0,-12533811.0,-0.2,47199809.0,0.7588358716,1685839066.0,874002841.0,95711434.0,92347762.0,772803275.0,0.0,-226015886.0,1615637768.22,2025154747.22,9.883423264276926,1.036423968780099,0.2726037071204043,0.5258174887328542,-0.004533733687280563,9.883423264276926,-0.019905410124404846,25.974763882038037,-23.216675497783143,1.8485497900343781,0.0,0.0,0.0,0.03689574423469909,0.9018562030772332,-0.010319718738799236,106.49549093629601,0.7588358716094027,-1.4154589371980677,-245.24546605818458,0.0,3303.3089201584708,0.029716719420954784,-1.7764578754415072,-0.210388114184178,-1.8476609147494065,0.0,-0.6892995727501964,Software—Infrastructure,Technology,RPAY
2021Q3,2021,Q3,2021-11-09,2021-09-30,-6266036.0,61125384.0,-10355200.0,-0.0828,45837664.0,0.7498957225,1645404518.0,882194905.0,157068312.0,62660005.0,722557476.0,0.0,-210260747.0,2032931657.8200002,2355986404.82,9.993916216513021,2.5066757016696695,0.26713240008254313,0.498235543538987,-0.0059345092024130405,9.993916216513021,-0.007102779628952856,33.25838669283452,-81.10915967527157,2.3044019482520137,0.0,0.0,0.0,0.03714915288691337,2.345938880790067,-0.0038082039592406175,238.89120411560046,0.7498957225364834,0.5129411764705882,-1.5159024035058117,0.0,-0.6919555274675847,0.28428932355157827,0.48928303362505,0.4199010596082584,-1.5159024035058117,0.0,-0.6919555274675847,Software—Infrastructure,Technology,RPAY
2021Q2,2021,Q2,2021-08-09,2021-06-30,-12269097.0,48411871.0,-17850748.0,-0.17,35691073.0,0.7372380423,1645170086.0,869177815.0,161028219.0,69537753.0,734195638.0,0.0,-203994711.0,1917939687.3999999,2236842719.3999996,10.894521245830079,2.3156948859132678,0.26702629456879146,0.5054243958124955,-0.010336825372768818,10.894521245830079,-0.014115750296733011,39.617136206117706,-39.08070185197818,2.2066137150543814,0.0,0.0,0.0,0.029426666222522112,2.1829620235212372,-0.007457646540261735,290.98905212569787,0.7372380422975183,0.2608695652173913,-220.10015215971467,0.0,-0.7147766715090301,0.01841553231884048,0.22317500913802107,-0.2615188630156048,-220.10015215971467,0.0,-0.7147766715090301,Software—Infrastructure,Technology,RPAY
2021Q1,2021,Q1,2021-05-10,2021-03-31,-15793901.0,47520496.0,-14150203.0,-0.23,35045688.0,0.7374857367,1409111091.0,647871546.0,420897314.0,60954841.0,717839743.0,0.0,-191725614.0,1798632781.32,1845032146.32,8.457548454618978,6.905067868194423,0.3103524979635548,0.675012121924552,-0.009710963371777648,8.457548454618978,-0.024378136526465078,37.84962137853106,-28.470369374228696,2.7762182062553493,0.0,0.0,0.0,0.033723739954581056,6.805347585108129,-0.011208414369083977,-4021.501834125575,0.7374857366808629,-0.7692307692307693,-22666.00197495476,0.0,2835.2236102518914,0.1689212277964778,-0.7700444161327212,-0.6102702358847045,-22666.00197495476,0.0,2835.2236102518914,Software—Infrastructure,Technology,RPAY
2020Q4,2020,Q4,2021-03-01,2020-12-31,-8922884.0,41438344.0,-8787471.0,-0.13,29981223.0,0.7235140236,1109978140.0,509313721.0,119365727.0,65435677.0,553796069.0,0.0,-88647808.0,1939276770.0,2115224045.0,7.156688056058136,1.8241689010109883,0.24061489625372262,0.5243865695893946,-0.0077342328740774196,7.156688056058136,-0.017519425909988395,46.7990895099476,-54.334360112716915,3.8076271854454906,-1.3784780795088224e-05,0.0,6.342570689381278e-08,0.037332576657770934,1.7183397368991842,-0.008038792547752336,211.53389709597448,0.7235140236299018,0.5,-155.93567387544732,0.0,2391.6839466542438,0.10458484961937588,0.06094674805304146,0.4787781178261319,-155.93567387544732,0.0,2391.6839466542438,Software—Infrastructure,Technology,RPAY
2020Q3,2020,Q3,2020-11-10,2020-09-30,-9502000.0,37634537.0,-16859367.0,-0.26,27142526.0,0.7212132303,1094687902.0,521214889.0,203430977.0,56332689.0,531069878.0,0.0,-79441366.0,1360957591.5,1436734949.5,8.999949717757241,3.6112420800647382,0.23574559884009752,0.4951275576473411,-0.017609670521469445,8.999949717757241,-0.018230484586176127,36.16246405529049,-35.807135116291306,2.611125699250698,-0.1574758998105662,0.0,0.0010994729074186584,0.03437923898788095,3.5162575676087466,-0.008680099581478704,-205.2650839848428,0.721213230283662,0.35000000000000003,-2.1924544603690395,0.0,-0.7225927550759375,-0.022732567103112427,0.24752374572574562,-1.8335489667746347,-2.1924544603690395,0.0,-0.7225927550759375,Software—Infrastructure,Technology,RPAY
2020Q2,2020,Q2,2020-08-10,2020-06-30,-12627641.0,36500525.0,-5949912.0,-0.4,27773898.0,0.7609177676,980130436.0,397793240.0,184780777.0,59332898.0,422492654.0,0.0,-69938145.0,1028921402.64,1122712013.6399999,9.522250655940539,3.11430560833216,0.26496983713706446,0.6528642920126043,-0.007323111911115945,9.522250655940539,-0.03174423225492721,28.189222008176593,-20.370419990558805,2.5865733732428433,0.0,0.0,0.0,0.037240477041976076,3.036186450896095,-0.012883633173901355,-249.7616651467019,0.7609177676211507,-1.352941176470588,-433.5916335781784,0.0,-0.7507033154070695,-0.03197289486268282,-2.6793354047908475,-0.5325937278639964,-433.5916335781784,0.0,-0.7507033154070695,Software—Infrastructure,Technology,RPAY
2020Q1,2020,Q1,2020-05-11,2020-03-31,-3432044.0,39462537.0,-3882250.0,-0.17,28691240.0,0.7270500627,829827879.0,252334809.0,52739251.0,66746386.0,378395096.0,0.0,-57310504.0,539916296.15,753661046.15,6.706603477187897,0.7901439188033341,0.29699816821893016,0.9767077359509286,-0.006609930450350983,6.706603477187897,-0.013601151635008865,13.681743172011469,-39.32906280848964,2.1396821876842207,0.0,0.0,0.0,0.0475550870230524,0.7178637057592901,-0.004135850441823972,93.1632741321229,0.7270500626961718,0.5952380952380952,-10027.301792040924,0.0,2248.0473721388435,0.1785323326579007,0.7811281855580636,0.7116756204609195,-10027.301792040924,0.0,2248.0473721388435,Software—Infrastructure,Technology,RPAY
2019Q4,2019,Q4,2020-03-16,2019-12-31,-15680612.0,20404703.0,-13464869.0,-0.42,24344890.0,1.193101904,782042151.0,254353036.0,43882522.0,51709437.0,321527080.0,0.0,-53878460.0,542096059.6,730920768.6,6.873822289262772,0.8486366231370881,0.272929924208139,0.8391592581580194,-0.02514150225282461,6.873822289262772,-0.061649006619288,26.567211470806512,-8.64277586231966,2.1312741853806694,0.0,0.0,0.0,0.026091564212886012,0.7590405016399617,-0.020050852732105485,89.26358564270167,1.1931019040071302,0.0869565217391305,-529.4129283903126,0.0,2297.113892186606,0.38647405724178974,0.012559899002925933,0.04819139053345203,-529.4129283903126,0.0,2297.113892186606,Software—Infrastructure,Technology,RPAY
2019Q3,2019,Q3,2019-11-14,2019-09-30,-15880064.0,37155767.0,-14146614.0,-0.46,17558850.0,0.4725740152,768818261.0,254208586.0,62205736.0,34862028.0,300751374.0,0.0,-46137789.0,457567272.91,616232042.9100001,7.40568797639186,1.7843407159216325,0.265548187857104,0.8031132984627042,-0.02635063255846876,7.40568797639186,-0.062468637467658156,12.314838579701505,-7.203485970050247,1.7999678142657227,-0.01171009134472002,0.0,0.00040640362851426294,0.04832841372897619,1.6674280107858326,-0.020655159750426377,153.11436443624387,0.47257401522622317,-2.642857142857143,-4.36225733681621,0.0,-0.7717330026583671,0.0,-29.27143314936799,-11.881449550908018,-4.36225733681621,0.0,-0.7717330026583671,Software—Infrastructure,Technology,RPAY
2019Q2,2019,Q2,2019-07-10,2019-06-30,561700.0,0.0,-1098216.0,0.28,0.0,0.0,266494276.0,254562654.0,57855.0,2241622.0,11931622.0,0.0,2597470.0,82934122.9,83491983.9,31.891649451084987,0.02580943620289237,0.0021083604812585166,0.0022071815766031414,-0.01702551025958922,31.891649451084987,0.0022065294778078485,0.0,36.912107397187114,0.32579061223961003,0.0,0.0,0.0,0.0,0.001786652700589127,0.0021077375785737325,9.625013683018203,0.0,0.07692307692307698,102.17276973742821,0.0,-0.16506267671126018,0.0,0.08517576872251803,-0.09358575790104696,102.17276973742821,0.0,-0.16506267671126018,Software—Infrastructure,Technology,RPAY
2019Q1,2019,Q1,2019-05-15,2019-03-31,517612.0,0.0,-1004234.0,0.26,0.0,0.0,265024959.0,254000954.0,248454.0,1334005.0,11024005.0,0.0,2035770.0,81439439.48,81596926.48,31.87509352293003,0.1862466782358387,0.0011956081464764984,0.0012474992515185592,-0.015558529895389098,31.87509352293003,0.002037834865769835,0.0,39.334211475004444,0.3206265102453119,0.0,0.0,0.0,0.0,0.11947406493978659,0.0019530688805804136,-305.81265646533114,0.0,0.13043478260869565,7142.17274886344,0.0,10688.25508541992,0.0,-0.7201250108140843,-0.06890033230370984,7142.17274886344,0.0,10688.25508541992,Software—Infrastructure,Technology,RPAY
2018Q4,2018,Q4,2019-03-26,2018-12-31,1849440.0,0.0,-939502.0,0.23,0.0,0.0,263494089.0,253483342.0,239430.0,320747.0,10010747.0,0.0,1518158.0,78889476.60000001,78780658.60000001,31.810137345999326,0.7464761946331532,0.0,0.0,-0.015066303947312015,31.810137345999326,0.007296100743377449,0.0,10.663968093044382,0.311221542124058,0.0,0.0,0.0,0.0,0.3392642799464999,0.007018905080637312,-142.2490548822818,0.0,-0.23333333333333328,291.4999649901069,0.0,10634.031787393715,0.0,0.723442561233352,-4.493200023387709,291.4999649901069,0.0,10634.031787393715,Software—Infrastructure,Technology,RPAY
2018Q3,2018,Q3,2018-11-13,2018-09-30,1073108.0,0.0,-171030.0,0.3,0.0,0.0,262733379.0,253028373.0,873191.0,15006.0,9705006.0,0.0,1063189.0,75885671.12,75117953.12,32.44309542175398,58.18945755031321,0.0,0.0,-0.0014595930319958202,32.44309542175398,0.004241057978110621,0.0,17.67894543699236,0.29990973036055524,0.0,0.0,0.0,0.0,51.16073570571771,0.004084399188578167,-188.09141908187118,0.0,61.5,0.0,0.0,0.0,0.0,234.89450741063644,-3.20851891040626,0.0,0.0,0.0,Software—Infrastructure,Technology,RPAY
2018Q2,2018,Q2,2018-08-10,2018-06-30,-4588.0,0.0,-40639.0,0.0048,0.0,0.0,261918993.0,251955266.0,1302942.0,273727.0,9963727.0,0.0,-9918.0,63654285.35,62483116.35,38.19645925692574,4.760005406846968,0.0,0.0,0.001106104843472606,38.19645925692574,-1.8209581696141252e-05,0.0,-3468.5203438317353,0.2526412182629277,0.0,0.0,0.0,0.0,4.278602403124281,-1.751686636944271e-05,-21232.249949966645,0.0,0.0,0.0,0.0,0.0,0.0,-75.46666666666667,-676.3166666666667,0.0,0.0,0.0,Software—Infrastructure,Technology,RPAY
2018Q1,2018,Q1,2018-03-31,2018-03-31,-60.0,0.0,-60.0,0.0,0.0,0.0,197270.0,19670.0,3763.0,177600.0,177600.0,0.0,-5330.0,63654285.35,63828122.35,0.0029819751954846194,0.021188063063063062,0.9002889440867846,9.028978139298424,-0.0003041516702995894,0.0029819751954846194,-0.003050330452465684,0.0,-265226.18895833334,3236.1100838840875,0.0,0.0,0.0,0.0,0.021188063063063062,-0.0003041516702995894,-1060904.7558333334,0.0,1.0,0.0,0.0,0.0,0.0,0.9886148007590133,0.9886148007590133,0.0,0.0,0.0,Software—Infrastructure,Technology,RPAY
2017Q4,2017,Q4,2017-12-31,2017-12-31,-5270.0,0.0,-5270.0,-0.0008,0.0,0.0,176330.0,19730.0,25817.0,156600.0,156600.0,0.0,-5270.0,63654285.35,63785068.35,0.0029910712052319036,0.1648595146871009,0.8881075256621108,7.937151545869234,-0.02988714342426133,0.0029910712052319036,-0.26710593005575267,0.0,-3019.6530052182165,3226.268897617841,0.0,0.0,0.0,0.0,0.1648595146871009,-0.02988714342426133,-12078.612020872866,0.0,0.0,0.0,0.0,0.0,0.0,0.0,0.0,0.0,0.0,0.0,Software—Infrastructure,Technology,RPAY
