Year,Date,FillingDate,NetIncome,Revenue,OperatingIncome,EPSDiluted,GrossProfit,GrossProfitRatio,TotalAssets,CommonStockEquity,CurrentAssets,CurrentLiability,TotalLiability,Inventory,RetainedEarnings,EnterpriseValue,bookValuePerShare,currentRatio,debtToAssets,debtToEquity,roic,shareholdersEquityPerShare,roe,priceToSalesRatio,peRatio,pbRatio,payoutRatio,inventoryTurnover,dividendYield,assetTurnover,quickRatio,returnOnAssets,priceToFreeCashFlowsRatio,grossProfitMargin,epsdilutedGrowth,fiveYNetIncomeGrowthPerShare,fiveYRevenueGrowthPerShare,fiveYShareholdersEquityGrowthPerShare,grossProfitGrowth,netIncomeGrowth,operatingIncomeGrowth,threeYNetIncomeGrowthPerShare,threeYRevenueGrowthPerShare,threeYShareholdersEquityGrowthPerShare,Industry,Sector,Price,MarketCap,AvgVolume,Symbol
2022,2022-12-31,2023-02-28,43407000.0,553144000.0,56801000.0,3.34,112024000.0,0.2025223088,858154000.0,315793000.0,111266000.0,85489000.0,373586000.0,0.0,232948000.0,1315917550.0,24.31983057373893,1.3015241727005813,0.34415384651239755,0.9352233900054783,0.061385474952217696,24.31983057373893,0.13745396509738975,1.902171134460466,24.23974358974359,3.331848869354292,0.49118805722579306,0.0,0.02026374806347483,0.644574283869795,1.17206892114775,0.05058183030085509,20.922558611227107,0.20252230883820488,-0.25612472160356353,0.8880173564753004,0.2932357205252843,0.49219621758563314,-0.04401699919782902,-0.25062150403977623,-0.260143540046631,-0.25528762789630066,0.12743537407482677,0.29121631752087873,Medical Care Facilities,Healthcare,118.505,1745483846,117524,USPH
2021,2021-12-31,2022-03-01,57924000.0,495022000.0,76773000.0,4.49,117182000.0,0.2367207922,749426000.0,295606000.0,95166000.0,83481000.0,296983000.0,0.0,223573000.0,1426913900.0,22.91874709257249,1.1399719696697452,0.2976638120374793,0.7546430045398267,0.09746588287552807,22.91874709257249,0.19595001454638944,2.489594199853744,21.276222291278224,4.1690760674681835,0.32395898073337476,0.0,0.015226339351895915,0.6605348626815722,1.0898647596459075,0.07729115349614238,18.069113701341543,0.23672079220721504,0.09779951100244508,1.7315756083491078,0.34553987417694004,0.5275254263290259,0.24067760719957648,0.10350345773561181,0.4647701906015683,0.6311216274002092,0.07095421410541493,0.34427215575504505,Medical Care Facilities,Healthcare,118.505,1745483846,117524,USPH
2020,2020-12-31,2021-03-01,52491000.0,422969000.0,52413000.0,4.09,94450000.0,0.223302417,594361000.0,276160000.0,87636000.0,93492000.0,184391000.0,0.0,212015000.0,1621482750.0,21.516166731593298,0.9373636246951611,0.1867417276705571,0.4019119351100811,0.08810441897235585,21.516166731593298,0.19007459443800695,3.6489878690873327,29.403302470899774,5.588820792294323,0.07829913699491341,0.0,0.002662936827331062,0.7116365306606591,0.8970072305651821,0.0883150139393399,16.71151576508294,0.22330241696199957,-0.08908685968819606,1.274755295894875,0.23262227752581818,0.6379171185177023,-0.16025036897416292,-0.0832707521961613,-0.22264738598442715,1.3098146874405752,0.00044704383805037903,0.3201713110820133,Medical Care Facilities,Healthcare,118.505,1745483846,117524,USPH
2019,2019-12-31,2020-02-28,57259000.0,481969000.0,67425000.0,4.49,112474000.0,0.2333635566,560845000.0,240257000.0,85386000.0,60563000.0,181394000.0,0.0,184352000.0,1572933600.0,18.834822828472877,1.4098707131416872,0.2457595235760326,0.5736898404625047,0.11713423379300296,18.834822828472877,0.2383239614246411,3.0264365550481465,25.474573429504535,6.071201255322425,0.2541958469410922,0.0,0.009978414266465549,0.8593622123759684,1.3143173224576061,0.1020941614884683,27.911911823800686,0.23336355657729024,2.427480916030534,1.6298154899253934,0.5130872526374977,0.5730450539749326,0.10634154018669525,0.6419292862673128,0.11789965845409026,1.7302744326388737,0.3246435812925355,0.25533348985812143,Medical Care Facilities,Healthcare,118.505,1745483846,117524,USPH
2018,2018-12-31,2019-03-18,34873000.0,453911000.0,60314000.0,1.31,101663000.0,0.2239712190275186,443166000.0,215945000.0,79214000.0,41946000.0,226291000.0,0.0,167396000.0,1312833100.0,17.049186799305225,1.8884756591808516,0.08988956734045482,0.18447289819166918,0.19127906924349697,17.049186799305225,0.16149019426242794,2.855989610298054,37.173890975826566,6.003218875176549,0.33447079402403007,0.0,0.008997465297391916,1.024245993600592,1.7846993753874028,0.07869060352102823,19.698004923114325,0.2239712190275186,-0.2556818181818182,1.6104514876674965,0.6371452864243227,0.6031205889782442,0.12189765717249523,0.5669033069734004,0.10206841105101594,0.5314243117834407,0.34044367846152784,0.2978684941302353,Medical Care Facilities,Healthcare,118.505,1745483846,117524,USPH
2017,2017-12-31,2018-03-14,22256000.0,414051000.0,54728000.0,1.76,90617000.0,0.21885468215268167,418982000.0,204866000.0,77081000.0,39551000.0,212912000.0,0.0,162406000.0,946393000.0,16.298011137629278,1.9489014184217845,0.14504680391997746,0.2966426835101969,0.16920932290123583,16.298011137629278,0.10863686507277928,2.1918894049283786,40.77794751976995,4.429988382650122,0.4522825305535586,0.0,0.011091351038064952,0.9882309979903672,1.8278931000480392,0.053119227078967594,18.36001699338472,0.21885468215268167,0.07317073170731714,0.1654350825252007,0.5423949275886458,0.6397613721825728,0.10492366970687217,0.08296433263588146,0.10487957523267316,0.037308330339500734,0.3191006601583092,0.3611758413208701,Medical Care Facilities,Healthcare,118.505,1745483846,117524,USPH
2016,2016-12-31,2017-06-07,20551000.0,356546000.0,49533000.0,1.64,82012000.0,0.23001800609178058,351231000.0,187548000.0,65964000.0,24617000.0,162543000.0,0.0,150342000.0,909276000.0,15.00384,2.679611650485437,0.14754677121324714,0.2763185957728155,0.1424880134598435,15.00384,0.10957728154925672,2.4611130120657645,42.698652133716124,4.6788022266299825,0.4140917716899421,0.0,0.009698005698005698,1.0151324911525463,2.4997359548279645,0.058511350080146685,20.50712783360598,0.23001800609178058,-0.07344632768361588,-0.07394101649661483,0.4218152937900307,0.6558339242776673,0.04659205472109851,-0.07756182952556219,0.04734215756755614,0.558794076868663,0.3030514199153216,0.4107983624600515,Medical Care Facilities,Healthcare,118.505,1745483846,117524,USPH
2015,2015-12-31,2016-03-04,22279000.0,331302000.0,47294000.0,1.77,78361000.0,0.23652437956909406,279913000.0,162785000.0,60182000.0,19007000.0,86803000.0,0.0,149016000.0,698534560.0,13.136297611362169,3.1663071499973694,0.17544737114746367,0.30168627330528,0.1526257341669623,13.136297611362169,0.13686150443836964,2.007843478155882,29.857828448314557,4.086387320699082,0.3343507338749495,0.0,0.011198092803491315,1.1835891866401347,2.8619455989898457,0.07959258769689154,19.016654088050313,0.23652437956909406,0.09259259259259253,0.33738692846300694,0.4729881013386687,0.4706102677167765,0.028805125579319128,0.06838344602695055,0.03334207306414962,0.1833972101233136,0.25187129412768827,0.3216577909235106,Medical Care Facilities,Healthcare,118.505,1745483846,117524,USPH
2014,2014-12-31,2015-03-12,20853000.0,305074000.0,45768000.0,1.62,76167000.0,0.24966729383690514,244551000.0,146280000.0,54851000.0,25504000.0,77337000.0,0.0,134186000.0,533971320.0,11.973479577637718,2.150682245922208,0.14564242223503482,0.24348509707410446,0.17126342288405796,11.973479577637718,0.14255537325676784,1.6803310672164786,24.582809188126408,3.5044115395132622,0.28163813360187984,0.0,0.011456710721975263,1.24748620942053,1.9081320577164367,0.08527055706171718,12.806988282909037,0.24966729383690514,0.5428571428571429,0.697600212535784,0.45097174135805945,0.6041490921455056,0.17721518987341772,0.6390002357934449,0.18050038689708536,-0.038565566496619054,0.24473886051153285,0.3214012996871714,Medical Care Facilities,Healthcare,118.505,1745483846,117524,USPH
2013,2013-12-31,2013-12-31,12723000.0,264058000.0,38770000.0,1.05,64701000.0,0.24502571404767134,224135000.0,128290000.0,49660000.0,23172000.0,73118000.0,0.0,119206000.0,453918380.0,10.634999585509409,2.1431037459002242,0.1850447275079751,0.32329098137033285,0.15529753874736416,10.634999585509409,0.09917374697949957,1.6107877057313167,33.43090308889413,3.3154679242341567,0.38025622887683724,0.0,0.011374392964070414,1.1781203292658442,1.9662523735542896,0.05676489615633435,10.591697295682057,0.24502571404767134,-0.304635761589404,0.2553443432375868,0.38871931756952516,0.5516976284758912,0.033810018375009986,-0.2905258462053198,0.025579980424834007,-0.21542044884363484,0.2060368772773158,0.19058962047922226,Medical Care Facilities,Healthcare,118.505,1745483846,117524,USPH
2012,2012-12-31,2013-03-12,17933000.0,252088000.0,37803000.0,1.51,62585000.0,0.24826647837263177,171714000.0,117323000.0,45322000.0,16307000.0,37055000.0,0.0,111321000.0,331445160.0,9.939257878685192,2.779297234316551,0.1050234692570204,0.1537124008080257,0.19656016627987358,9.939257878685192,0.15285152953811273,1.2895582495001745,18.12759493670886,2.770830612923297,0.5028160374728154,0.0,0.027737603318496472,1.4680689984509125,2.412890169865702,0.10443528192226609,9.284082821647866,0.24826647837263177,-0.13714285714285715,0.9892491954738918,0.6392393482348205,0.6673070364881308,-0.02958460608128014,-0.1449890340421474,0.05209985806128413,0.510967765131953,0.24091291255006145,0.3316138720836706,Medical Care Facilities,Healthcare,118.505,1745483846,117524,USPH
2011,2011-12-31,2012-03-09,20974000.0,237006000.0,35931000.0,1.75,64493000.0,0.27211547386985985,163252000.0,107049000.0,45667000.0,16324000.0,41672000.0,0.0,102405000.0,246733520.0,9.061198577958354,2.7975373682920854,0.14834121480900694,0.2262235051238218,0.19942270703490497,9.061198577958354,0.1959289671085204,0.9809857978279031,11.085130161151902,2.1718981027379987,0.18065223610184036,0.0,0.01629680783857102,1.451780070075711,2.4460916442048517,0.12847622081199617,7.8992803995515235,0.27211547386985985,0.3257575757575757,2.2963558515740266,0.7346803843977405,0.9079815439655088,0.08543009576383863,0.3406200063918185,0.08258511599879481,1.1130655406704761,0.27271994226420126,0.32207248637082303,Medical Care Facilities,Healthcare,118.505,1745483846,117524,USPH
2010,2010-12-31,2011-03-10,15645000.0,211233000.0,33190000.0,1.32,59417000.0,0.2812865414021483,140861000.0,103957000.0,39284000.0,14231000.0,24478000.0,0.0,89876000.0,227486160.0,8.932548547860456,2.760452533202164,0.04259518248486096,0.05771617110920862,0.22228914995876117,8.932548547860456,0.15049491616726146,1.0919939592771963,14.743698306168104,2.218851640582164,0.6123362096516459,0.0,0.04153206318630867,1.4995846969707727,2.49792706064226,0.11106693832927496,8.59152115613826,0.2812865414021483,0.32000000000000006,0.8232426795914027,0.6379242731176825,0.991636771129317,0.07698024288562624,0.32956573468173705,0.17478408608240126,0.7602025996091264,0.39316582557236246,0.49843189797483395,Medical Care Facilities,Healthcare,118.505,1745483846,117524,USPH
2009,2009-12-31,2010-03-12,11767000.0,201409000.0,28252000.0,1.0,55170000.0,0.27392023196580095,111429000.0,87352000.0,33019000.0,14764000.0,19204000.0,0.0,75632000.0,193115790.0,7.464069042125951,2.2364535356272013,0.012680720458767466,0.016175931861892114,0.22779478186815608,7.464069042125951,0.13470784870409377,0.983728582138832,16.837918755842608,2.268199812253869,0.8020735956488485,0.0,0.047634960548229036,1.8075097147062256,2.0360335952316446,0.10560087589406707,7.3197794443623465,0.27392023196580095,0.20481927710843378,0.7941247124185219,0.7333970376827496,0.7724914148542784,0.15896056971199293,0.1762295081967213,0.18328028145417993,0.8668883270517527,0.48812276868052035,0.571680153870929,Medical Care Facilities,Healthcare,118.505,1745483846,117524,USPH
2008,2008-12-31,2009-03-12,10004000.0,187686000.0,23876000.0,0.83,47603000.0,0.2536310646505333,118247000.0,81608000.0,38721000.0,14613000.0,30425000.0,0.0,69446000.0,162399310.0,6.853783488704123,2.6497639088482856,0.1166372085549739,0.16900303891775317,0.1516582747000461,6.853783488704123,0.12258602097833546,0.8456694159393882,15.865684726109555,1.9449111606705225,0.0,0.0,0.0,1.5872368855023806,2.522685280229932,0.0846025691983729,6.134592432265296,0.2536310646505333,0.10666666666666662,0.27299706797612844,0.6585040049700119,0.7562673538728445,0.2741361312598699,0.1250562303193882,0.1917144996256551,0.13951118743538116,0.4224595644171058,0.5281469945922257,Medical Care Facilities,Healthcare,118.505,1745483846,117524,USPH
TTM,,,,,,,,,,,,,,,,2012399846.0,24.419040307101728,1.2968194378694968,0.3450197954907519,0.9417181771878085,0.07374485779103901,24.419040307101728,0.13387973364574376,3.062526376921444,36.65378701526917,4.852975322111061,0.6396903421908765,0.0,0.014176617020378887,0.6565272131842461,1.1787346008609205,0.04850787960747679,34.592806809623845,0.20404106332320962,,,,,,,,,,,Medical Care Facilities,Healthcare,118.505,1745483846,117524,USPH
