Quarters,Year,Quarter,FillingDate,Date,NetIncome,Revenue,OperatingIncome,EPSDiluted,GrossProfit,GrossProfitRatio,TotalAssets,CommonStockEquity,CurrentAssets,CurrentLiability,TotalLiability,Inventory,RetainedEarnings,MarketCap,EnterpriseValue,bookValuePerShare,currentRatio,debtToAssets,debtToEquity,roic,shareholdersEquityPerShare,roe,priceToSalesRatio,peRatio,pbRatio,payoutRatio,inventoryTurnover,dividendYield,assetTurnover,quickRatio,returnOnAssets,priceToFreeCashFlowsRatio,grossProfitMargin,epsdilutedGrowth,fiveYNetIncomeGrowthPerShare,fiveYRevenueGrowthPerShare,fiveYShareholdersEquityGrowthPerShare,grossProfitGrowth,netIncomeGrowth,operatingIncomeGrowth,threeYNetIncomeGrowthPerShare,threeYRevenueGrowthPerShare,threeYShareholdersEquityGrowthPerShare,Industry,Sector,Symbol
2023Q1,2023,Q1,2023-06-01,2023-03-31,1574791.0,0.0,-895810.0,0.0,0.0,0.0,70808221.0,56173244.0,1376281.0,4572477.0,14634977.0,0.0,-13125050.0,0.0,-1072396.0,0.0,0.3009924380155439,0.0014119123258300756,0.0017797619094243515,-0.011499970195769706,0.0,0.02803453900579429,0.0,0.0,0.0,0.0,0.0,,0.0,0.2563973531195455,0.02224022829213574,0.0,0.0,0.0,1.0,0.0,-1.0,0.0,0.5510231216833247,-0.155780969178228,1.0,0.0,-1.0,Shell Companies,Financial Services,BRKHW
2022Q4,2022,Q4,2023-04-21,2022-12-31,1015324.0,0.0,-775069.0,0.0,0.0,0.0,296011458.0,284652248.0,208764.0,1296710.0,11359210.0,0.0,-10145752.0,0.0,-22232.0,0.0,0.1609951338387149,0.0,0.0,-0.0018759909890521296,0.0,0.0035668926106636615,0.0,0.0,0.0,0.0,0.0,,0.0,0.017144928318590897,0.003430015874588206,0.0,0.0,-1.0,1.0,0.0,1.0,1.0,0.5339931679768176,-0.9256181305030509,1.0,0.0,1.0,Shell Companies,Financial Services,BRKHW
2022Q3,2022,Q3,2022-11-14,2022-09-30,661883.0,0.0,-402504.0,0.023,-280519.0,0.0,294321959.0,283636924.0,734088.0,622535.0,10685035.0,0.0,-9420682.0,1558250.0,1077902.0,9.865632139130435,1.179191531399841,0.0,0.0,-0.0010269457259694684,9.865632139130435,0.002333557248702923,0.0,0.5885670125989034,0.005493819274390382,0.0,0.0,0.0,0.0,0.7715999903619877,0.00224884001944279,-11.033420661332578,0.0,6.187499999999999,0.0,0.0,11576.017306122449,-0.27480243036778174,6.0924647992970575,-0.8291562333843826,0.0,0.0,11576.017306122449,Shell Companies,Financial Services,BRKHW
2022Q2,2022,Q2,2022-08-15,2022-06-30,93322.0,0.0,-220049.0,0.0032,-220049.0,0.0,293247186.0,282975041.0,925568.0,209645.0,10272145.0,0.0,-9140143.0,2975625.0,2354047.0,9.842610121739131,4.414930000715495,0.0,0.0,-0.0004170720138867048,9.842610121739131,0.0003297888028223662,0.0,7.97139206189323,0.010515503379677925,0.0,0.0,0.0,0.0,2.964907343366167,0.00031823664285733335,-13.704663212435234,0.0,3.461538461538462,187.64400000000003,0.0,11549.001673469387,0.0,3.4460578737680856,-2.2581992093222976,187.64400000000003,0.0,11549.001673469387,Shell Companies,Financial Services,BRKHW
2022Q1,2022,Q1,2022-05-16,2022-03-31,-38152.0,0.0,-67537.0,-0.0013,0.0,0.0,293176080.0,282881719.0,1191689.0,231861.0,10294361.0,0.0,-8931863.0,4053749.9999999995,3215046.9999999995,9.839364139130435,5.13966988842453,0.0003027054594631322,0.00031372122706875945,-9.394974355597161e-05,9.839364139130435,-0.00013486908993224833,0.0,-26.563155273642273,0.014330194309940543,0.0,0.0,0.0,0.0,4.000021564644334,-0.0001301333996961826,-7.289619294406211,0.0,0.4347826086956522,0.0,0.0,0.0,0.0,0.41298293662394414,-0.01116916949888458,0.0,0.0,0.0,Shell Companies,Financial Services,BRKHW
2021Q4,2021,Q4,2022-03-31,2021-12-31,-64993.0,0.0,-66791.0,-0.0023,0.0,0.0,293741143.0,-8833859.0,1866026.0,700002.0,10762502.0,0.0,-8834941.0,6612500.0,5072952.0,-0.3072646608695652,2.6657438121605366,0.0,0.0,0.007457639346453055,-0.3072646608695652,0.0073572602868123655,0.0,-25.435431508008556,-0.7485403604472293,,0.0,,0.0,419.07444121588225,-0.0002212594372590155,0.0,0.0,0.0,0.0,0.0,0.0,0.0,0.0,0.0,0.0,0.0,0.0,Shell Companies,Financial Services,BRKHW
2021Q3,2021,Q3,2021-09-30,2021-09-30,0.0,0.0,0.0,0.0,0.0,0.0,191101.0,24500.0,25100.0,166601.0,166601.0,0.0,-500.0,6612500.0,6687491.0,0.0008521739130434783,0.15065935978775638,0.5237596872857808,4.08534693877551,,0.0008521739130434783,0.0,0.0,0.0,269.8979591836735,0.0,0.0,,0.0,0.15065935978775638,0.0,0.0,0.0,0.0,0.0,0.0,0.0,0.0,1.0,1.0,0.0,0.0,0.0,Shell Companies,Financial Services,BRKHW
2021Q2,2021,Q2,2021-05-31,2021-05-31,-500.0,0.0,-500.0,0.0,0.0,0.0,49600.0,24500.0,25100.0,25100.0,25100.0,0.0,-500.0,6612500.0,6587500.0,0.0008521739130434783,1.0,0.0020161290322580645,0.004081632653061225,-0.02032520325203252,0.0008521739130434783,-0.02040816326530612,0.0,-3306.2500000000005,269.8979591836735,0.0,0.0,0.0,0.0,1.0,-0.010080645161290322,0.0,0.0,0.0,0.0,0.0,0.0,0.0,0.0,0.0,0.0,0.0,0.0,Shell Companies,Financial Services,BRKHW
