Quarters,Year,Quarter,FillingDate,Date,NetIncome,Revenue,OperatingIncome,EPSDiluted,GrossProfit,GrossProfitRatio,TotalAssets,CommonStockEquity,CurrentAssets,CurrentLiability,TotalLiability,Inventory,RetainedEarnings,MarketCap,EnterpriseValue,bookValuePerShare,currentRatio,debtToAssets,debtToEquity,roic,shareholdersEquityPerShare,roe,priceToSalesRatio,peRatio,pbRatio,payoutRatio,inventoryTurnover,dividendYield,assetTurnover,quickRatio,returnOnAssets,priceToFreeCashFlowsRatio,grossProfitMargin,epsdilutedGrowth,fiveYNetIncomeGrowthPerShare,fiveYRevenueGrowthPerShare,fiveYShareholdersEquityGrowthPerShare,grossProfitGrowth,netIncomeGrowth,operatingIncomeGrowth,threeYNetIncomeGrowthPerShare,threeYRevenueGrowthPerShare,threeYShareholdersEquityGrowthPerShare,Industry,Sector,Symbol
2023Q1,2023,Q1,2023-05-11,2023-03-31,-1425000.0,1253000.0,-1572000.0,-0.0937,1206000.0,0.9624900239,27808000.0,25912000.0,27421000.0,1837000.0,1896000.0,3851000.0,-208916000.0,115740490.0,94976490.0,1.70372805575646,14.927054980947197,0.007803509781357883,0.008374498301945045,-0.06013167604947371,1.70372805575646,-0.054993825254708244,92.37070231444532,-20.30534912280702,4.46667528558197,0.0,0.012204622176058166,0.0,0.04505897583429229,12.477953184540011,-0.05124424626006904,-68.16283274440518,0.9624900239425379,-0.1062573789846518,0.20778779595927344,-0.7967421367542072,0.015460740789846215,-0.08149276466108149,-0.23376623376623376,-0.2606255012028869,0.14923517797239652,-0.4161075922771263,1.9503191086371783,Electronic Components,Technology,NEON
2022Q4,2022,Q4,2023-03-09,2022-12-31,-1155000.0,1869000.0,-1247000.0,-0.0847,1313000.0,0.7025147138,21198000.0,19418000.0,20798000.0,1699000.0,1780000.0,3827000.0,-207491000.0,74976000.0,60419000.0,1.4244424882629108,12.24131842260153,0.012218133786206245,0.013338139870223503,-0.0633176471457129,1.4244424882629108,-0.05948089401586157,40.11556982343499,-16.228571428571428,3.8611597486867857,0.0,0.14528351188920827,0.0,0.08816869515992075,9.747498528546204,-0.05448627228983866,-67.42446043165468,0.7025147137506688,-0.15710382513661197,0.7542284570666573,-0.7546991922911515,-0.07497276294175707,0.15377855887521968,-0.1619718309859155,-0.29625779625779625,0.6998716298369592,-0.22095438570082204,1.0434165587140865,Electronic Components,Technology,NEON
2022Q3,2022,Q3,2022-11-10,2022-09-30,-994000.0,1216000.0,-962000.0,-0.0732,1138000.0,0.9358552632,17792000.0,20331000.0,17329000.0,1801000.0,1902000.0,4342000.0,-206336000.0,47530000.0,36565000.0,1.4971281296023564,9.62187673514714,0.01894109712230216,0.016575672618169297,-0.047322066174720304,1.4971281296023564,-0.04889085632777532,39.08717105263158,-11.954225352112676,2.3378092567999604,0.0,0.017964071856287425,0.0,0.0683453237410072,6.838423098278734,-0.05586780575539568,-97.59753593429159,0.9358552631578947,0.38999999999999996,0.6378543756645554,-0.7856939802376213,-0.2396375400695674,-0.016421780466724288,0.41426045963464936,0.4294187425860024,0.40614284900609443,-0.39773488178619204,0.53118931513945,Electronic Components,Technology,NEON
2022Q2,2022,Q2,2022-08-11,2022-06-30,-1697000.0,1267000.0,-1686000.0,-0.12,1157000.0,0.9131807419,19114000.0,21108000.0,18457000.0,2102000.0,2253000.0,4400000.0,-205536000.0,69519360.0,57511360.0,1.5545735749005745,8.780685061845862,0.02186878727634195,0.01980291832480576,-0.07812090779798547,1.5545735749005745,-0.08039605836649612,54.86926598263615,-10.241508544490276,3.293507674815236,0.0,0.025,0.0,0.06628649157685466,6.4324452901998095,-0.08878309092811552,-23.352153174336582,0.9131807419100236,-0.09090909090909087,0.38830404216888625,-0.8042997249927126,1.7167494191777661,-0.08028616852146264,-0.18093249826026445,-0.21207764198418405,0.12977614337041857,-0.5197396631461799,0.38957973112938815,Electronic Components,Technology,NEON
2022Q1,2022,Q1,2022-05-11,2022-03-31,-1437000.0,1318000.0,-1391000.0,-0.11,1258000.0,0.9544764795,21307000.0,22570000.0,20535000.0,2639000.0,2835000.0,3553000.0,-203988000.0,82542080.0,68007080.0,1.662492634060106,7.781356574460022,0.027737363307833107,0.02618520159503766,-0.060413305279222944,1.662492634060106,-0.06366858661940629,62.62676783004552,-14.360139178844816,3.6571590607000446,0.0,0.016887137630171686,0.0,0.06185760548176655,6.164456233421751,-0.06744262448960435,-36.13926444833625,0.9544764795144158,0.35294117647058826,0.40776944658757014,-0.7966542271145428,1.2193072618383678,0.11229000884173299,0.24606505771248688,0.2521505376344086,-0.6255973738688847,-0.5753821209455114,0.31991475818557685,Electronic Components,Technology,NEON
2021Q4,2021,Q4,2022-03-10,2021-12-31,-1906000.0,1489000.0,-1860000.0,-0.17,1131000.0,0.7595701813,22992000.0,23878000.0,22032000.0,2973000.0,3155000.0,2520000.0,-202608000.0,102146700.0,85628700.0,2.0687922370473055,7.410696266397578,0.03762178148921364,0.03622581455733311,-0.07427014492520445,2.0687922370473055,-0.07982243068933746,68.60087306917394,-13.398045645330535,4.277858279587905,0.0,0.14206349206349206,0.0,0.0647616562282533,6.397914564413051,-0.08289839944328461,-37.77614644970414,0.7595701813297515,-0.06250000000000006,-0.41015194734220894,-0.7802875865162391,1.2430667440305359,0.3105446118192352,-0.10749564206856478,-0.020856201975850714,-1.446459628923673,-0.519770507828248,0.5378756281480224,Electronic Components,Technology,NEON
2021Q3,2021,Q3,2021-11-10,2021-09-30,-1721000.0,962000.0,-1822000.0,-0.16,863000.0,0.8970893971,10227000.0,10704000.0,9247000.0,3098000.0,3162000.0,2402000.0,-201104000.0,116458780.0,111709780.0,0.9273955986830705,2.984828921885087,0.07304194778527427,0.06978699551569506,-0.1519059715605747,0.9273955986830705,-0.1607810164424514,121.05902286902287,-16.917312608948286,10.879930866965621,0.0,0.04121565362198168,0.0,0.09406473061503862,2.0203357004519042,-0.16828004302336952,-74.22484384958572,0.8970893970893971,0.0,0.6951138355885038,-0.7647955330713021,-0.14519925806517772,-0.4242828552368246,-0.03862401931200966,-0.014476614699331848,-0.07987820694196016,-0.7460558481254516,-0.29906981260524895,Electronic Components,Technology,NEON
2021Q2,2021,Q2,2021-08-11,2021-06-30,-1657000.0,1720000.0,-1796000.0,-0.16,1499000.0,0.8715116279,11859000.0,11823000.0,10571000.0,3427000.0,3540000.0,2086000.0,-199383000.0,70979680.0,65419680.0,1.0277294853963839,3.084622118470966,0.08862467324394974,0.08889452761566438,-0.13162932129659105,1.0277294853963839,-0.1401505540049057,41.26725581395349,-10.709064574532286,6.003525331980039,0.0,0.10594439117929051,0.0,0.14503752424319083,2.286256200758681,-0.13972510329707397,-49.98569014084507,0.8715116279069768,-0.06666666666666674,0.5258254731768076,-0.7454848311941497,7.012286096343572,0.07997118155619597,-0.056760204081632654,-0.10251688152240639,0.12449796462641172,-0.5330103036377817,-0.29559235937769196,Electronic Components,Technology,NEON
2021Q1,2021,Q1,2021-05-12,2021-03-31,-1568000.0,1665000.0,-1629000.0,-0.15,1388000.0,0.8336336336,13523000.0,13402000.0,11966000.0,3147000.0,3446000.0,1675000.0,-197726000.0,107792479.99999999,100947479.99999999,1.1649860917941586,3.8023514458214174,0.09613251497448791,0.09700044769437398,-0.10404260972886345,1.1649860917941586,-0.11699746306521415,64.74022822822822,-17.18630102040816,8.043014475451425,0.0,0.1653731343283582,0.0,0.12312356725578644,3.009532888465205,-0.1159506026769208,-52.53044834307992,0.8336336336336336,0.06250000000000006,0.5731721744421059,-0.7975504272377024,8.163023461670033,-0.19629415170816444,0.05314009661835749,-0.018125,-0.1524564139306838,-0.6429226447551424,-0.30564174500377655,Electronic Components,Technology,NEON
2020Q4,2020,Q4,2021-03-10,2020-12-31,-1656000.0,2437000.0,-1600000.0,-0.16,1727000.0,0.7086581863,16572000.0,15113000.0,14650000.0,4210000.0,4682000.0,1273000.0,-196158000.0,68364000.0,59636000.0,1.492199842022117,3.4798099762470307,0.10529809316920107,0.11546350823794084,-0.08863014346101313,1.492199842022117,-0.10957453847680805,28.052523594583505,-10.320652173913043,4.523522794944749,-0.018719806763285024,0.5577376276512176,0.0004534550348136446,0.1470552739560705,3.0045130641330164,-0.0999275887038378,-32.741379310344826,0.7086581862946245,0.058823529411764754,0.7248080504995148,-0.6442266294834822,2.54326694195062,0.33462132921174653,-0.01098901098901099,0.0836197021764032,0.5257079677162029,-0.5694921342691412,-0.03097140925095924,Electronic Components,Technology,NEON
2020Q3,2020,Q3,2020-11-10,2020-09-30,-1638000.0,1495000.0,-1746000.0,-0.17,1294000.0,0.8655518395,16625000.0,15895000.0,15395000.0,3365000.0,3642000.0,1128000.0,-194813000.0,80011200.0,68844200.0,1.569411532385466,4.575037147102526,0.06285714285714286,0.0657439446366782,-0.09658361668303553,1.569411532385466,-0.10305127398553005,53.51919732441472,-12.211721611721613,5.033733878578169,0.0,0.17819148936170212,0.0,0.08992481203007519,3.9393759286775634,-0.09852631578947368,-44.723979877026274,0.8655518394648829,0.1052631578947368,0.5208989409245863,-0.807840702293648,6.883478478253562,1.0377952755905513,-0.016129032258064516,0.0056947608200455585,0.1998215841710412,-0.6467208023631572,-0.20292619595307848,Electronic Components,Technology,NEON
2020Q2,2020,Q2,2020-08-14,2020-06-30,-1612000.0,758000.0,-1756000.0,-0.19,635000.0,0.8377308707,5588000.0,3748000.0,4150000.0,4229000.0,4642000.0,1077000.0,-193142000.0,78503760.0,79371760.0,0.40867953331152546,0.9813194608654529,0.4726198997852541,0.7046424759871932,-0.2345317451314048,0.40867953331152546,-0.43009605122732125,103.56696569920844,-12.174900744416874,20.945506937033088,0.0,0.11420612813370473,0.0,0.13564781675017895,0.5937573894537715,-0.2884753042233357,-81.68965660770031,0.837730870712401,-0.5833333333333334,0.6027584768369237,-0.8794194250954566,11.6344369615141,-0.492,-0.596039603960396,-0.6124885215794307,0.13972378297102322,-0.8266582656261624,-0.2857977887441337,Electronic Components,Technology,NEON
2020Q1,2020,Q1,2020-05-13,2020-03-31,-1010000.0,1294000.0,-1089000.0,-0.12,1250000.0,0.9659969088,5600000.0,5296000.0,3997000.0,2556000.0,2952000.0,980000.0,-191530000.0,16232670.0,16201670.0,0.5774724675607894,1.56377151799687,0.20642857142857143,0.21827794561933533,-0.14522841879849868,0.5774724675607894,-0.19070996978851965,12.544567233384853,-4.017987623762377,3.0650811933534747,0.0,0.044897959183673466,0.0,0.23107142857142857,0.9088419405320813,-0.18035714285714285,-16.66598562628337,0.9659969088098919,0.5714285714285715,0.7849759018797292,-0.7477650664766692,0.2993130520117762,0.07112253641816624,0.6098879876400155,0.5744431418522861,0.3838158106577047,-0.7044648439699082,-0.22911607876450515,Electronic Components,Technology,NEON
2019Q4,2019,Q4,2020-03-11,2019-12-31,-2589000.0,1614000.0,-2559000.0,-0.28,1167000.0,0.7230483271,7436000.0,6393000.0,5434000.0,3023000.0,3589000.0,1030000.0,-190520000.0,17791740.0,16900740.0,0.6970886490022898,1.7975521005623554,0.19714900484131254,0.22931331143438136,-0.27688335189600444,0.6970886490022898,-0.40497419052088224,11.023382899628253,-1.718012746234067,2.783003284842797,0.0,0.43398058252427185,0.0,0.21705217859064013,1.2874627853126033,-0.3481710597095212,-27.62692546583851,0.7230483271375465,-1.0,0.6324247094076404,-0.5896451570025425,-0.13759262093615793,-0.06340288924558588,-1.3839779005524862,-1.152228763666947,-1.4106793190453641,-0.7002716631331526,-0.24418878888974813,Electronic Components,Technology,NEON
2019Q3,2019,Q3,2019-11-06,2019-09-30,-1086000.0,1310000.0,-1189000.0,-0.14,1246000.0,0.9511450382,9510000.0,8615000.0,6932000.0,2523000.0,3227000.0,1104000.0,-188145000.0,21058290.0,19702290.0,0.9777550788786744,2.7475227903289734,0.1754994742376446,0.19373186302959955,-0.09963913940013314,0.9777550788786744,-0.12605919907138713,16.075030534351146,-4.847672651933702,2.4443749274521185,0.0,0.057971014492753624,0.0,0.1377497371188223,1.9655172413793103,-0.11419558359621451,-14.934957446808511,0.9511450381679389,0.06666666666666654,0.8463395402056437,-0.4658294885309075,-0.3501711562997081,-0.2397803538743136,0.14082278481012658,0.09512937595129375,0.7479756284870581,-0.5804365404080221,-0.09878182725594951,Electronic Components,Technology,NEON
2019Q2,2019,Q2,2019-08-14,2019-06-30,-1264000.0,1710000.0,-1314000.0,-0.15,1639000.0,0.9584795322,11346000.0,9846000.0,8358000.0,2646000.0,3719000.0,1166000.0,-187059000.0,22266530.0,19675530.0,1.1187365072150892,3.1587301587301586,0.18041600564075444,0.20790168596384317,-0.09475985516157684,1.1187365072150892,-0.12837700589071704,13.021362573099415,-4.403981408227848,2.261479788746699,0.0,0.060891938250428816,0.0,0.15071390798519302,2.4270597127739983,-0.11140490040542923,-21.307684210526315,0.9584795321637427,-0.9305019305019303,0.8545522675797683,-0.11874924880449086,-0.5247277814015204,-0.1423338566195709,-1.205933682373473,-0.9670658682634731,0.5271976384761277,-0.6692512691262834,7.5446832492180995,Electronic Components,Technology,NEON
2019Q1,2019,Q1,2019-05-08,2019-03-31,-573000.0,2012000.0,-668000.0,-0.0777,1911000.0,0.9498011928,12947000.0,11084000.0,9701000.0,2721000.0,4016000.0,1188000.0,-185795000.0,28864000.0,25338000.0,1.2595454545454545,3.5652333700845276,0.1773383795473855,0.207145434861061,-0.04299001686812827,1.2595454545454545,-0.051696138578130636,14.345924453280318,-12.593368237347295,2.604114038253338,0.0,0.08501683501683502,0.0,0.15540279601452073,2.7780227857405366,-0.04425735691666023,-56.93096646942801,0.9498011928429424,-0.1511111111111111,0.9383613653375068,-0.14450766541151153,0.37204749040795554,-0.003129890453834116,0.03535353535353535,0.2602436323366556,0.7960951816232373,-0.6801864913502844,8.906765953974212,Electronic Components,Technology,NEON
2018Q4,2018,Q4,2019-03-07,2018-12-31,-594000.0,2364000.0,-903000.0,-0.0675,1917000.0,0.8109137056,13242000.0,11838000.0,10494000.0,2313000.0,3446000.0,1219000.0,-185222000.0,14608000.0,9756000.0,1.3452272727272727,4.536964980544747,0.12860595076272466,0.14385875992566313,-0.03841313756203314,1.3452272727272727,-0.050177394830207805,6.179357021996616,-6.148148148148147,1.2339922284169622,0.0,0.3666940114848236,0.0,0.17852288173991845,3.7012537829658454,-0.04485727231536022,-22.968553459119498,0.8109137055837563,0.578125,0.9159495405316704,0.010141949725200416,-0.19597876568138853,0.21022727272727273,0.2657601977750309,0.033190578158458245,0.886393584325778,-0.6028025956493726,2.1942767923133775,Electronic Components,Technology,NEON
2018Q3,2018,Q3,2018-11-08,2018-09-30,-809000.0,1923000.0,-934000.0,-0.16,1584000.0,0.8237129485,9665000.0,7752000.0,7002000.0,2358000.0,3633000.0,1258000.0,-184629000.0,21795480.0,20950480.0,1.3230926779313876,2.969465648854962,0.19079151577858253,0.23787409700722395,-0.08207487544168304,1.3230926779313876,-0.10436016511867906,11.334102964118564,-6.735315203955501,2.8115944272445823,0.0,0.26947535771065184,0.0,0.19896533885152612,1.7591178965224767,-0.08370408691153647,-24.683442808607023,0.8237129485179407,0.20000000000000004,0.8536321830031363,0.08093720079869486,-0.453665401679625,-0.11359820928931169,0.1607883817427386,0.19552110249784668,0.5909636072459125,-0.5727326677400769,5.960067601588296,Electronic Components,Technology,NEON
2018Q2,2018,Q2,2018-08-09,2018-06-30,-964000.0,1876000.0,-1161000.0,-0.2,1787000.0,0.9525586354,11183000.0,8549000.0,8484000.0,2931000.0,4212000.0,1114000.0,-183819000.0,22172348.0,20289348.0,1.4589982080382284,2.894575230296827,0.16185281230439058,0.2117206690841034,-0.09548762648912539,1.4589982080382284,-0.11276172651772137,11.818948827292111,-5.750090248962655,2.5935604164229735,0.0,0.07989228007181329,0.0,0.1677546275596888,1.8717161378369158,-0.08620227130465885,-25.13871655328798,0.9525586353944563,-0.3333333333333335,0.8200044416146473,0.008191195488198553,0.5715652834138507,-0.2327179046801202,-0.39105339105339104,-0.32081911262798635,0.6281885415015908,-0.5329137170529987,44.10531941018337,Electronic Components,Technology,NEON
2018Q1,2018,Q1,2018-05-08,2018-03-31,-693000.0,2375000.0,-879000.0,-0.15,2329000.0,0.9806315789,12963000.0,9831000.0,9820000.0,2984000.0,4499000.0,1241000.0,-182855000.0,24691933.000000004,21862933.000000004,1.6777882071849133,3.2908847184986594,0.16030239913600247,0.2113721900111891,-0.06333668817893691,1.6777882071849133,-0.07049130302105584,10.396603368421054,-8.907623737373738,2.5116400162750487,0.0,0.037066881547139406,0.0,0.18321376224639357,2.308646112600536,-0.05345984725757926,-35.57915417867436,0.9806315789473684,0.5588235294117647,0.8889823966108331,1.478619628863976,0.061638229059169665,0.4749841671944269,0.656930693069307,0.5580693815987934,0.7690834127070154,-0.2754127181359856,2.775023466166055,Electronic Components,Technology,NEON
2017Q4,2017,Q4,2018-03-08,2017-12-31,-2020000.0,3275000.0,-1989000.0,-0.34,1579000.0,0.4821374046,13127000.0,9023000.0,9797000.0,3583000.0,5264000.0,1154000.0,-183745000.0,43541944.5,39994944.5,1.539892482293711,2.7343008651967624,0.171326274091567,0.2492519117810041,-0.1482050365543873,1.539892482293711,-0.22387232627729137,13.295250229007634,-5.388854517326733,4.825661587055303,0.0,1.4696707105719238,0.0,0.24948579264112136,1.9933017024839519,-0.15388131332368402,-48.219207641196014,0.4821374045801527,-0.30769230769230776,0.4571165840191399,-0.19267175173826184,-0.36292176575130186,-0.2669452181987001,-0.8116591928251121,-0.40963855421686746,0.5511287777217904,0.30323721201536546,0.9050871673147425,Electronic Components,Technology,NEON
2017Q3,2017,Q3,2017-11-09,2017-09-30,-1115000.0,2305000.0,-1411000.0,-0.26,2154000.0,0.9344902386,15704000.0,10862000.0,12064000.0,3861000.0,5701000.0,2065000.0,-182026000.0,70612480.0,66150480.0,1.96896639234311,3.1245791245791246,0.1534640855832909,0.22187442459952128,-0.08847094718328168,1.96896639234311,-0.10265144540600257,30.634481561822128,-15.832394618834082,6.500872767446142,0.0,0.07312348668280871,0.0,0.146777890983189,1.9404299404299403,-0.07100101884870097,-41.63471698113207,0.9344902386117137,-0.18181818181818185,0.6887073887847858,-0.17825142489967524,-0.3272918857572495,0.11145510835913312,-0.11723446893787576,-0.17779632721202004,0.7480230141083639,0.5011816587932345,0.30860087731625613,Electronic Components,Technology,NEON
2017Q2,2017,Q2,2017-08-09,2017-06-30,-998000.0,2329000.0,-1198000.0,-0.22,1938000.0,0.8321167883,10800000.0,2795000.0,7072000.0,6660000.0,8568000.0,2128000.0,-180911000.0,52752600.0,55558600.0,0.5722182413757805,1.0618618618618618,0.3901851851851852,1.5076923076923077,-0.11419404238605407,0.5722182413757805,-0.3570661896243292,22.650322026620866,-13.214579158316635,18.873917710196782,0.0,0.1837406015037594,0.0,0.21564814814814814,0.3960960960960961,-0.09240740740740741,-27.347122861586314,0.8321167883211679,-0.09999999999999995,0.8034368526322508,-0.20364263524912815,-0.8283241132048584,-0.1297709923664122,-0.143184421534937,-0.36446469248291574,0.7930800669444551,1.1626427587088328,-0.7569048374239741,Electronic Components,Technology,NEON
2017Q1,2017,Q1,2017-05-09,2017-03-31,-873000.0,2332000.0,-878000.0,-0.2,2227000.0,0.954974271,8434000.0,3659000.0,6423000.0,4325000.0,5241000.0,1544000.0,-179913000.0,78152000.0,77595000.0,0.7491043095506194,1.4850867052023122,0.13623428977946409,0.31402022410494673,-0.15957603045288252,0.7491043095506194,-0.23858977862804046,33.51286449399657,-22.380297823596795,21.358841213446297,0.0,0.06800518134715026,0.0,0.27649988143229787,0.6272832369942196,-0.10350960398387479,-45.72966647162083,0.9549742710120068,-0.6666666666666669,0.630736293003133,0.3457005979008567,-0.7979333775216125,-0.12426268187180496,-0.5262237762237763,-1.070754716981132,0.8308098053049392,0.7864022227054425,-0.1839860290364614,Electronic Components,Technology,NEON
2016Q4,2016,Q4,2017-03-15,2016-12-31,-572000.0,2868000.0,-424000.0,-0.12,2543000.0,0.8866806137,9703000.0,4505000.0,7669000.0,4608000.0,5568000.0,696000.0,-179040000.0,89874800.0,87586800.0,0.922305251305149,1.6642795138888888,0.12243635988869422,0.2637069922308546,-0.08028710665101056,0.922305251305149,-0.1269700332963374,31.337099023709904,-39.280944055944055,19.950011098779132,0.0,0.46695402298850575,0.0,0.2955786870040194,1.1438802083333333,-0.058950839946408325,-33.64837139648072,0.8866806136680614,0.7551020408163265,0.8613960259778666,-0.5132833124302256,-0.7786885614709966,0.5834371108343711,0.7471264367816092,0.8019617001401215,0.8541816317955605,1.2078859716944064,-0.4487526222468705,Electronic Components,Technology,NEON
2016Q3,2016,Q3,2016-11-09,2016-09-30,-2262000.0,1639000.0,-2141000.0,-0.49,1606000.0,0.9798657718,10857000.0,5018000.0,8712000.0,5007000.0,6068000.0,919000.0,-178609000.0,52727280.0,47747280.0,1.0849260572515782,1.7399640503295386,0.11955420466058764,0.2586687923475488,-0.28820005691468836,1.0849260572515782,-0.45077720207253885,32.17039658328249,-5.827506631299735,10.507628537265845,0.0,0.035908596300326445,0.0,0.15096251266464034,1.3093668863590973,-0.208344846642719,-23.676371800628647,0.9798657718120806,-0.5312499999999999,0.2921554323487594,-0.23086421395683698,1.5114991473968875,-0.2663316582914573,-0.6994740796393689,-0.6584043377226956,0.48157891625658067,0.16705981085676755,-0.5520097332693524,Electronic Components,Technology,NEON
2016Q2,2016,Q2,2016-08-09,2016-06-30,-1331000.0,2574000.0,-1291000.0,-0.32,2189000.0,0.8504273504,3818000.0,-749000.0,3039000.0,4394000.0,4696000.0,22000.0,-176447000.0,63972820.0,63718820.0,-0.17093822032544445,0.6916249431042331,0.09926663174436878,-0.5060080106809078,-155.7648261758691,-0.17093822032544445,1.7770360480640854,24.853465423465423,-12.015931630353117,-85.41097463284379,0.0,17.5,0.0,0.6741749607124149,0.3714155666818389,-0.34861183865898376,-28.999465095194925,0.8504273504273504,0.0,0.6915272837464388,4.737846557610996,0.8820206170727607,-0.13716988569176192,0.04860614724803431,-0.002329192546583851,0.6676614436031443,0.8498500598808851,-1.1841267324332296,Electronic Components,Technology,NEON
2016Q1,2016,Q1,2016-05-10,2016-03-31,-1399000.0,3132000.0,-1288000.0,-0.32,2537000.0,0.8100255428,5489000.0,557000.0,4816000.0,4698000.0,4976000.0,122000.0,-175116000.0,89372400.0,86769400.0,0.1271399223921479,1.0251170710940827,0.06139551830934596,0.6050269299820467,-1.0989332142865855,0.1271399223921479,-2.511669658886894,28.535249042145594,-15.970764832022873,160.45314183123875,0.0,4.877049180327869,0.0,0.5705957369284023,0.7637292464878672,-0.25487338312989616,-662.0177777777777,0.8100255427841635,0.45762711864406774,0.9263966045032579,1.9718307127378767,1.106732750135574,1.17395029991431,0.46254321936227427,0.49390962671905697,0.7002469346560812,3.371750108714305,-0.9195508697265244,Electronic Components,Technology,NEON
2015Q4,2015,Q4,2016-03-11,2015-12-31,-2603000.0,2963000.0,-2545000.0,-0.59,1167000.0,0.3938575768,5927000.0,1845000.0,5333000.0,3811000.0,4094000.0,158000.0,-173749000.0,110839300.0,108097300.0,0.421136726774709,1.3993702440304383,0.05736460266576683,0.1842818428184282,-1.0284664138699249,0.421136726774709,-1.410840108401084,37.407796152548094,-10.645341913177104,60.07550135501355,0.0,11.367088607594937,0.0,0.4999156402901974,1.2503279979008135,-0.43917664923232663,-34.23079061148857,0.39385757678029026,-0.7352941176470587,-1.1617382146666566,17.708445842174825,1.0956608830100782,-0.470508166969147,-0.9027777777777778,-0.8879821958456974,0.06434298268497078,-0.02308269840770103,-0.825768977148799,Electronic Components,Technology,NEON
2015Q3,2015,Q3,2015-11-09,2015-09-30,-1368000.0,3113000.0,-1348000.0,-0.34,2204000.0,0.7079987151,3780000.0,-1081000.0,3198000.0,4561000.0,4858000.0,1044000.0,-171161000.0,98881000.0,98285000.0,-0.26674892041949416,0.7011620258715194,0.09365079365079365,-0.3274745605920444,3.6567095515332264,-0.26674892041949416,1.265494912118409,31.76389335046579,-18.070358187134502,-91.47178538390378,0.0,0.8706896551724138,0.0,0.8235449735449736,0.31550098662573994,-0.3619047619047619,-45.60931734317343,0.7079987150658529,0.2272727272727272,0.9283847265002563,14.474586650215917,0.9703716027270726,0.08092202059833252,0.23660714285714285,0.22394933793897526,0.4800895890688446,0.510760503060817,-1.0911362245335967,Electronic Components,Technology,NEON
2015Q2,2015,Q2,2015-08-06,2015-06-30,-1792000.0,2776000.0,-1737000.0,-0.44,2039000.0,0.7345100865,5658000.0,131000.0,5125000.0,5212000.0,5527000.0,0.0,-169793000.0,119472050.0,116685050.0,0.03234647769080718,0.9833077513430545,0.06574761399787911,2.8396946564885495,-2.010953080836631,0.03234647769080718,-13.679389312977099,43.03748198847262,-16.667417689732144,912.0003816793893,0.0,0.0,0.0,0.4906327324142807,0.7367613200306984,-0.3167196889360198,-94.29522494080506,0.7345100864553314,0.13725490196078433,0.944591068438764,8.629499955534383,1.0029255911850619,0.05922077922077922,0.13513513513513514,0.15924491771539206,0.5743179124921995,0.14481098548895344,-0.9902954679862751,Electronic Components,Technology,NEON
2015Q1,2015,Q1,2015-05-06,2015-03-31,-2072000.0,2263000.0,-2066000.0,-0.51,1925000.0,0.8506407424,8197000.0,1798000.0,7643000.0,6080000.0,6399000.0,0.0,-168001000.0,128242350.0,124164350.0,0.4444444444444444,1.2570723684210525,0.0457484445528852,0.20856507230255839,-0.8116154377023943,0.4444444444444444,-1.1523915461624026,56.66917808219178,-15.473256515444016,71.325,0.0,0.0,0.0,0.27607661339514455,1.0680921052631578,-0.2527754056362084,-80.75714735516372,0.8506407423773752,0.33766233766233766,0.617676244659952,5.417946360153256,1.1072585762538218,0.5205371248025277,0.3331187640811072,0.3259380097879282,-0.05818119893765102,0.576711959026214,-0.8801136415540757,Electronic Components,Technology,NEON
2014Q4,2014,Q4,2015-03-12,2014-12-31,-3107000.0,1735000.0,-3065000.0,-0.77,1266000.0,0.7296829971,8602000.0,3270000.0,7948000.0,4965000.0,5332000.0,0.0,-165929000.0,136737900.0,131036900.0,0.8083055246570263,1.6008056394763344,0.04975587072773774,0.1308868501529052,-0.7457304128357388,0.8083055246570263,-0.9501529051987767,78.81146974063401,-11.002405857740584,41.815871559633024,0.0,0.0,0.0,0.2016972797023948,1.4847935548841893,-0.361195070913741,-49.04515781922525,0.7296829971181557,0.03750000000000003,-1.3569610708710065,0.0,1.2894355817581424,0.7982954545454546,0.042526964560862864,0.05546995377503852,0.09098967677017361,-0.6444960117321357,-0.8060433265671588,Electronic Components,Technology,NEON
2014Q3,2014,Q3,2014-11-06,2014-09-30,-3245000.0,1126000.0,-3245000.0,-0.8,704000.0,0.6252220249,11314000.0,6087000.0,10556000.0,4817000.0,5227000.0,0.0,-162822000.0,86978250.0,78610250.0,1.5046347793845014,2.1914054390699604,0.04207176948912851,0.07819944143256119,-0.4610029833783208,1.5046347793845014,-0.5331033349761788,77.24533747779752,-6.7009437596302,14.289181862986691,0.0,0.0,0.0,0.09952271522008131,1.9518372430973634,-0.28681279830298745,-28.470785597381344,0.6252220248667851,0.19191919191919188,0.6785781989784126,0.0,1.4790639383534039,0.7046004842615012,0.16236448115642746,0.16236448115642746,-0.16096283019000832,-0.39588340359567653,1.7093749861152179,Electronic Components,Technology,NEON
2014Q2,2014,Q2,2014-08-06,2014-06-30,-3874000.0,865000.0,-3874000.0,-0.99,413000.0,0.4774566474,14984000.0,9235000.0,14108000.0,5290000.0,5749000.0,0.0,-159577000.0,122799290.0,111281290.0,2.3538857594372087,2.6669187145557656,0.035371062466631076,0.057390362750406064,-0.37629917435648375,2.3538857594372087,-0.41949106659447755,141.9644971098266,-7.9245798915849255,13.297161884136436,0.0,0.0,0.0,0.05772824345969033,2.411531190926276,-0.25854244527495995,-36.07499706227967,0.4774566473988439,0.06603773584905666,0.6811220934921087,0.0,1.3969099185487666,-0.5129716981132075,0.03343313373253493,0.03319191415023708,-0.002742540454208728,1.153513587708624,2.624621976588348,Electronic Components,Technology,NEON
2014Q1,2014,Q1,2014-05-12,2014-03-31,-4008000.0,1014000.0,-4007000.0,-1.06,848000.0,0.8362919132,8788000.0,3483000.0,8440000.0,5305000.0,5305000.0,0.0,-155703000.0,215884290.0,209692290.0,0.9180042697873013,1.5909519321394912,0.0,0.0,-1.1507321274763136,0.9180042697873013,-1.1507321274763136,212.90363905325444,-13.46583645209581,61.982282515073216,0.0,0.0,0.0,0.11538461538461539,1.2906691800188501,-0.45607646791078743,-80.19475854383359,0.8362919132149902,-0.325,0.9804665874724057,0.0,1.038419399325253,0.04691358024691358,-0.31539218903839844,-0.32113419057039233,0.75651493462089,0.11097618169876974,1.7706558137450084,Electronic Components,Technology,NEON
2013Q4,2013,Q4,2014-03-06,2013-12-31,-3047000.0,1009000.0,-3033000.0,-0.8,810000.0,0.8027750248,11471000.0,6348000.0,11136000.0,5123000.0,5123000.0,736000.0,-151695000.0,239787120.0,230972120.0,1.6731240610421443,2.1737263322272105,0.0,0.0,-0.47999369880277254,1.6731240610421443,-0.47999369880277254,237.64828543111992,-19.674033475549724,37.77364839319471,0.0,0.2703804347826087,0.0,0.08796094499171825,1.9586179972672262,-0.2656263621305902,-104.6648275862069,0.8027750247770069,0.14893617021276587,-1.0016127588998827,-0.9910767096988273,1.2320764485810214,1.6045016077170418,0.0885432246485193,0.07474069554606468,-1.2186127114837526,6.356338512589886,1.3800488413595933,Electronic Components,Technology,NEON
2013Q3,2013,Q3,2013-11-07,2013-09-30,-3343000.0,1076000.0,-3278000.0,-0.94,311000.0,0.2890334572,13383000.0,8582000.0,12949000.0,4801000.0,4801000.0,0.0,-148648000.0,227505540.0,216937540.0,2.4217625645511753,2.697146427827536,0.0,0.0,-0.3895362386390119,2.4217625645511753,-0.3895362386390119,211.436375464684,-17.01357612922525,26.509617804707528,0.0,0.0,0.0,0.0804005081073003,2.4867735888356592,-0.24979451543002315,-90.3158157999206,0.28903345724907065,-0.03296703296703287,0.9853238143851926,-0.9829440157095176,1.0101884967668568,-0.26303317535545023,-0.07147435897435897,-0.05707836181876814,0.7998654776749166,5.116715523323081,1.2689905670485417,Electronic Components,Technology,NEON
2013Q2,2013,Q2,2013-08-08,2013-06-30,-3120000.0,1084000.0,-3101000.0,-0.91,422000.0,0.389298893,7313000.0,3169000.0,6951000.0,4144000.0,4144000.0,0.0,-145305000.0,202079200.0,196725200.0,0.9283726380547824,1.677364864864865,0.0,0.0,-0.9845377090564847,0.9283726380547824,-0.9845377090564847,186.419926199262,-16.19224358974359,63.76749763332282,0.0,0.0,0.0,0.14822918091070697,1.4584942084942085,-0.4266374948721455,-82.31331975560082,0.3892988929889299,0.14953271028037385,0.991930117505242,-0.9119155735971336,1.0047144697888672,-0.20676691729323307,0.12605042016806722,0.12868783366114078,0.8855434220575845,3.4612642532460187,1.0839670653574007,Electronic Components,Technology,NEON
2013Q1,2013,Q1,2013-05-08,2013-03-31,-3570000.0,548000.0,-3559000.0,-1.07,532000.0,0.9708029197,9521000.0,5296000.0,9125000.0,4225000.0,4225000.0,0.0,-142185000.0,190342480.0,182760480.0,1.5803765927605862,2.1597633136094676,0.0,0.0,-0.6740936555891239,1.5803765927605862,-0.6740936555891238,347.3402919708029,-13.32930532212885,35.9408006042296,0.0,0.0,0.0,0.057556979308896125,1.9867455621301775,-0.3749606133809474,-112.56208160851567,0.9708029197080292,-0.6718750000000001,0.9909007601599916,-0.9591371402191028,1.016355165196386,-0.7250645994832041,-0.6776315789473685,-0.7160077145612344,0.20476668448080806,0.8761903819763946,1.3813951223898246,Electronic Components,Technology,NEON
2012Q4,2012,Q4,2013-03-14,2012-12-31,-2128000.0,2320000.0,-2074000.0,-0.64,1935000.0,0.8340517241,12168000.0,8100000.0,11770000.0,4068000.0,4068000.0,0.0,-138615000.0,162863460.0,153766460.0,2.41711676762854,2.893313667649951,0.0,0.0,-0.26271604938271603,2.41711676762854,-0.26271604938271603,70.1997672413793,-19.13339520676692,20.1066,0.0,0.0,0.0,0.19066403681788296,2.808259587020649,-0.17488494411571334,-75.33,0.834051724137931,0.015384615384615398,-1.0012752343488829,-0.976770320052151,1.3352745252419986,0.44187779433681074,0.007462686567164179,0.01938534278959811,-1.2951454169918066,0.0,1.8655138143621814,Electronic Components,Technology,NEON
2012Q3,2012,Q3,2012-11-14,2012-09-30,-2144000.0,1679000.0,-2115000.0,-0.65,1342000.0,0.7992852889,13494000.0,9665000.0,13154000.0,3829000.0,3829000.0,0.0,-136487000.0,118545390.0,107299390.0,2.9269252899669906,3.435361713241055,0.0,0.0,-0.22183135023279876,2.9269252899669906,-0.22183135023279876,70.60475878499106,-13.82292327425373,12.26543093636834,0.0,0.0,0.0,0.12442567066844523,3.335596761556542,-0.15888543056173113,-472.292390438247,0.7992852888624181,0.375,0.9981126434683473,-0.9687386083376595,0.0,-0.09324324324324325,0.3743799241318938,0.3792192544760787,0.739823902966694,0.0,1.9319101059536552,Electronic Components,Technology,NEON
2012Q2,2012,Q2,2012-08-14,2012-06-30,-3427000.0,1974000.0,-3407000.0,-1.04,1480000.0,0.7497467072,13659000.0,10989000.0,13327000.0,2670000.0,2670000.0,0.0,-134343000.0,202759350.0,191484350.0,3.333131123176317,4.991385767790262,0.0,0.0,-0.31185731185731186,3.333131123176317,-0.31185731185731186,102.71496960486323,-14.791315290341407,18.451119301119302,0.0,0.0,0.0,0.1445200966395783,4.868913857677903,-0.2508968445713449,-103.29055017829852,0.7497467071935157,-1.1666666666666667,0.9945962332705194,-0.7914527633184554,-0.9736607020493152,0.6174863387978142,-1.1580604534005037,-1.1756066411238826,0.6643206218912472,0.0,1.5620293156999157,Electronic Components,Technology,NEON
2012Q1,2012,Q1,2012-05-15,2012-03-31,-1588000.0,1164000.0,-1566000.0,-0.48,915000.0,0.7860824742,14964000.0,12163000.0,14666000.0,2801000.0,2801000.0,0.0,-130916000.0,119096666.7191,105789666.7191,3.7072144838306564,5.23598714744734,0.0,0.0,-0.13055989476280522,3.7072144838306564,-0.13055989476280522,102.3167239854811,-18.749475239153025,9.791718056326564,0.0,0.0,0.0,0.07778668805132317,5.140307033202427,-0.10612135792568832,369.8654245934783,0.7860824742268041,0.42857142857142855,0.9571959517266,-0.8826332882914919,-0.9869583143877213,-0.7576800847457628,0.42712842712842713,-2.4985645933014355,0.991050130825257,0.0,1.155150643985188,Electronic Components,Technology,NEON
2011Q4,2011,Q4,2012-03-30,2011-12-31,-2772000.0,3958000.0,1045000.0,-0.84,3776000.0,0.9540171804,16627000.0,13673000.0,16519000.0,2954000.0,2954000.0,0.0,-129328000.0,155842750.0,142902750.0,4.167454052241763,5.592078537576168,0.0,0.0,0.07777474562395228,4.167454052241763,-0.20273531777956558,39.37411571500758,-14.055082070707071,11.397846120090689,0.0,0.0,0.0,0.2380465507908823,5.550440081245768,-0.16671678595056233,-74.81649063850216,0.9540171803941384,-0.21739130434782614,0.9933845627324547,-0.9911645679496223,-0.9851570129646184,2.958071278825996,-0.43626943005181346,3.9027777777777777,-1.00169670366775,-0.9595214054079632,1.5780611005417209,Electronic Components,Technology,NEON
2011Q3,2011,Q3,2011-10-31,2011-09-30,-1930000.0,1287000.0,-360000.0,-0.69,954000.0,0.7412587413,5005000.0,-5925000.0,4940000.0,10930000.0,10930000.0,0.0,-126556000.0,131289800.0,134805800.0,-2.121071096155223,0.45196706312900276,1.530869130869131,-1.2931645569620254,-0.20931449502878074,-2.121071096155223,0.32573839662447257,102.01227661227661,-17.006450777202073,-22.158616033755273,0.0,0.0,0.0,0.2571428571428571,0.43366880146386094,-0.3856143856143856,82.62416614222782,0.7412587412587412,0.2959183673469388,0.9993639055864711,-0.9971834176775246,-1.0053061905049254,20.2,0.2909625275532697,0.7779148673658236,0.9892512503459703,-0.974119844426392,0.9910765298292338,Electronic Components,Technology,NEON
2011Q2,2011,Q2,2011-08-05,2011-06-30,-2722000.0,283000.0,-1621000.0,-0.98,45000.0,0.1590106007,5990000.0,-4005000.0,5948000.0,9995000.0,9995000.0,0.0,-124626000.0,102275400.0,105906400.0,-1.4488821358801822,0.5950975487743871,1.0333889816360602,-1.5455680399500624,-0.7435153324818096,-1.4488821358801822,0.6796504369538078,361.3971731448763,-9.393405584129317,-25.53692883895131,0.0,0.0,0.0,0.04724540901502504,0.567983991995998,-0.45442404006677795,-61.1694976076555,0.15901060070671377,0.7741935483870968,0.9989567502047945,-0.999451948029183,-1.0022188594995194,-0.8828125,0.7199876555909885,-0.4629963898916967,0.9913057688499244,-0.9716020671135273,0.9926422744733744,Electronic Components,Technology,NEON
2011Q1,2011,Q1,2011-05-16,2011-03-31,-9721000.0,539000.0,-1108000.0,-4.34,384000.0,0.7124304267,4126000.0,-2669000.0,4087000.0,6795000.0,6795000.0,0.0,-121904000.0,75060100.0,77104100.0,-1.1911987860394537,0.6014716703458425,1.4214735821619002,-2.1974522292993632,-0.3468617626706087,-1.1911987860394537,3.642188085425253,139.25807050092763,-1.9303595309124575,-28.12292993630573,0.0,0.0,0.0,0.13063499757634514,0.5770419426048565,-2.35603490063015,-53.57608850820842,0.712430426716141,-2.1825613079019073,0.9883431519344312,-0.9989272800394483,-1.0007584187254774,13.76923076923077,-2.181022961973029,0.6751685722661976,0.9629429455538807,-0.9398881602091876,0.987672398454486,Electronic Components,Technology,NEON
2010Q4,2010,Q4,2011-03-31,2010-12-31,8231000.0,81000.0,-3411000.0,3.67,26000.0,0.3209876543,1251000.0,-9864000.0,1227000.0,11115000.0,11115000.0,0.0,-112183000.0,39210500.0,47789500.0,-4.402392216370615,0.11039136302294197,7.585931254996003,-0.9620843471208435,-10.76263239606693,-4.402392216370615,-0.834448499594485,484.08024691358025,1.1909397400072896,-3.9751115166261157,0.0,0.0,0.0,0.06474820143884892,0.09554655870445344,6.579536370903277,-22.52182653647329,0.32098765432098764,1.4213547646383466,1.0106637245294943,-0.9997955917420078,-1.0023154167021986,-0.3953488372093023,1.9631406505967703,-1.5494523195876289,-0.992622757894833,-0.9987869929740316,0.38935099038642734,Electronic Components,Technology,NEON
2010Q3,2010,Q3,2010-11-22,2010-09-30,-8546000.0,90000.0,6208000.0,-8.71,43000.0,0.4777777778,620000.0,-16323000.0,597000.0,16943000.0,16943000.0,0.0,-105146000.0,31728060.0,33760060.0,-9.003150523542883,0.03523579059198489,3.714516129032258,-0.1410892605525945,-6.206609141206567,-9.003150523542883,0.5235557189242174,352.534,-0.9281552773227241,-1.9437640139680203,0.0,0.0,0.0,0.14516129032258066,0.019240984477365282,-13.783870967741935,-1094.0710344827587,0.4777777777777778,0.40505464480874315,0.9851163698124783,-0.9997836150849349,-1.0041081934254303,1.263157894736842,0.38067975940285526,-0.33540306177068835,0.98629822575559,-0.9969479975871588,0.0,Electronic Components,Technology,NEON
2010Q2,2010,Q2,2010-08-12,2010-06-30,-13799000.0,123000.0,9341000.0,-14.64,19000.0,0.1544715447,936000.0,-19105000.0,919000.0,20041000.0,20041000.0,0.0,-96600000.0,21599500.0,22963500.0,-11.056390194217459,0.045855995209819866,1.6613247863247864,-0.08139230567914159,-6.1083255515741905,-11.056390194217459,0.7222716566343889,175.60569105691056,-0.39132364664106095,-1.1305679141585971,0.0,0.0,0.0,0.13141025641025642,0.03916970211067312,-14.742521367521368,-27.34113924050633,0.15447154471544716,-10.712,0.9630175186842425,-0.9998186923066156,-1.00246265928318,-0.7738095238095238,-5.149286987522282,5.095133713283648,0.9584852723740336,-0.975206691038076,-1.0873705668401688,Electronic Components,Technology,NEON
2010Q1,2010,Q1,2010-05-24,2010-03-31,-2244000.0,146000.0,-2281000.0,-1.25,84000.0,0.5753424658,807000.0,-6941000.0,759000.0,7748000.0,7748000.0,0.0,-82801000.0,8375420.0,8711420.0,-4.1436727949165535,0.09796076406814662,0.9442379182156134,-0.10978245209623974,0.34749746287501104,-4.1436727949165535,0.3232963549920761,57.365890410958905,-0.9330904634581105,-1.2066589828554963,0.0,0.0,0.0,0.1809169764560099,0.06427465152297367,-2.7806691449814127,-12.905115562403697,0.5753424657534246,-1.5813953488372092,0.9940389135632478,-0.9997872094954526,-1.0044526308541868,0.0,-1.6226415094339623,0.004799301919720768,0.8815285775767568,-0.9711662442224014,-1.0145771112265438,Electronic Components,Technology,NEON
2009Q4,2009,Q4,2010-03-29,2009-12-31,3604000.0,0.0,-2292000.0,2.15,0.0,0.0,153000.0,-4678000.0,133000.0,4831000.0,4831000.0,0.0,-76850000.0,8375420.0,8654420.0,-2.792695769286794,0.027530531980956324,2.0065359477124183,-0.06562633604104318,-6.384499805227327,-2.792695769286794,-0.7704147071398033,0.0,0.5809808546059934,-1.790384779820436,0.0,0.0,0.0,0.0,0.011591802939350032,23.555555555555557,-37.224088888888886,0.0,1.5628272251308901,-0.9500649647832148,-1.0,-1.0024550383522857,0.0,1.986046511627907,0.1409295352323838,1.016846376985044,-1.0,-1.0099465876714324,Electronic Components,Technology,NEON
2009Q3,2009,Q3,2009-10-22,2009-09-30,-3655000.0,0.0,-2668000.0,-3.82,0.0,0.0,430000.0,-4600000.0,414000.0,4988000.0,5030000.0,0.0,-78209000.0,14646040.0,14518040.0,-3.1407807161526256,0.08299919807538092,0.42093023255813955,-0.03934782608695652,0.9266111934936272,-3.1407807161526256,0.7945652173913044,0.0,-1.001781121751026,-3.183921739130435,0.0,0.0,0.0,0.0,0.07056936647955092,-8.5,-26.53268115942029,0.0,-0.23225806451612896,-1.0093623200019943,-1.0,-1.0029984492637591,0.0,-0.7614457831325301,-0.2620624408703879,0.9977024521415426,-1.0,-1.0078571533242384,Electronic Components,Technology,NEON
2009Q2,2009,Q2,2009-08-04,2009-06-30,-2075000.0,0.0,-2114000.0,-3.1,0.0,0.0,111000.0,-3974000.0,95000.0,3946000.0,4085000.0,0.0,-74554000.0,5025690.0,5222690.0,-5.930528942294491,0.0240750126710593,1.837837837837838,-0.051333668847508805,0.5538034812272039,-5.930528942294491,0.5221439355812784,0.0,-0.6055048192771084,-1.2646426774031203,0.0,0.0,0.0,0.0,0.017739483020780537,-18.693693693693692,-23.484532710280373,0.0,0.9426775147928994,-1.1592195879847822,-1.0,-1.003632359554222,0.0,0.7373085200658311,-5.349794238683128,0.9967193997181274,-1.0,-1.0090821814659139,Electronic Components,Technology,NEON
2009Q1,2009,Q1,2009-05-15,2009-03-31,-7899000.0,0.0,486000.0,-54.08,0.0,0.0,307000.0,-3490000.0,291000.0,3658000.0,3797000.0,0.0,-72450000.0,1460600.0,1446600.0,-23.894290017800905,0.07955166757791143,0.4527687296416938,-0.03982808022922636,-0.49614660316778414,-23.894290017800905,2.263323782234957,0.0,-0.04622737055323459,-0.4185100286532951,0.0,0.0,0.0,0.0,0.06314926189174412,-25.729641693811075,-1.7123094958968348,0.0,-1.1086031006506547,-5.007967045506413,-1.0,-1.0146237878347206,-1.0,-1.1086041907276027,1.5664335664335665,0.8546967454176371,-1.0,-1.0152131425870077,Electronic Components,Technology,NEON
2008Q4,2008,Q4,2009-04-15,2008-12-31,72732000.0,4353000.0,-858000.0,497.96,3217000.0,0.7390305536,179000.0,-1053000.0,63000.0,1025000.0,1232000.0,0.0,-64602000.0,1825750.0,2032750.0,-7.2093660139668625,0.06146341463414634,1.2513966480446927,-0.2127255460588794,3.337899254199168,-7.2093660139668625,-69.07122507122507,0.41942338617045716,0.006275607710498818,-1.7338556505223173,0.0,0.0,0.0,24.318435754189945,0.016585365853658537,406.32402234636874,-9.922554347826088,0.739030553641167,6.44516129032258,1.5384909953777632,-0.960764636644412,-1.0044665855038204,2.0170723996206132,10.426127527216174,0.8532580810672139,2.445489300402038,-0.8314863363392735,-1.0037917308728033,Electronic Components,Technology,NEON
2008Q3,2008,Q3,2008-11-19,2008-09-30,-7716000.0,2137000.0,-5847000.0,-91.45,-3163000.0,-1.480112307,2689000.0,-28533000.0,2120000.0,31150000.0,31222000.0,1413000.0,-90422000.0,3577192.0,4885192.0,-237.69576807730758,0.06805778491171749,0.506879880996653,-0.04776924964076683,0.3125376458231681,-237.69576807730758,0.2704237199032699,1.6739316799251287,-0.11590176257128045,-0.12537034311148496,0.0,3.750884642604388,0.0,0.7947192264782447,0.0020224719101123597,-2.8694682037932315,-1.6669114631873252,-1.4801123069723912,0.261666397545616,-1.9008215899359713,-0.9684606339496863,-1.1725246803753986,0.6036837489036462,0.3875218288617241,0.5100963552576456,0.7970366213522497,-0.9223987929133755,-1.1084620532683864,Electronic Components,Technology,NEON
2008Q2,2008,Q2,2008-08-14,2008-06-30,-12598000.0,401000.0,-11935000.0,-123.86,-7981000.0,-19.9027431421,9852000.0,-21903000.0,9146000.0,31678000.0,31755000.0,6036000.0,-82705000.0,9735230.700000001,8359230.700000001,-196.91984032797498,0.28871772207841406,0.0730816077953715,-0.032872209286399126,0.6161522113966352,-196.91984032797498,0.5751723508195224,24.277383291770576,-0.19319000436577236,-0.44447019586358033,0.0,1.3886679920477136,0.0,0.040702395452699956,0.06897531409811225,-1.278725131952903,-2.920861296129613,-19.90274314214464,0.4571829257603646,-3.7552593395152556,-0.9923714613731598,-1.149267414878443,-30.924,-0.1013200454585191,-0.961380443714051,0.47547089341505333,-0.9908172015830045,-1.0438611937809172,Electronic Components,Technology,NEON
2008Q1,2008,Q1,2008-05-20,2008-03-31,-11439000.0,391000.0,-6085000.0,-228.18,-250000.0,-0.6393861893,13960000.0,-9441000.0,13324000.0,23301000.0,23401000.0,11453000.0,-70107000.0,79382057.4,78945057.4,-96.62859248341931,0.5718209518904768,0.015687679083094555,-0.02319669526533206,1.2859835152104468,-96.62859248341931,1.21163012392755,203.02316470588238,-1.734899409913454,-8.408225548141086,0.0,0.05596786868069501,0.0,0.028008595988538682,0.04257328011673319,-0.8194126074498568,-8.061547415456484,-0.639386189258312,0.0,-6.241250340699166,-0.9925986675576617,-1.081198827522709,0.0,0.0,0.0,0.47902741167986196,-0.9902298688797486,-1.1038333559580602,Electronic Components,Technology,NEON
2007Q3,2007,Q3,2007-11-14,2007-09-30,-25233000.0,1193000.0,-2554000.0,-638.04,143000.0,0.1198658843,,,,,,,,88386173.7,,,0.0,0.0,0.0,0.0,,0.0,74.08732078792958,-0.8757002110331709,0.0,,0.0,,0.0,0.0,0.0,0.0,0.11986588432523052,-2.3169058016219584,-1.2377553333257283,-0.9521472546296994,0.0,4.5,-13.485074626865671,-0.45610034207525657,-2.2906156502198938,-0.9699025551155126,0.0,Electronic Components,Technology,NEON
2007Q2,2007,Q2,2007-09-13,2007-07-31,-1742000.0,26000.0,-1754000.0,-192.36,26000.0,1.0,1760000.0,1146000.0,1581000.0,563000.0,614000.0,0.0,-34840000.0,9780480.0,9424480.0,126.54593639575971,2.808170515097691,0.028977272727272727,0.04450261780104712,-1.4062559831514454,126.54593639575971,-1.5200698080279231,376.1723076923077,-1.4036280137772674,8.534450261780105,0.0,0.0,0.0,0.014772727272727272,2.5150976909413854,-0.9897727272727272,-30.186666666666667,1.0,-16.0079575596817,-13.133989519755865,-0.9966683334643941,-0.836742612782326,-0.037037037037037035,-16.247524752475247,-0.42833876221498374,-10.890643869928882,-0.995977198180925,-0.9224925220688215,Electronic Components,Technology,NEON
2007Q1,2007,Q1,2007-06-11,2007-04-30,-101000.0,27000.0,-1228000.0,-11.31,27000.0,1.0,3173000.0,2539000.0,2091000.0,573000.0,634000.0,0.0,-33099000.0,5359200.0,4215200.0,284.2588446036722,3.649214659685864,0.029940119760479042,0.03741630563213864,-0.03759928213709728,284.2588446036722,-0.03977944072469476,198.48888888888888,-13.265346534653466,2.1107522646711305,0.0,0.0,0.0,0.008509297195083518,2.3403141361256545,-0.03183107469271983,-5.928318584070796,1.0,0.9114399812074231,0.9670974446547048,-0.9951378577818693,-0.707839223096374,-0.9052631578947369,0.9105403011514615,-0.0905861456483126,0.9496833386919593,-0.992620090626114,-0.6945464169828961,Electronic Components,Technology,NEON
2006Q4,,,,,,,,,,,,,,,,,,6188000.0,5945000.0,280.7692307692308,1.8535233570863026,0.050289162685441285,0.08058017727639001,-0.3998597153416686,280.7692307692308,-0.4548751007252216,5.126760563380282,-1.370239149689991,2.4931506849315066,0.0,1.2913165266106443,0.0,0.30349509680663816,1.1132224861441014,-0.28388232335931607,-8.789772727272727,0.23612261806130902,0.8824228028503562,0.7100724241951422,-0.7057452485160981,-0.733952390994886,-0.3463302752293578,0.8748891843971631,0.5647468109779668,-1.6510630829405275,-0.8202473452473452,-0.8260485355240544,Electronic Components,Technology,NEON
