Quarters,Year,Quarter,FillingDate,Date,NetIncome,Revenue,OperatingIncome,EPSDiluted,GrossProfit,GrossProfitRatio,TotalAssets,CommonStockEquity,CurrentAssets,CurrentLiability,TotalLiability,Inventory,RetainedEarnings,MarketCap,EnterpriseValue,bookValuePerShare,currentRatio,debtToAssets,debtToEquity,roic,shareholdersEquityPerShare,roe,priceToSalesRatio,peRatio,pbRatio,payoutRatio,inventoryTurnover,dividendYield,assetTurnover,quickRatio,returnOnAssets,priceToFreeCashFlowsRatio,grossProfitMargin,epsdilutedGrowth,fiveYNetIncomeGrowthPerShare,fiveYRevenueGrowthPerShare,fiveYShareholdersEquityGrowthPerShare,grossProfitGrowth,netIncomeGrowth,operatingIncomeGrowth,threeYNetIncomeGrowthPerShare,threeYRevenueGrowthPerShare,threeYShareholdersEquityGrowthPerShare,Industry,Sector,Symbol
2023Q4,2023,Q4,2023-05-24,2023-03-31,-17543000.0,393289000.0,56151000.0,-0.27,122353000.0,0.311102014,1714844000.0,-797396000.0,933512000.0,396924000.0,2512240000.0,389245000.0,-1207556000.0,755540510.0,2219919510.0,-12.232063691727133,2.351865848373996,0.986551546379729,-2.1216334167715916,0.07031194585369487,-12.232063691727133,0.022000361175626666,1.9210822321498948,-10.766979849512627,-0.9475097818398888,0.0,0.6960551837531632,0.0,0.22934389367196084,1.3282265622638088,-0.01023008506896254,14.631482822727449,0.3111020140405656,-4.375,0.9563110365460651,-0.6671008176658444,-2.343606404791186,0.38011821237620413,-2.6018078889700513,0.6024371450586455,0.8140905670694153,-0.5485934792592281,0.18804037680864719,Aerospace & Defense,Industrials,TGI
2023Q3,2023,Q3,2023-02-02,2022-12-31,10952000.0,328855000.0,35041000.0,0.08,88654000.0,0.2695838591,1597292000.0,-688063000.0,823342000.0,370115000.0,2285355000.0,400467000.0,-1190013000.0,684494320.0,2176262320.0,-10.574847078351212,2.22455723221161,1.006814658810036,-2.33725254809516,0.03674141732380825,-10.574847078351212,-0.01591714712170252,2.0814472031746516,15.624870343316289,-0.9948134400483677,0.0,0.5998022308954296,0.0,0.2058828316926398,1.0927036191454007,0.006856604803630144,-136.29914774990044,0.26958385914764865,-0.950920245398773,1.0735087059049477,-0.6775546356721371,-1.698746264796881,-0.10934517470714702,-0.8971894185457071,-0.10146674188419919,1.6126359084567157,-0.6385448036018821,-4.206913063740439e-05,Aerospace & Defense,Industrials,TGI
2023Q2,2023,Q2,2022-11-08,2022-09-30,106526000.0,307600000.0,38998000.0,1.63,99538000.0,0.3235955787,1568274000.0,-702103000.0,799339000.0,355862000.0,2270377000.0,398075000.0,-1200965000.0,558659240.0,2044991240.0,-10.795605510794022,2.2462049895746103,1.0143520838833011,-2.2657387876137833,0.04317385550110654,-10.795605510794022,-0.1517241772218606,1.8161873862158648,1.3110865891894936,-0.7956941360455659,0.0,0.5226703510644979,0.0,0.19613919506412783,1.078255053925398,0.06792563034265696,-23.80413481614044,0.32359557867360206,11.187499999999998,16.054073687391742,-0.6862683424673082,-1.623483445235442,0.2929699677855139,11.300328756526785,0.6236312918939173,0.9174357691885852,-0.6937963208752999,0.08663166582931495,Aerospace & Defense,Industrials,TGI
2023Q1,2023,Q1,2022-08-03,2022-06-30,-10342000.0,349384000.0,24019000.0,-0.16,76984000.0,0.2203420878,1667461000.0,-805287000.0,885001000.0,543530000.0,2472748000.0,379929000.0,-1307491000.0,861457800.0,2316862800.0,-12.423434125269978,1.6282468309016982,0.9535701284767679,-1.9745022582011134,0.036841020288372855,-12.423434125269978,0.012842626293482944,2.4656475396698188,-20.82425546315993,-1.0697525230135343,0.0,0.7169760665808612,0.0,0.2095305377457104,0.7361764759994849,-0.006202244010504594,-8.966606990444866,0.220342087788794,0.0,-3.0768166508505166,-0.6597736605721244,-1.7187147969549954,-0.24472917422912027,0.022033096926713947,-0.04988132911392405,-1.4397491075548101,-0.6320119383033896,-0.11012151384199045,Aerospace & Defense,Industrials,TGI
2022Q4,2022,Q4,2022-05-23,2022-03-31,-10575000.0,386651000.0,25280000.0,-0.16,101929000.0,0.2636201639,1760700000.0,-787423000.0,962602000.0,601504000.0,2548123000.0,361692000.0,-1297149000.0,1634099200.0,2982711200.0,-12.181667698019801,1.600325184869926,0.9027602658033737,-2.0185973739654544,0.033225193722636596,-12.181667698019801,0.013429884572840773,4.226289858295982,-38.631186761229316,-2.0752495164606573,0.0,0.7871946296849253,0.0,0.21960072698358607,0.8667756157897537,-0.006006133924007497,56.112190096834006,0.2636201639204347,-2.4545454545454546,0.9363402778634365,-0.6791088655454276,-1.7102002082727707,0.1726625326445853,-2.461038961038961,-0.3782893118882495,0.9592061282985527,-0.6574002327580384,-0.05759040524327477,Aerospace & Defense,Industrials,TGI
2022Q3,2022,Q3,2022-02-09,2021-12-31,7238000.0,319249000.0,40662000.0,0.11,86921000.0,0.2722671019,1752539000.0,-812038000.0,928248000.0,563160000.0,2564577000.0,394532000.0,-1286574000.0,1197427130.0,2579811130.0,-12.566162702527043,1.64828467930961,0.9064123537336402,-1.9562175661730117,0.045430969071414744,-12.566162702527043,-0.008913375975015948,3.7507623516440147,41.35904704338215,-1.4745949450641473,0.0,0.5888698508612736,0.0,0.1821637064852765,0.9158409688188082,0.004130007948467908,166.101696490498,0.2722671018546652,1.7857142857142856,-0.8116326883717475,-0.7115491044049482,-1.6320005382793066,-0.08562922754862667,1.7980154355016538,1.4717038477904079,1.1804275249401617,-0.6951758825123845,-1.2654820693369018,Aerospace & Defense,Industrials,TGI
2022Q2,2022,Q2,2021-11-09,2021-09-30,-9070000.0,357396000.0,16451000.0,-0.14,95061000.0,0.26598227176577244,1800717000.0,-828869000.0,968380000.0,549010000.0,2629586000.0,387906000.0,-1293812000.0,1202473350.0,2618040350.0,-12.841722829034007,1.763865867652684,0.8939155902898679,-1.9420306465798576,0.026238460541995513,-12.841722829034007,0.010942621813579708,3.364540593627237,-33.144248897464166,-1.4507399239204266,0.0,0.6762849762571345,0.0,0.19847427441402507,0.9467896759621864,-0.005036882530680835,-29.05858606606897,0.26598227176577244,0.702127659574468,-1.1990491115196646,-0.6879128746009663,-1.6556054100795579,-0.07679084764198586,0.7011630588777964,-0.21030145929339478,0.5248138736465445,-0.6786392099274695,-1.6771953092375147,Aerospace & Defense,Industrials,TGI
2022Q1,2022,Q1,2021-08-04,2021-06-30,-30351000.0,396646000.0,20832000.0,-0.47,102968000.0,0.25959671848449245,1883493000.0,-826226000.0,1007240000.0,562701000.0,2709719000.0,412663000.0,-1284742000.0,1334204250.0,2707658250.0,-12.849748829686309,1.7900092589137038,0.8552938609275426,-1.9497570882543034,0.02765334913063741,-12.849748829686309,0.036734501213953566,3.3637153784482887,-10.989788227735495,-1.6148175559713687,0.0,0.7116654509854288,0.0,0.2105906419615045,1.0161506732705292,-0.016114209078557765,-8.799310474456888,0.25959671848449245,0.6299212598425197,-2.1785419314412597,-0.6597361954632737,-1.6750154857244477,-0.039791112976173826,0.587167942980726,1.4507920020773826,0.6943843696123152,-0.6329990518785533,-1.8101683460158442,Aerospace & Defense,Industrials,TGI
2021Q4,2021,Q4,2021-05-20,2021-03-31,-73519000.0,466833000.0,-46212000.0,-1.27,107235000.0,0.22970741142978324,2450935000.0,-818853000.0,1554434000.0,718367000.0,3269788000.0,400366000.0,-1254391000.0,1064569600.0,2469895600.0,-14.137655386740331,2.163843829129122,0.814059940390096,-2.4365887405920232,-0.038324874221342224,-14.137655386740331,0.08978290364693052,2.280407768945212,-3.620049238972238,-1.3000741280791546,0.0,0.8981731715480336,0.0,0.19047139153017115,1.2787140834698698,-0.029996307531615484,64.2778408404782,0.22970741142978324,0.023076923076923096,0.942324784882403,-0.6248187551317969,-1.7445622556941456,0.25802137469058317,-0.07932057079100359,-0.3215133403872001,0.7939307290740624,-0.5552578994756784,-2.552922287283547,Aerospace & Defense,Industrials,TGI
2021Q3,2021,Q3,2021-02-03,2020-12-31,-68116000.0,425994000.0,-34969000.0,-1.3,85241000.0,0.20009906242810932,2401922000.0,-1069830000.0,1338501000.0,639355000.0,3471752000.0,446208000.0,-1180872000.0,659249280.0,2201318280.0,-20.382373113854594,2.093517685792713,0.8407204730211889,-1.8875382070048512,-0.03720957033939669,-20.382373113854594,0.0636699288672032,1.5475553176805308,-2.4195830641846263,-0.6162187263396989,0.0,0.763664031124498,0.0,0.1773554678295132,1.2563583611608575,-0.028358955869507835,17.501573749601786,0.20009906242810932,-1.03125,0.2793449022882466,-0.5628070706824992,-1.462940167733837,-0.14539366171059623,-1.0339813072949327,-5.711533279439505,0.43325387032506774,-0.4822152508108814,-2.346790830683373,Aerospace & Defense,Industrials,TGI
2021Q2,2021,Q2,2020-11-05,2020-09-30,-33489000.0,481815000.0,7422000.0,-0.64,99743000.0,0.20701514066602328,2533425000.0,-1064357000.0,1464536000.0,674042000.0,3597782000.0,465800000.0,-1112756000.0,338591610.0,1920187610.0,-20.46407490723116,2.172766682194878,0.7980528336145731,-1.8995571974440906,0.00794933390887125,-20.46407490723116,0.03146406703765748,0.7027419445222751,-2.5276330287557105,-0.31811846025346757,0.0,0.8202490339201374,0.0,0.19018324994819266,1.2863723625530754,-0.013218863791112822,-7.16277654375833,0.20701514066602328,0.8803738317757009,-1.5143686066823445,-0.5224516879796578,-1.4461900125273484,-0.014728253353616374,0.8792379757242692,1.0294066372943675,-4.917785449439247,-0.38551547840859657,-2.181870893111044,Aerospace & Defense,Industrials,TGI
2021Q1,2021,Q1,2020-08-05,2020-06-30,-277314000.0,495077000.0,-252392000.0,-5.35,101234000.0,0.20448132310731462,2266320000.0,-1047381000.0,1172627000.0,789360000.0,3313701000.0,467105000.0,-1107815000.0,467258600.0,2000970600.0,-20.19631700732742,1.4855414513023208,0.6903795580500547,-1.4938413051220139,-0.48946472986987855,-20.19631700732742,0.26476898091525436,0.9438099527952217,-0.42123603568518,-0.44612094357258725,0.0,0.8431573200886311,0.0,0.2184497334886512,0.622961639809466,-0.12236312612517208,-2.2764674357875045,0.20448132310731462,-2.6959510338300414,-5.1937022935537405,-0.5105816490447769,-1.4484610632909167,-0.2581850690271712,-2.69412140830436,-5.262517989181679,-135.63594226418854,-0.3974207330624643,-2.1683880423718676,Aerospace & Defense,Industrials,TGI
2020Q4,2020,Q4,2020-05-28,2020-03-31,-75069000.0,693110000.0,-40302000.0,-1.44753,136468000.0,0.19689226818253958,2980333000.0,-781264000.0,1561632000.0,987753000.0,3761597000.0,452976000.0,-830501000.0,350573600.0,1685756600.0,-15.064866949479368,1.580994438893124,0.6108867700354289,-2.3303851194986587,-0.03342572824460815,-15.064866949479368,0.09608659812816155,0.5057979252932435,-1.167504562469195,-0.44872616682709043,-0.027614594572992847,1.2288553918971425,0.005913166308016348,0.23256126077186676,1.1028738966118048,-0.02518812495113801,7.826351743537081,0.19689226818253958,-4.361222222222222,-1.8706089847769098,-0.38359806291224147,-1.3514292016533087,-0.1383725628851399,-4.421710241224902,-25.26369656833233,0.4367336218636568,-0.28301580717272595,-1.8782928504001979,Aerospace & Defense,Industrials,TGI
2020Q3,2020,Q3,2020-02-06,2019-12-31,-13846000.0,704666000.0,1661000.0,-0.27,158384000.0,0.2247646402692907,2625386000.0,-532897000.0,1096195000.0,883312000.0,3158283000.0,473863000.0,-753359000.0,1273481650.0,2628575650.0,-10.574402222442703,1.2410054431503252,0.5365641471387446,-2.643452674719505,0.0014981700723285538,-10.574402222442703,0.025982506938489053,1.807213133598045,-22.99367416582406,-2.3897331942195206,-0.14473494149934998,1.1528268719017944,0.0015736386935767783,0.2684047222008497,0.6749585650370424,-0.005273891153529424,32.137527128652906,0.2247646402692907,-1.3176470588235296,0.6506794067377857,-0.22812227356848852,-1.2358646876265897,0.05678102939802768,-1.3242547012950516,-0.972786998050363,-1.4620590841150765,-0.18358328380007247,-1.5318272614138393,Aerospace & Defense,Industrials,TGI
2020Q2,2020,Q2,2019-11-07,2019-09-30,42701000.0,772110000.0,61037000.0,0.85,149874000.0,0.1941096475890741,2761803000.0,-590824000.0,1143084000.0,925398000.0,3352627000.0,454402000.0,-737509000.0,1143702560.0,2587383560.0,-11.819553083801788,1.2352350015885056,0.5317298156313104,-2.4855676140441147,0.05493648531612188,-11.819553083801788,-0.0722736381731277,1.4812689383637045,6.695994004824243,-1.9357753916563987,0.04690756656752769,1.3693513672915172,0.0017513294715367255,0.27956736957704803,0.7216657049183163,0.015461276564621011,-46.65127100668951,0.1941096475890741,1.3611111111111112,-0.3538658944662504,-0.2073529029459968,-1.2561836122100438,0.012675846970905012,1.360736399823087,0.718819520711892,0.2100311041941955,-0.12941561205191335,-1.6034208220834085,Aerospace & Defense,Industrials,TGI
2020Q1,2020,Q1,2019-08-05,2019-06-30,18088000.0,730231000.0,35511000.0,0.36,147998000.0,0.20267285283697897,2823266000.0,-557919000.0,1178660000.0,970388000.0,3381185000.0,470448000.0,-778207000.0,1144149300.0,2550791300.0,-11.191057889035985,1.214627551041439,0.5084781242716768,-2.573077812370613,0.03196623196658939,-11.191057889035985,-0.032420476807565254,1.5668320024759288,15.813651315789473,-2.0507444629059055,0.11045997346306943,1.2376139339523178,0.001746275595326589,0.25864760883317406,0.7051869973660021,0.006406764364392161,-372.44443359375,0.20267285283697897,1.089775561097257,-0.853758105331675,-0.15583227194865287,-1.2457893246036023,-0.02677074222885664,1.0906157946416046,1.187693250950068,-0.09412809006230498,-0.19206364668407175,-1.5878821039121005,Aerospace & Defense,Industrials,TGI
2019Q4,2019,Q4,2019-05-23,2019-03-31,-199612000.0,869027000.0,-189197000.0,-4.01,152069000.0,0.17498765861129748,2854574000.0,-573313000.0,1241070000.0,975275000.0,3427887000.0,413560000.0,-794072000.0,987018419.9999999,2383032420.0,-11.518322819142524,1.272533388018764,0.5215562812524741,-2.596872912353287,-0.19853691843016155,-11.518322819142524,0.34817281310558107,1.135774170422783,-1.2361711971224174,-1.7216048127288235,-0.00999939883373745,1.733625108811297,0.0020222520264616744,0.3044331658594242,0.8131696188254595,-0.06992707142992265,153.717243420028,0.17498765861129748,-5.46774193548387,-5.9484006153350215,-0.026744500159784343,-1.263252347765049,0.6071379503492882,-5.450541282921312,-10.173271127384398,0.8177773795803429,-0.18728392235000335,-1.6066146178720422,Aerospace & Defense,Industrials,TGI
2019Q3,2019,Q3,2019-02-07,2018-12-31,-30945000.0,807895000.0,-16933000.0,-0.62,94621000.0,0.11712041787608539,3330514000.0,-276497000.0,1532818000.0,1111117000.0,3607011000.0,543718000.0,-566991000.0,573252839.5,2178281839.5,-5.546794155914513,1.379528888496891,0.4905227841708517,-5.908537886487014,-0.012989839784619137,-5.546794155914513,0.11191803166037968,0.7095635441486827,-4.631223456939732,-2.0732696539202955,-0.06443690418484407,1.311845478722426,0.003478395330303462,0.2425736688090787,0.8611397359593994,-0.00929135863113021,-88.09786990932841,0.11712041787608539,-1.0666666666666667,-1.9124907647412737,-0.07933409472168416,-1.125485920618656,-0.27567861353093376,-1.108544562551104,-7.462268865567216,0.6552689010981623,-0.12695582687161014,-1.1259830640220538,Aerospace & Defense,Industrials,TGI
2019Q2,2019,Q2,2018-11-09,2018-09-30,-14676000.0,855108000.0,-2001000.0,-0.3,130634000.0,0.15276900695584653,3375383000.0,-238051000.0,1543853000.0,1161761000.0,3613434000.0,533583000.0,-533968000.0,1134496080.0,2729308080.0,-4.796707503828484,1.3288903655743307,0.482327190721764,-6.839034492608727,-0.0014887807363694974,-4.796707503828484,0.06165065469164171,1.3267284132530628,-19.325703188879803,-4.7657690158831505,-0.13579994548923413,1.3577531518058108,0.0017567270924373753,0.25333658432243095,0.8438043625151816,-0.004347951032519865,-7.904849392763327,0.15276900695584653,0.8051948051948051,-1.3094025006912564,-0.07721346468835032,-1.1136213805176418,1.083942188048368,0.8082420884835498,0.969931478030895,-1.2362372663667482,-0.11176803590954319,-1.1045853766136764,Aerospace & Defense,Industrials,TGI
2019Q1,2019,Q1,2018-08-08,2018-06-30,-76534000.0,832900000.0,-66548000.0,-1.54,62686000.0,0.07526233641493577,3419967000.0,-226581000.0,1553086000.0,1260942000.0,3646548000.0,533982000.0,-517318000.0,971219200.0000001,2458538200.0,-4.572590410074265,1.2316871037684525,0.4445580907652033,-6.710068364072892,-0.052138725978513725,-4.572590410074265,0.3377776600862385,1.166069396085965,-3.172508950270468,-4.28641059930003,-0.025975383489690855,1.442396934728137,0.0020469117579224134,0.24354036164676443,0.7198047174255437,-0.022378578506751675,-12.465271966527197,0.07526233641493577,0.7450331125827815,-1.9929371020472375,-0.09489810853489856,-1.1088734448112412,-0.6615592268653493,0.7489289111964046,0.7622937644440793,-2.2112995012626144,-0.13826906209008588,-1.1015347875828927,Aerospace & Defense,Industrials,TGI
2018Q4,2018,Q4,2018-05-23,2018-03-31,-304830000.0,896860000.0,-279959000.0,-6.04,185220000.0,0.20652052717257988,3807064000.0,450534000.0,1922925000.0,992439000.0,3356530000.0,1427169000.0,146155000.0,1247097600.0,2649562600.0,9.103903976721629,1.9375750046098552,0.3777934912573048,3.1923983539533087,-0.14708906977939692,9.103903976721629,-0.6765971047690075,1.3905153535668888,-1.0227812223206376,2.768043255337,-0.006518387297838139,0.4986375124459682,0.0015932995140075647,0.23557786262589755,0.45343240239450483,-0.08006957592517489,-12.380228922001727,0.20652052717257988,-1.6375545851528384,-5.677266761283419,-0.0846625609064777,-0.7782558253707483,0.13604023552502453,-1.6916080952212764,-1.338760609503442,-4.704698163297113,-0.16416780645811496,-0.7876265540746621,Aerospace & Defense,Industrials,TGI
2018Q3,2018,Q3,2018-02-07,2017-12-31,-113252000.0,775246000.0,-119704000.0,-2.29,163040000.0,0.210307437897132,4185932000.0,748514000.0,1891611000.0,1029627000.0,3437418000.0,1462724000.0,452973000.0,1345284800.0,2655507800.0,15.134030206837988,1.8371808431597074,0.32838827768821854,1.8364532927907828,-0.04387292688918824,15.134030206837988,-0.15130244724881564,1.7353005368618477,-2.969671175784975,1.797274065682138,-0.017536114152509448,0.4185382888364449,0.0014762673301593834,0.18520272187890297,0.37429768255882956,-0.02705538455951984,14.681867094478822,0.210307437897132,-19.81818181818182,-2.5144083112857287,-0.12436791831952566,-0.6287544005578709,-0.013624373835394332,-20.05838601710673,-7.351018675721562,-1.911306033227706,-0.13473956809951884,-0.6624316692161314,Aerospace & Defense,Industrials,TGI
2018Q2,2018,Q2,2017-11-08,2017-09-30,-5378000.0,745156000.0,18848000.0,-0.11,165292000.0,0.22182200774066102,4281946000.0,855845000.0,1761368000.0,939892000.0,3426101000.0,1368715000.0,568210000.0,1470483000.0,2868827000.0,17.314983410212836,1.8740110565894805,0.33443042018745683,1.6732153602579907,0.00678802436649483,17.314983410212836,-0.006283848126705186,1.9733894647563732,-68.35640572703608,1.718165088304541,-0.3692822610635924,0.42365576471361827,0.0013505766472648782,0.17402274573289808,0.38706893983564067,-0.0012559710001013558,-6.978804690874058,0.22182200774066102,-1.7500000000000002,-1.0673755942969805,-0.2020640911575224,-0.5593268660345171,0.07093940120381229,-1.7850854479544278,0.023847031343364657,-1.0822980325040337,-0.22637243791644526,-0.6247053535835961,Aerospace & Defense,Industrials,TGI
2018Q1,2018,Q1,2017-07-28,2017-06-30,-1931000.0,781689000.0,18409000.0,-0.04,154343000.0,0.19744808996928445,4276044000.0,852890000.0,1663799000.0,1161607000.0,3423154000.0,1248656000.0,575573000.0,1559175600.0,2803241600.0,17.285624531322835,1.4323252184258533,0.2995839144779614,1.5019920505575162,0.006384978577703289,17.285624531322835,-0.0022640668784954686,1.994623948910628,-201.86116002071466,1.8281086658302947,-1.0274469186949766,0.5024169987570636,0.00127246732183341,0.18280658477789283,0.32793362987654173,-0.00045158562446972014,-14.02981652614435,0.19744808996928445,0.9844357976653696,-1.025335837993871,-0.1180716716959751,-0.5424360009064383,-0.45461066587513604,0.9847741752349713,1.1593990821716167,-1.0157744996096658,-0.08695003886287976,-0.6203556427790686,Aerospace & Defense,Industrials,TGI
2017Q4,2017,Q4,2017-05-24,2017-03-31,-126824000.0,919914000.0,-115490000.0,-2.57,282996000.0,0.3076331048337127,4414600000.0,846473000.0,1772919000.0,1334260000.0,3568127000.0,1340175000.0,579489000.0,1270762500.0,2397429500.0,17.15244174265451,1.32876575779833,0.2709871789063562,1.4132760288869226,-0.051116477918371525,17.15244174265451,-0.14982639729796463,1.3813927171452984,-2.5049724421245188,1.5012439853368034,-0.015635841796505394,0.47524987408360847,0.0015604804202201436,0.20837992117066098,0.2858700703011407,-0.028728310605717393,2.9181803777120496,0.3076331048337127,-5.3559322033898304,-2.195222752203527,-0.026661411403521847,-0.5273671725367087,0.4765214124718257,-5.323741988272194,-3.093499619330747,-4.170991217905388,0.03909728848997091,-0.6079793360928588,Aerospace & Defense,Industrials,TGI
2017Q3,2017,Q3,2017-02-02,2016-12-31,29332000.0,844863000.0,55166000.0,0.59,191664000.0,0.22685808231630453,4858920000.0,980816000.0,1918167000.0,1167594000.0,3878104000.0,1474054000.0,708297000.0,1307218500.0,2930137500.0,19.883151898477568,1.6428373218772965,0.34130629851901245,1.6908166261561801,0.017286410712406775,19.883151898477568,0.029905711162950033,1.5472549987394406,11.141573196508933,1.3327866796626484,0.06757125323878359,0.4431309843465707,0.001516196412458973,0.17387876318194168,0.29403542669797894,0.006036732442600413,-25.849172450613988,0.22685808231630453,-0.15714285714285714,-0.5586840728894681,0.014236728685310179,-0.4615857567402021,-0.048043827016395396,-0.15729594621771484,-0.21734812586896687,-0.1259712272268276,-0.027074707123171404,-0.5501805997036009,Aerospace & Defense,Industrials,TGI
2017Q2,2017,Q2,2016-11-09,2016-09-30,34807000.0,874769000.0,70486000.0,0.7,201337000.0,0.23016019086181608,4854467000.0,965746000.0,1841521000.0,1015763000.0,3888721000.0,1449019000.0,680947000.0,1374595520.0,2954069520.0,19.587579101087133,1.8129435704982364,0.3328252102651022,1.6729957980669865,0.018071953227696405,19.587579101087133,0.036041567865670684,1.5713811531958723,9.872981871462637,1.423350984627428,0.05691383917028184,0.46475028967874127,0.0014411512122489676,0.18019877362437525,0.3602149320264668,0.0071700971496973815,-23.51947164000342,0.23016019086181608,0.7499999999999998,-0.41221313784585023,0.09293964462754335,-0.45205831374808914,0.20658616246666467,0.7638086551130029,0.5084963403672473,-0.26136934415290924,-0.049792875380936845,-0.5360217864675515,Aerospace & Defense,Industrials,TGI
2017Q1,2017,Q1,2016-08-03,2016-06-30,19734000.0,893253000.0,46726000.0,0.4,166865000.0,0.18680597770172616,4846407000.0,937934000.0,1800212000.0,1084518000.0,3908473000.0,1355154000.0,648121000.0,1749120500.0,3257233500.0,19.03622820726188,1.6599189686109406,0.3176398515436281,1.6412796636010636,0.013014306439229722,19.03622820726188,0.021039859947501637,1.9581467960365093,22.15871718860849,1.8648652250584796,0.10038512212425256,0.5360187845809407,0.0011325691969192517,0.18431241948932478,0.386732170420408,0.0040718825307078,-18.077270096529485,0.18680597770172616,1.0182398540811672,-0.22686122705186185,1.0795108622768295,0.09179815356387268,1.4336769169993346,1.018210592854737,1.0395056008400625,-0.7425148055560615,-0.02377729313153007,-0.5467471268427342,Aerospace & Defense,Industrials,TGI
2016Q4,2016,Q4,2016-05-27,2016-03-31,-1083655000.0,1057794000.0,-1182769000.0,-21.93,-384768000.0,-0.36374568205151475,4835093000.0,934944000.0,1742641000.0,1135874000.0,3900149000.0,1236190000.0,630368000.0,1550043720.0,2946379720.0,18.987875464570767,1.5341851296886801,0.2931319004618939,1.515941061710648,-0.45359046603081543,18.987875464570767,-1.1590587243727966,1.4653549935053518,-0.3575962183536273,1.6579000667419654,-0.0018206901643050603,1.1669419749391274,0.0012728673227359033,0.21877428210791394,0.409545424932695,-0.224122886571158,6.407840164036081,-0.36374568205151475,-11.183333333333332,-41.755889709098824,1.2657025735415417,0.12762748123060438,-2.7327677051528005,-11.224108562984354,-8.368467326732674,-17.711527637280053,0.08504649664460753,-0.5375115133441386,Aerospace & Defense,Industrials,TGI
2016Q3,2016,Q3,2016-02-04,2015-12-31,-88649000.0,913866000.0,-126250000.0,-1.8,222054000.0,0.2429831069325262,6048856000.0,2167415000.0,2273037000.0,814202000.0,3881441000.0,1713751000.0,1715996000.0,1956813000.0,3596077000.0,44.028093767774436,2.791735957415973,0.2778961840057029,0.7755570576008748,-0.020474426295749176,44.028093767774436,-0.04090079657103047,2.1412471850358807,-5.518429423907771,0.9028326370353624,-0.022256314228022878,0.403682915429371,0.0010082721241120127,0.15108079941066543,0.646628232305988,-0.014655498494260732,-91.01879157170102,0.2429831069325262,-2.44,-2.9424460047871692,0.10250001966321283,0.46727913547410466,-0.008435182166890681,-2.438826851911965,-2.147237089607168,-2.19097894664728,0.03704544925429823,0.08003194388540626,Aerospace & Defense,Industrials,TGI
2016Q2,2016,Q2,2015-10-30,2015-09-30,61612000.0,954774000.0,110047000.0,1.25,223943000.0,0.234550794219365,6272571000.0,2257382000.0,2291411000.0,847248000.0,4015189000.0,1608822000.0,1806618000.0,2071135520.0,3631741520.0,45.8640362461651,2.7045339735236906,0.25503019415802547,0.7086505518339387,0.01861828218191979,45.8640362461651,0.027293563960375338,2.169241642524828,8.403945335324288,0.9174944781166856,0.032006751931441924,0.45426467315837304,0.0009521347014511152,0.15221413994357338,0.68455871244311,0.009822447605614987,-41.27659126691512,0.234550794219365,-0.015748031496063006,0.44989813980558313,0.2136112766649884,0.554605755246525,-0.015825510670463734,-0.01785372696550405,0.020219531641110268,-0.2248471108108969,0.02674274594605906,0.16725775070526866,Aerospace & Defense,Industrials,TGI
2016Q1,2016,Q1,2015-08-04,2015-06-30,62732000.0,959638000.0,107866000.0,1.27,227544000.0,0.23711441189281793,6253005000.0,2215618000.0,2232307000.0,845662000.0,4037387000.0,1511566000.0,1746978000.0,3246576019.9999995,4755410020.0,45.03471685840888,2.6397153945666236,0.24764173385436283,0.6989043237597817,0.020029746102573676,45.03471685840888,0.028313545024458188,3.383125741164897,12.938277195051965,1.4653139756040978,0.031419371293757575,0.4843281735630465,0.0006071011391256441,0.15346829244499244,0.6946948071451715,0.010032296471856331,-19.50996971263055,0.23711441189281793,-0.23493975903614453,2.981132053888301,0.7043605507397095,0.16498172517162552,-0.13499787117571924,-0.2427238378058644,-0.23345438006779565,-0.17452745688061783,0.08584348037555785,0.192104173409513,Aerospace & Defense,Industrials,TGI
2015Q4,2015,Q4,2015-05-21,2015-03-31,82839000.0,1080278000.0,140717000.0,1.66,263056000.0,0.2435076896872842,6069443000.0,2135784000.0,2044614000.0,897443000.0,3933659000.0,1321699000.0,1686217000.0,2975429560.0,4322208560.0,42.86743070469462,2.278266140579402,0.22726896026538185,0.6458499548643496,0.02618190367110632,42.86743070469462,0.038786225573372586,2.754318388414834,8.979555402648511,1.3931322455828865,0.023877642173372446,0.6183117336095435,0.0006647779623457125,0.17798634899446292,0.6178253103539724,0.013648534140612244,22.433384803293272,0.2435076896872842,3.1012658227848102,1.3927777728099104,1.1871984296546052,0.7684161176095431,4.3199587437053815,3.0797097810805383,3.2968204224202657,-0.22671508969971782,0.1321644860326371,0.18120529333516375,Aerospace & Defense,Industrials,TGI
2015Q3,2015,Q3,2015-02-09,2014-12-31,-39832000.0,917417000.0,-61266000.0,-0.79,49447000.0,0.053898063803047035,5975073000.0,2270452000.0,1895132000.0,709146000.0,3704621000.0,1332389000.0,1605356000.0,3404222460.0,4812721460.0,44.83249412554549,2.6724144252382445,0.24144976973503085,0.6354153269921584,-0.008781794610682313,44.83249412554549,-0.01754364329217266,3.710659885308426,-21.366128113074915,1.4993589206025935,-0.05101425989154449,0.6514388815878847,0.0005969057615582503,0.1535407182472917,0.6860477250100826,-0.006666362067877665,133.74543118689348,0.053898063803047035,-1.5984848484848486,-5.625611380503863,0.9028858539501596,0.75994974865155,-0.7779439369852432,-1.590576164635412,-1.5341505518840781,-1.5837446661297234,0.0727603493765143,0.2140154398711386,Aerospace & Defense,Industrials,TGI
2015Q2,2015,Q2,2014-11-03,2014-09-30,67446000.0,994123000.0,114698000.0,1.32,222678000.0,0.22399441517800112,5815591000.0,2353681000.0,1902330000.0,666814000.0,3461910000.0,1278206000.0,1647219000.0,3318525750.0,4841644750.0,46.13703812604136,2.852864516941756,0.26764003864783475,0.6612981963146237,0.019921182779786564,46.13703812604136,0.02865553998184121,3.338144022419761,12.300676652433056,1.4099301264699846,0.030157459300773952,0.6035373014991324,0.0006129227715047865,0.17094101012261695,0.8283029450491441,0.011597445556264187,12.06635717739971,0.22399441517800112,-0.46341463414634143,1.238111539591846,1.049134302633136,0.8212403557295448,0.049927153223410924,-0.4740765577848304,-0.5231328266617884,0.10076279792674854,0.20040330068532822,0.2906345566741687,Aerospace & Defense,Industrials,TGI
2015Q1,2015,Q1,2014-08-04,2014-06-30,128243000.0,896905000.0,240524000.0,2.46,212089000.0,0.23646763035104051,5858612000.0,2353548000.0,2010207000.0,582945000.0,3505064000.0,1245393000.0,1581807000.0,3609065619.9999995,5341233620.0,45.53109825694995,3.448364768545918,0.3000084320313412,0.7468014249125151,0.037861753969517194,45.53109825694995,0.05448922222958699,4.023910692882747,7.035599642865496,1.5334574098340037,0.01603206412825651,0.5498794356480243,0.0005696765358342252,0.15309172206659188,1.188220157990891,0.021889655775122162,-48.03824914480426,0.23646763035104051,2.0749999999999997,3.5198778518980776,0.8037910249389009,0.828358416472573,-5.186232909005186e-05,2.031462745839637,1.9728086221387255,3.789083856481994,0.9902590053129928,1.6113770262383027,Aerospace & Defense,Industrials,TGI
2014Q4,2014,Q4,2014-05-19,2014-03-31,42304000.0,936410000.0,80908000.0,0.8,212100000.0,0.226503347892483,5553283000.0,2283911000.0,1782343000.0,640199000.0,3269372000.0,1153433000.0,1455620000.0,3371011420.0,4892396420.0,43.75392248893657,2.784045273422795,0.279183142656335,0.6788281154563378,0.014105887962904068,43.75392248893657,0.01852261318413896,3.5999310344827586,19.92135152704236,1.4759819537626466,0.04959341906202723,0.6279601849435554,0.0006223651416760849,0.16862277683309135,0.8539610339909934,0.00761783615205636,58.95850391772772,0.226503347892483,0.19402985074626866,0.2034249485678766,0.8945297974226395,0.8443261831288544,0.08151932814244849,0.19526460034470092,-0.04565989219028297,0.5008172534195109,0.8919727748700033,1.598401569581495,Aerospace & Defense,Industrials,TGI
2014Q3,2014,Q3,2014-02-03,2013-12-31,35393000.0,915816000.0,84779000.0,0.67,196113000.0,0.2141401766293666,5527546000.0,2299592000.0,1757490000.0,557826000.0,3227954000.0,1167325000.0,1415414000.0,3957465679.9999995,5553584680.0,44.20252191296325,3.150606102978348,0.29335513444845146,0.7051398682896792,0.013998885456019803,44.20252191296325,0.015390991097551219,4.321245403006717,27.953731528833384,1.7209425324144454,0.05924900404034696,0.6165403807851284,0.0005298845699654937,0.1656822032779103,0.881651267599574,0.0064030222453146475,-81.16047004778407,0.2141401766293666,-0.2872340425531914,0.055321281754269154,1.0226416207657243,0.9095726254804041,0.0004387150749641631,-0.2852209386864852,-0.0881134977573652,-0.2661607419362443,0.04547286102653229,0.4730921234136897,Aerospace & Defense,Industrials,TGI
2014Q2,2014,Q2,2013-11-04,2013-09-30,49516000.0,967345000.0,92971000.0,0.94,196027000.0,0.20264435129142136,5312274000.0,2187115000.0,1662189000.0,603628000.0,3125159000.0,1133674000.0,1382118000.0,3637887540.0,5063736540.0,42.216592352384815,2.753664508604637,0.272631268643146,0.6621928888055726,0.01743028140934095,42.216592352384815,0.022639870331464054,3.76069296889941,18.367232510703612,1.6633270495607226,0.04200662412149608,0.6803701946062095,0.0005717603903720454,0.18209621717554478,0.7575907678238916,0.009321055352190041,-124.89314542708047,0.20264435129142136,-0.37333333333333335,0.25411444613327133,0.8922040334738697,0.8688113612351857,-0.20704901056583014,-0.37355616563136523,-0.3422452704710427,0.10703686069976076,0.16816651160867957,0.43097212564673704,Aerospace & Defense,Industrials,TGI
2014Q1,2014,Q1,2013-08-02,2013-06-30,79043000.0,943683000.0,141346000.0,1.5,247212000.0,0.2619650878525946,5261287000.0,2134186000.0,1631037000.0,616982000.0,3127101000.0,1121858000.0,1334682000.0,4091623800.0,5486877800.0,41.99913411394273,2.6435730702030207,0.2687142898686196,0.6624460098604339,0.025888386952309706,41.99913411394273,0.037036603182665426,4.335803230533982,12.941132674620142,1.917182382416528,0.02617562592512936,0.6208192124136923,0.000505667212122483,0.17936352835342378,0.6964238827064647,0.015023510407244462,-98.64563865181542,0.2619650878525946,0.20967741935483872,1.0513300060925879,0.8970926825768833,0.9174622666721998,0.023601311736062804,0.2048870461266425,0.2512260326115823,3.856645261208187,0.622690472503799,0.08645567528731112,Aerospace & Defense,Industrials,TGI
2013Q4,2013,Q4,2013-05-30,2013-03-31,65602000.0,986268000.0,112966000.0,1.24,241512000.0,0.24487461825791773,5183505000.0,2045158000.0,1626336000.0,736423000.0,3138347000.0,1022555000.0,1257708000.0,3890971540.0,5188797540.0,41.05588790299916,2.2084264071056987,0.2565567121088916,0.6502495161743005,0.022997733573436027,41.05588790299916,0.032076739303271436,3.9451462888383277,14.827945565683974,1.9025285772541778,0.03054784915094052,0.728328549564571,0.0005150384626046378,0.19027048300329602,0.6327382496201233,0.012655915254253637,69.96765999532467,0.24487461825791773,-0.13286713286713284,1.2217663536278707,1.0183940900093558,0.9407533180675421,0.06503208167045178,-0.12789971152440077,-0.1592289371836856,0.8952349465042382,0.9972206785073829,0.6936842889089496,Aerospace & Defense,Industrials,TGI
2013Q3,2013,Q3,2013-02-04,2012-12-31,75223000.0,890565000.0,134360000.0,1.43,226765000.0,0.2546304873872205,4704720000.0,2028086000.0,1400155000.0,616167000.0,2676634000.0,973189000.0,1194111000.0,3248675000.0,4390128000.0,40.76554773869347,2.2723628496819854,0.24972899556190378,0.5793171492727626,0.026834107152012617,40.76554773869347,0.037090636195900965,3.6478808396916564,10.796814139292504,1.6018428212610312,0.026640788056844316,0.682087446528886,0.0006168668764958021,0.189291817578942,0.5771097770571939,0.01598883674267544,46.527290434384085,0.2546304873872205,-0.06535947712418307,1.9961822007086336,1.1555223173106746,0.9755246895203235,-0.03309640254640191,-0.06195208938658952,-0.06007121520563566,7.892298212491027,0.880346632213791,0.6002972151280774,Aerospace & Defense,Industrials,TGI
2013Q2,2013,Q2,2012-11-05,2012-09-30,80191000.0,938181000.0,142947000.0,1.53,234527000.0,0.24998054746365572,4591093000.0,1951129000.0,1429757000.0,638103000.0,2639964000.0,891353000.0,1122814000.0,3112500760.0,4174539760.0,39.2921239704372,2.2406366997177574,0.23800214894361757,0.5600296033732265,0.029822957999425803,39.2921239704372,0.041099794016694946,3.317590912627734,9.703398012245763,1.5952306382612322,0.024940454664488534,0.7894223725056179,0.0006425701242238411,0.20434807136339864,0.67060176805312,0.017466646831157635,374.6389937409726,0.24998054746365572,0.0479452054794521,2.0974553551115735,1.2317579449433131,0.9522011440480617,-0.007969172331236701,0.05055546821778546,0.014225709866469895,1.733811525596257,0.9867094053048929,0.5510402215632744,Aerospace & Defense,Industrials,TGI
2013Q1,2013,Q1,2012-07-31,2012-06-30,76332000.0,887688000.0,140942000.0,1.46,236411000.0,0.26632217626012744,4546732000.0,1866813000.0,1407790000.0,666836000.0,2679919000.0,868300000.0,1044649000.0,2780638320.0,3849891320.0,37.77750121418164,2.111148768212874,0.24220671022615803,0.5899085768097823,0.02930011304682362,37.77750121418164,0.04088893745651011,3.1324500500175736,9.107053136299324,1.4895109044130292,0.026162029031074778,0.7500598871357825,0.0007181804212494633,0.19523649073664337,0.5939196444103197,0.016788321810038507,42.49011827266893,0.26632217626012744,-0.2807881773399014,2.653427384295216,1.1501106162549597,0.92811270487485,-0.014876177697401044,-0.28158793799587767,-0.23082968145427557,1.8141485364625092,0.8674435012050099,0.5170029922945851,Aerospace & Defense,Industrials,TGI
2012Q4,2012,Q4,2012-05-29,2012-03-31,106251000.0,946376000.0,183239000.0,2.03,239981000.0,0.25357891577977465,4554757000.0,1793369000.0,1418383000.0,719981000.0,2761388000.0,817956000.0,970406000.0,3096406560.0,4225606560.0,36.29126193945281,1.9700283757488044,0.2544289409950959,0.6461927244197931,0.04002248138541137,36.29126193945281,0.059246591192331305,3.2718565982231165,7.285593923821894,1.7265864191920346,0.01862570705216892,0.8636100230330238,0.0006391279574087972,0.20777749504529,0.6531700142087082,0.02332747938034894,59.078198885751355,0.25357891577977465,0.5984251968503935,3.9749610755181033,1.3927921790202868,0.9041020557460809,0.15731577932098764,0.612233130509992,0.5576249574974499,2.192752092680352,1.0225241231871587,0.5297582663735999,Aerospace & Defense,Industrials,TGI
2012Q3,2012,Q3,2012-02-03,2011-12-31,65903000.0,825962000.0,117640000.0,1.27,207360000.0,0.25105271186810046,4433573000.0,1806276000.0,1307796000.0,748262000.0,2627297000.0,848555000.0,866689000.0,2858906400.0,4038279400.0,36.92909715407262,1.7477781846465543,0.27338108563905456,0.6710242510004009,0.024914220763056407,36.92909715407262,0.03648556477526137,3.461304999503609,10.84512996373458,1.5827627671518638,0.02999863435655433,0.7290063696519377,0.0006915231642421032,0.18629714679334253,0.5055836057423737,0.014864534766879895,49.59332489114785,0.25105271186810046,0.12389380530973464,3.0572311360210684,1.2663224588398585,0.9698877943174958,0.0403267075385557,0.1267781425249624,0.0846795013646087,1.0900699660043671,0.9402562889032728,0.5953567795968304,Aerospace & Defense,Industrials,TGI
2012Q2,2012,Q2,2011-11-07,2011-09-30,58488000.0,790528000.0,108456000.0,1.13,199322000.0,0.2521378116904145,4420919000.0,1740799000.0,1274645000.0,814024000.0,2680120000.0,818126000.0,803023000.0,2373491780.0,3603283780.0,35.74756145142411,1.5658567806354604,0.2860360029215645,0.7264147095672734,0.023279650766208144,35.74756145142411,0.033598364888766594,3.0024132984536918,10.145208333333334,1.3634496458235559,0.03354534263438654,0.7226344108364726,0.0008266302064041697,0.17881530966751483,0.4905752164555345,0.013229828458743534,-49.04212616484493,0.2521378116904145,1.3061224489795917,2.0792688466105154,1.3211585251733229,0.9494767114106322,0.01553965924838999,0.16475156825649706,0.0291895995445056,0.5759579458102887,0.6450915315205027,0.5824453195853574,Aerospace & Defense,Industrials,TGI
2012Q1,2012,Q1,2011-08-08,2011-06-30,50215000.0,845063000.0,105380000.0,0.49,196272000.0,0.23225723999275794,4422306000.0,1690074000.0,1219272000.0,842973000.0,2732232000.0,742390000.0,746510000.0,4826244280.0,6028413280.0,17.435666240250896,1.4463950802694747,0.28007876433697715,0.7328637680953615,0.02320939885846733,17.435666240250896,0.029711716765064726,5.711105893880101,24.027901423877328,2.8556408062605545,0.01953599522055163,0.8739220625277819,0.000203263644168463,0.19109102807449327,0.5018405097197657,0.011354935637651487,63.85018958286478,0.23225723999275794,-0.03921568627450984,0.7659503085020525,0.2581310058759585,-0.03175001015202963,-0.06432882354623723,-0.040654910876334945,-0.027949451157642285,-0.3168275554550853,-0.10941318587878991,-0.2039780625174195,Aerospace & Defense,Industrials,TGI
2011Q4,2011,Q4,2011-05-18,2011-03-31,52343000.0,919086000.0,108410000.0,0.51,209766000.0,0.22823326652783307,4470237000.0,1632217000.0,1239855000.0,962546000.0,2838020000.0,781714000.0,697585000.0,4286817700.0,5559493700.0,16.838783889737137,1.288099477843137,0.2934976378209925,0.8038171395102489,0.023141258794547172,16.838783889737137,0.032068652636260984,4.6642182559629894,20.474646562099995,2.6263773138007998,0.01851250405975966,0.9073906825258342,0.00022604180252404948,0.20560117953477636,0.4247267143596254,0.011709222575894745,688.7560571979434,0.22823326652783307,-0.41714285714285715,0.5850430957042768,0.43906871064026265,-0.039444645924560644,0.16380845645552344,0.17245318519845892,0.2509952803517234,-0.0889878717592576,-0.0333897035789912,-0.20401366587318814,Aerospace & Defense,Industrials,TGI
2011Q3,2011,Q3,2011-02-04,2010-12-31,44644000.0,810853000.0,86659000.0,0.875,180241000.0,0.2222856670691235,4433976000.0,1444999000.0,1168782000.0,792114000.0,2988977000.0,805755000.0,646768000.0,2152813980.0,3425313980.0,30.006624304344214,1.475522462675827,0.294490317493825,0.9036428398912387,0.02187117563314437,30.006624304344214,0.030895523111088657,2.6549990935471657,12.055449668488487,1.4898376953894086,0.02170504435086462,0.782634920043934,0.00045010855977440284,0.1828726632710687,0.3900726410592415,0.01006861561722481,-70.75806014790469,0.2222856670691235,0.05421686746987957,2.1564231269237286,1.8621469464230354,0.7368094079350666,0.030048633295805878,0.07472315840154069,0.0062937631361984275,0.8370600328498092,1.0275506304444035,0.45414033296863715,Aerospace & Defense,Industrials,TGI
2011Q2,2011,Q2,2010-11-05,2010-09-30,41540000.0,769059000.0,86117000.0,0.83,174983000.0,0.2275287071603089,4470889000.0,1419461000.0,1203558000.0,698693000.0,3051428000.0,780031000.0,603812000.0,1794411630.0,3032572630.0,29.502036829197323,1.7225848834896014,0.28977950470253233,0.9127210962470966,0.02117052677148431,29.502036829197323,0.029264629320566046,2.3332561350949668,10.799299650938854,1.2641500048257754,0.023302840635532018,0.7616056284942522,0.0005394525892590209,0.17201478274231366,0.5057171032198691,0.00929121702641242,25.36091626033496,0.2275287071603089,1.7213114754098358,2.9001010211952374,1.7697313137233461,0.7369809194989729,0.6128357328515862,2.652831516004221,1.6215220700152206,0.6559794110577628,0.8881179869842066,0.4657876497854849,Aerospace & Defense,Industrials,TGI
2011Q1,2011,Q1,2010-08-06,2010-06-30,11372000.0,406350000.0,32850000.0,0.305,108494000.0,0.26699643164759446,4496418000.0,1372556000.0,1205006000.0,701917000.0,3123862000.0,807465000.0,563428000.0,1182882390.0,2482451390.0,38.65701571565369,1.716735739410785,0.29696416125013286,0.9728382667082436,0.0066709031092905,38.65701571565369,0.008285272149187355,2.910993946105574,26.00427343475202,0.8618099297952141,0.05874076679563841,0.3688779080207811,0.000564722245970709,0.09037193606110464,0.47290919011791993,0.002529124294049174,206.6170113537118,0.26699643164759446,-0.537878787878788,0.42124024122744386,1.0488463637914676,1.3060422444407311,0.06778076313639808,-0.5390726329442282,-0.30615693315027986,-0.24247576990803849,0.3698296371231104,0.9730019386755581,Aerospace & Defense,Industrials,TGI
2010Q4,2010,Q4,2010-05-14,2010-03-31,24672000.0,351981000.0,47345000.0,0.66,101607000.0,0.28867183171818933,1712677000.0,860686000.0,784733000.0,296953000.0,851991000.0,363925000.0,553015000.0,1244307770.0,1592869770.0,24.240579057060778,2.6426168450899636,0.295315462285066,0.587647527669789,0.023359559400096607,24.240579057060778,0.028665506351909988,3.535156073765345,12.608501236219196,1.4457162890996254,0.026994163424124515,0.6879824139589201,0.0005352373553047892,0.20551510880335289,1.2517637471249659,0.014405518378538394,37.36772185350912,0.28867183171818933,2.88235294117647,3.3876847679597546,0.7339550200886729,0.4642025374161797,0.20185233375127157,3.4057142857142857,0.43739753476228066,0.6077808698931919,0.23858644502191706,0.271836082526723,Aerospace & Defense,Industrials,TGI
2010Q3,2010,Q3,2010-02-04,2009-12-31,5600000.0,313530000.0,32938000.0,0.17,84542000.0,0.26964564794437534,1645631000.0,838952000.0,737571000.0,267633000.0,806679000.0,378670000.0,529210000.0,794532750.0,1151285750.0,25.47373534948685,2.755904540919842,0.30932633135860954,0.6067534257025432,0.017525767403590926,25.47373534948685,0.00667499451696879,2.5341522342359584,35.47021205357143,0.9470538838932383,0.11910714285714286,0.6047165077772203,0.00083948710735964,0.1905226627354492,1.1894235763153274,0.0034029499930421825,17.47339513096259,0.26964564794437534,-0.7094017094017093,3.522520590698048,0.7653908837388609,0.5459778471449672,-0.05685088913184141,-0.7120970644182818,-0.11285283344106874,-0.4879840003658607,0.2776493491177984,0.3588309546607552,Aerospace & Defense,Industrials,TGI
2010Q2,2010,Q2,2009-10-28,2009-09-30,19451000.0,313139000.0,37128000.0,0.585,89638000.0,0.2862562631930229,1574558000.0,834157000.0,666032000.0,281068000.0,740401000.0,394089000.0,524384000.0,790107360.0,1185732360.0,25.33275631681244,2.3696472028121307,0.26839151050644056,0.5066168598956791,0.01932882949137568,25.33275631681244,0.023318152338228895,2.523184145060181,10.155099480746491,0.9471926268076634,0.034239884838825764,0.5671333125258508,0.000842923422457424,0.19887422375041122,0.743535372223092,0.012353308039462503,23.374574285545233,0.2862562631930229,0.07339449541284389,2.3051604406622612,0.7755224575668936,0.5341964335241497,-0.023359700159072586,0.07827484893841122,-0.019593345656192238,0.5144663396810858,0.3597578018441828,0.3815101358053336,Aerospace & Defense,Industrials,TGI
2010Q1,2010,Q1,2009-07-31,2009-06-30,18039000.0,316130000.0,37870000.0,0.545,91782000.0,0.29032992756144627,1587930000.0,818403000.0,676622000.0,209865000.0,769527000.0,391078000.0,504732000.0,657280000.0,1079865000.0,24.90272030185005,3.2240821480475543,0.2855535193616847,0.554053443108102,0.01969036010672661,24.90272030185005,0.02204170805825492,2.0791446556796256,9.10915239203947,0.8031251107339538,0.03697544209767725,0.5736656114636978,0.0010147882181110028,0.19908308300743735,1.0746956376718366,0.011360072547278532,25.865963559088584,0.29032992756144627,-0.18656716417910446,5.089912601113075,0.8452974828611777,0.5252696795131808,0.022059887974521443,-0.18493583950840412,0.0685364408453486,0.8711311214405991,0.38819105411223426,0.3829158202047683,Aerospace & Defense,Industrials,TGI
2009Q4,2009,Q4,2009-05-22,2009-03-31,22132000.0,311188000.0,35441000.0,0.67,89801000.0,0.2885747522398036,1592907000.0,779650000.0,678818000.0,306659000.0,813257000.0,389348000.0,500348000.0,627702400.0,1088528400.0,23.723527263875365,2.2135922963291472,0.2983877903731982,0.6096376579234272,0.019203019735971563,23.723527263875365,0.02838709677419355,2.0171163412470916,7.090439183083318,0.8051079330468801,0.0299566238930056,0.5686095729270473,0.0010562330174299158,0.19535854886694579,0.7302606478205433,0.013894094256601295,14.25397733723914,0.2885747522398036,0.04687500000000004,16.84593339889809,0.7089443050218425,0.4608559718784247,0.11077988743892635,0.047519878833775085,0.16463474746147022,0.9767414895938374,0.43712641807093694,0.35329019483163343,Aerospace & Defense,Industrials,TGI
2009Q3,2009,Q3,2009-02-06,2008-12-31,21128000.0,285243000.0,30431000.0,0.64,80845000.0,0.2834250095532581,1405158000.0,758648000.0,626353000.0,241407000.0,646510000.0,366026000.0,479196000.0,695792020.0,1055817020.0,23.147861109416,2.594593363075636,0.2681926160616813,0.49674288998323335,0.02034891018827407,23.147861109416,0.0278495428710021,2.439295688237748,8.233055897387354,0.9171473726945831,0.0313801590306702,0.558424811352199,0.0009528709455449058,0.2029971006819162,0.8167575919505234,0.015036031535243723,35.82309735880142,0.2834250095532581,-0.14666666666666664,6.688801033143376,0.8779017690784543,0.42670793580123156,-0.1512514172930752,-0.15406790518898142,-0.28756379641335394,1.1948834403742645,0.4794004662192361,0.3398182528178451,Aerospace & Defense,Industrials,TGI
2009Q2,2009,Q2,2008-10-31,2008-09-30,24976000.0,323391000.0,42714000.0,0.75,95252000.0,0.29454128284336917,1419483000.0,740322000.0,620023000.0,187590000.0,679161000.0,382117000.0,458753000.0,749004060.0,1129691060.0,22.59007689491029,3.3052028359720667,0.27739113465959087,0.5318658637727908,0.024765259938994713,22.59007689491029,0.03373667134030868,2.3160943254450497,7.4972379484304925,1.0117274105051586,0.026545483664317745,0.5970396501595061,0.0008851754421731706,0.22782308770164914,1.086795671411056,0.01759513851169757,33.193177930423225,0.29454128284336917,0.02040816326530614,2.311520729903762,1.1536998257806084,0.4015854194642602,-0.015340721137942442,0.0058394748499859045,-0.014170974889217135,2.4427125883350933,0.7099146337329733,0.3300279151451849,Aerospace & Defense,Industrials,TGI
2009Q1,2009,Q1,2008-08-01,2008-06-30,24831000.0,320556000.0,43328000.0,0.735,96736000.0,0.3017756647824405,1425638000.0,717252000.0,625858000.0,193678000.0,708386000.0,381400000.0,434454000.0,771168300.0,1173304300.0,21.90349966408111,3.2314356819050176,0.2918160150052117,0.5800248727086157,0.024945376980259563,21.90349966408111,0.03461963159391678,2.405720997267248,7.7641687809592845,1.0751706513192016,0.02670049534855624,0.586837965390666,0.0008597345093152818,0.22485090885624542,1.1011679178843234,0.017417465022677565,217.16933258237117,0.3017756647824405,0.2894736842105264,2.391960280826123,1.2045442857759092,0.3804378706124232,0.0609460511740642,0.2792890262751159,0.22043828516703284,2.3648704314249183,0.7524939633589723,0.3066294588801078,Aerospace & Defense,Industrials,TGI
2008Q4,2008,Q4,2008-05-28,2008-03-31,19410000.0,321215000.0,35502000.0,0.57,91179000.0,0.2838566069455038,1414835000.0,692729000.0,614800000.0,210620000.0,722106000.0,361667000.0,413612000.0,932114890.0,1338189890.0,21.154614304037135,2.919001044535182,0.2967222326278329,0.6060277539990386,0.037017867096768665,21.154614304037135,0.028019615174187888,2.9018411033108666,12.00560136527563,1.3455693207589114,0.03400309119010819,0.6360436534159877,0.0007080672211984511,0.22703354101361642,1.0526683126008927,0.013718914219679327,1110.9831823599523,0.2838566069455038,0.22580645161290305,1.1552476799648381,1.6214502459750209,0.3535089649360204,0.19247469331171038,0.16109349763713585,0.235883868272645,2.7428298852861657,0.7157654389023353,0.2778011560334205,Aerospace & Defense,Industrials,TGI
2008Q3,2008,Q3,2008-02-01,2007-12-31,16717000.0,275099000.0,28726000.0,0.465,76462000.0,0.277943576676033,1274540000.0,683565000.0,561443000.0,367741000.0,590975000.0,344739000.0,394862000.0,1363963050.0,1675636050.0,20.635301575801485,1.5267348487114571,0.25286613209471653,0.4714811320064661,0.02013928943831947,20.635301575801485,0.024455611390284758,4.958080727301808,20.39784426033379,1.9953670097210945,0.04001914219058444,0.5761953245788843,0.0004904824951086469,0.2158417939021137,0.47818437432867156,0.013116104633828675,265.4140980735552,0.277943576676033,-0.04123711340206178,1.0216595592915787,0.8348767368007061,0.34446367718778276,-0.04473845308146871,-0.029773650609402205,-0.09788650566843576,8.486529135087597,0.5400196862359139,0.25233769871866724,Aerospace & Defense,Industrials,TGI
2008Q2,2008,Q2,2007-11-02,2007-09-30,17230000.0,279772000.0,31843000.0,0.485,80043000.0,0.28610082495746536,1267004000.0,665160000.0,558989000.0,374257000.0,601844000.0,334526000.0,378814000.0,1355959440.0,1673631440.0,20.12708787218591,1.4935966461549148,0.25793130881986165,0.49131036141680196,0.021231199819067136,20.12708787218591,0.025903542004931144,4.846658850778491,19.674396982008126,2.0385462745805523,0.03865351131746953,0.5970507524078846,0.000491165133965954,0.22081382537071706,0.49688582979075874,0.01359900994787704,392.4629348769899,0.28610082495746536,0.19753086419753074,0.6422282144405239,0.7536777526560564,0.3360883628990871,-0.013252299119800784,0.2380541783430337,0.05252198056455345,1.91713186171228,0.5805688846188034,0.21893196478748625,Aerospace & Defense,Industrials,TGI
2008Q1,2008,Q1,2007-08-03,2007-06-30,13917000.0,275004000.0,30254000.0,0.405,81118000.0,0.2949702549781094,1249525000.0,644923000.0,542374000.0,174228000.0,604602000.0,317885000.0,362250000.0,1077505260.0,1405249260.0,19.59299428849192,3.1130128337580643,0.26712790860527,0.5175548088686557,0.020356342735757572,19.59299428849192,0.021579320321960915,3.9181439542697563,19.355918301358052,1.670750244602844,0.04785514119422289,0.6099249728675464,0.0006180944304624554,0.2200868329965387,1.0328936795463415,0.011137832376302996,-52.10625562164515,0.2949702549781094,-0.012195121951219388,0.33137227884070136,0.7545274839127072,0.32949114070265006,0.08625145627167669,-0.021720792914382118,0.19604664953548132,3.6909153599923084,0.6027030265825378,0.20005363899507367,Aerospace & Defense,Industrials,TGI
2007Q4,2007,Q4,2007-06-08,2007-03-31,14226000.0,263450000.0,25295000.0,0.41,74677000.0,0.28345796166255455,1229158000.0,627363000.0,507569000.0,188542000.0,601795000.0,307665000.0,349290000.0,910785720.0,1219711720.0,19.059515129420344,2.692073914565455,0.2572354408464982,0.5039873247226885,0.01767188373104751,19.059515129420344,0.022675867081737366,3.457148301385462,16.00565373260228,1.4517683063872113,0.04625333895683959,0.613566704044984,0.0007224531363974393,0.21433371462415735,0.9641512236000467,0.01157377652018699,151.94956956956958,0.28345796166255455,0.2424242424242423,-0.05944337525187947,0.704817380111241,0.32949806418085775,0.10888869090045142,0.317100268493658,0.06384320982462043,10.452881809579239,0.44449698239367486,0.1736537399444268,Aerospace & Defense,Industrials,TGI
2007Q3,2007,Q3,2007-02-02,2006-12-31,10801000.0,242341000.0,23777000.0,0.33,67344000.0,0.27788942027968855,1146546000.0,609721000.0,469631000.0,158450000.0,536825000.0,285981000.0,335722000.0,,,,,,,,,,,,,,,,,,,,,,,,,,,,,,,Aerospace & Defense,Industrials,TGI
2007Q2,2007,Q2,2006-11-03,2006-09-30,12611000.0,226122000.0,23278000.0,0.385,63570000.0,0.2811314246291825,1181112000.0,592872000.0,551334000.0,239561000.0,588240000.0,273591000.0,325575000.0,,,,,,,,,,,,,,,,,,,,,,,,,,,,,,,Aerospace & Defense,Industrials,TGI
2007Q1,2007,Q1,2006-08-04,2006-06-30,9433000.0,222822000.0,18303000.0,0.29,59603000.0,0.2674915403326422,1045284000.0,579046000.0,425884000.0,157122000.0,466238000.0,258104000.0,313613000.0,,,,,,,,,,,,,,,,,,,,,,,,,,,,,,,Aerospace & Defense,Industrials,TGI
