Quarters,Year,Quarter,FillingDate,Date,NetIncome,Revenue,OperatingIncome,EPSDiluted,GrossProfit,GrossProfitRatio,TotalAssets,CommonStockEquity,CurrentAssets,CurrentLiability,TotalLiability,Inventory,RetainedEarnings,MarketCap,EnterpriseValue,bookValuePerShare,currentRatio,debtToAssets,debtToEquity,roic,shareholdersEquityPerShare,roe,priceToSalesRatio,peRatio,pbRatio,payoutRatio,inventoryTurnover,dividendYield,assetTurnover,quickRatio,returnOnAssets,priceToFreeCashFlowsRatio,grossProfitMargin,epsdilutedGrowth,fiveYNetIncomeGrowthPerShare,fiveYRevenueGrowthPerShare,fiveYShareholdersEquityGrowthPerShare,grossProfitGrowth,netIncomeGrowth,operatingIncomeGrowth,threeYNetIncomeGrowthPerShare,threeYRevenueGrowthPerShare,threeYShareholdersEquityGrowthPerShare,Industry,Sector,Symbol
2023Q1,2023,Q1,2023-05-01,2023-03-31,4228000000.0,30139000000.0,6002000000.0,0.57,17808000000.0,0.5908623378,400873000000.0,99396000000.0,29903000000.0,58150000000.0,292527000000.0,2791000000.0,-15187000000.0,137984000000.0,291060000000.0,13.866629464285714,0.5142390369733448,0.3888937394137295,1.568443398124673,0.016932240053935725,13.866629464285714,0.042536923015010664,4.578254089385846,8.158940397350994,1.388224878264719,0.4763481551561022,4.41812970261555,0.01459589517625232,0.07518341220286724,0.2241616509028375,0.010546981213501533,58.89201877934272,0.5908623378346992,1.1856677524429966,-0.22050035526598025,-0.3189729274778323,-0.4145264245513687,0.002025658338960162,1.1828719723183392,0.17318217357310398,-0.08043231426247296,-0.29360460664423965,-0.4394193579679185,Telecom Services,Communication Services,T
2022Q4,2022,Q4,2023-02-13,2022-12-31,-23120000000.0,31343000000.0,5116000000.0,-3.07,17772000000.0,0.5670165587,402853000000.0,97500000000.0,33108000000.0,56173000000.0,296396000000.0,3123000000.0,-19415000000.0,131760370000.0,282738370000.0,13.623026407712729,0.589393480853791,0.38395891305265195,1.586451282051282,0.018826818897135826,13.623026407712729,-0.23712820512820512,4.20382126790671,-1.4247444852941176,1.3513884102564102,-0.08711072664359862,4.345501120717259,0.01528532441127784,0.07780257314702882,0.27000516262261226,-0.057390661109635525,21.656865548980935,0.5670165587212456,-4.8374999999999995,-2.0458044136328093,-0.3523868124547506,-0.4039605586306107,-0.003923326981280125,-4.836707600398274,-0.4178425125170687,-10.866630154166097,-0.3160804109731551,-0.4592822257332472,Telecom Services,Communication Services,T
2022Q3,2022,Q3,2022-11-03,2022-09-30,6026000000.0,30043000000.0,8788000000.0,0.8,17842000000.0,0.5938821023,426463000000.0,122406000000.0,32295000000.0,52257000000.0,286485000000.0,3935000000.0,6127000000.0,109727020000.0,259796020000.0,17.112540192926044,0.6180033296974567,0.3575738106236649,1.2457886051337352,0.026181759449808908,17.112540192926044,0.04922961292747088,3.652332323669407,4.552232824427481,0.8964186396091696,0.3335545967474278,3.100635324015248,0.018318186350089524,0.07044690864154686,0.26421340681631167,0.014130182454280911,26.44024578313253,0.593882102320008,0.4285714285714285,0.713812566413204,-0.3475661847662454,-0.15615018670926473,0.031210264709282162,0.4496030791436132,-0.0720168954593453,0.668266272703572,-0.3098185670991491,-0.31502722225431923,Telecom Services,Communication Services,T
2022Q2,2022,Q2,2022-08-04,2022-06-30,4157000000.0,29643000000.0,9470000000.0,0.56,17302000000.0,0.5836791148,426433000000.0,118946000000.0,34485000000.0,47989000000.0,289926000000.0,3241000000.0,2128000000.0,150262240000.0,301569240000.0,16.591714325568418,0.7186021796661735,0.36424244840338343,1.3058446690094665,0.02452807199150937,16.591714325568418,0.03494863215240529,5.0690631852376615,9.03669954293962,1.2632811527920234,0.5018041857108492,3.8077753779697625,0.013882396535550115,0.06951385094493157,0.32080268394840483,0.009748307471513696,127.44888888888889,0.5836791147994468,-0.1764705882352941,-0.08689071561304018,-0.3601030665297956,-0.17989241277106202,-0.15797157874245668,-0.1950038729666925,0.13699123544243005,0.1436299727967361,-0.3264725739556287,-0.3405888296990751,Telecom Services,Communication Services,T
2022Q1,2022,Q1,2022-05-03,2022-03-31,5164000000.0,38105000000.0,8329000000.0,0.68,20548000000.0,0.539246818,577195000000.0,169036000000.0,76856000000.0,82494000000.0,390639000000.0,3153000000.0,45041000000.0,128234400000.00002,319191400000.0,23.529510022271715,0.9316556355613742,0.39765070729995927,1.3578291014931732,0.015519177706087219,23.529510022271715,0.03054970538820133,3.3652906442724055,6.208094500387297,0.7586218320357794,0.725987606506584,5.568347605455122,0.029235524944944566,0.06601755039458068,0.6762067544306253,0.008946716447647676,130.31951219512197,0.5392468180028868,-0.09333333333333327,0.27767127359668603,-0.1691762421650833,0.17152606000700413,-0.02906015215234135,-0.04192949907235621,0.07304818345787169,0.283380793038349,-0.13469036282172248,-0.0704475842037628,Telecom Services,Communication Services,T
2021Q4,2021,Q4,2022-02-16,2021-12-31,5390000000.0,40958000000.0,7762000000.0,0.75,21163000000.0,0.5167000342,551622000000.0,166332000000.0,59997000000.0,85588000000.0,367767000000.0,3464000000.0,42350000000.0,133255759999.99998,312042760000.0,23.191857222532068,0.7009978034303874,0.3624873554716817,1.2021499170334031,0.016747326289873004,23.191857222532068,0.03240506937931366,3.253473314126666,6.18069387755102,0.80114325565736,0.6955473098330242,5.714491916859123,0.028133868284567962,0.07425012055356747,0.45263354675889145,0.009771183890417713,17.95173918900714,0.5167000341813565,-0.08536585365853654,0.8999587141990429,-0.15909368498354595,0.1603933272263781,-0.04222483707458363,-0.08921933085501858,0.06767537826685006,0.12869291561323162,-0.13182877373744173,-0.08083703917347601,Telecom Services,Communication Services,T
2021Q3,2021,Q3,2021-11-04,2021-09-30,5918000000.0,39922000000.0,7270000000.0,0.82,22096000000.0,0.5534792846049797,547107000000.0,163771000000.0,57230000000.0,81601000000.0,365804000000.0,3088000000.0,41091000000.0,146288400000.0,327127400000.0,22.837958443731697,0.7013394443695543,0.36941402687225716,1.234095169474449,0.015002008304861971,22.837958443731697,0.03613582380274896,3.664355493211763,6.179807367353836,0.8932497206465124,0.6333220682663062,5.772668393782383,0.025620623371367796,0.07296927292101911,0.4604600433818213,0.01081689687757605,28.33948082138706,0.5534792846049797,2.9047619047619047,0.5295239640432082,-0.16023103162826804,0.139579225804638,-0.03704349341933234,2.7694267515923565,-0.0708077709611452,0.2741109228452952,-0.1134242673538094,-0.09516726151961574,Telecom Services,Communication Services,T
2021Q2,2021,Q2,2021-08-05,2021-06-30,1570000000.0,44045000000.0,7824000000.0,0.21,22946000000.0,0.5209671926438869,544710000000.0,162296000000.0,62869000000.0,82126000000.0,364864000000.0,2810000000.0,38947000000.0,155832320000.0,345383320000.0,22.641741071428573,0.7655188369091396,0.36977474252354464,1.2410657071030708,0.01442857733297907,22.641741071428573,0.0096736826539163,3.5380252014984674,24.814063694267514,0.9601735101296396,2.4394904458598727,7.508540925266904,0.02457769992771718,0.08085953993868297,0.33655602367094467,0.0028822676286464357,22.418690835850956,0.5209671926438869,-0.7980769230769231,-0.6032027123679577,-0.06374142977233466,0.13280262374191668,0.004113425520742167,-0.7920529801324503,0.02127659574468085,-0.7289451885403908,0.0009953313998705446,-0.21413434503966075,Telecom Services,Communication Services,T
2021Q1,2021,Q1,2021-05-06,2021-03-31,7550000000.0,43939000000.0,7661000000.0,1.04,22852000000.0,0.5200846628280116,546985000000.0,165488000000.0,62754000000.0,76608000000.0,363906000000.0,3347000000.0,41154000000.0,163700460000.0,354323460000.0,23.109621561234466,0.8191572681704261,0.3692331599586826,1.2204208160108285,0.015456310142817302,23.109621561234466,0.045622643333655614,3.725630078062769,5.420545033112583,0.9891983708788552,0.49549668874172187,6.3002688975201675,0.022852715258100068,0.08032944230646179,0.3695828111946533,0.013802937923343419,27.774085510688835,0.5200846628280116,1.5333333333333334,0.711090065784577,-0.06573036275205255,0.1555559682735363,0.0031166322812870373,1.5438305841676871,0.36316725978647685,0.39332431959160075,-0.006174743094020721,-0.024270981093986083,Telecom Services,Communication Services,T
2020Q4,2020,Q4,2021-02-25,2020-12-31,-13883000000.0,45691000000.0,5620000000.0,-1.95,22781000000.0,0.49858834343743846,525761000000.0,161673000000.0,52008000000.0,63438000000.0,346521000000.0,0.0,37457000000.0,155298000000.0,325005000000.0,22.611608391608392,0.819824080204294,0.3413090738947925,1.109937961193273,0.013366557542989307,22.611608391608392,-0.0858708627909422,3.3988750519796023,-2.796549737088525,0.9605685550462971,-0.26946625369156524,0.0,0.02408917049801028,0.08690450603981657,0.472193322614206,-0.02640553407346684,20.19479843953186,0.49858834343743846,-5.999999999999999,-3.988129519008201,-0.06463815393514584,0.13637751167159104,0.012443891382605217,-5.930042613636363,-0.09427880741337631,-1.6285950252930346,-0.055002282006313144,-0.010688959204588079,Telecom Services,Communication Services,T
2020Q3,2020,Q3,2020-11-05,2020-09-30,2816000000.0,42340000000.0,6205000000.0,0.39,22501000000.0,0.5314359943316013,538553000000.0,175553000000.0,49971000000.0,59565000000.0,343497000000.0,0.0,55094000000.0,153874910000.0,325050910000.0,24.56317335945152,0.8389322588768572,0.33596321996163797,1.0306517120185927,0.01313397412213749,24.56317335945152,0.01604073983355454,3.634268068020784,13.66076970880682,0.8765154113002911,1.3284801136363635,0.0,0.024311955730794577,0.07861807472987803,0.4891630991353983,0.005228826132246966,18.737811738918655,0.5314359943316013,1.2941176470588234,-0.22039947625300513,-0.10222947874239495,0.19444640613828798,-0.020289981277485086,1.1982825917252147,0.06050247820885319,-0.19844876237876458,-0.07974441678721977,0.2112537951419674,Telecom Services,Communication Services,T
2020Q2,2020,Q2,2020-08-05,2020-06-30,1281000000.0,40950000000.0,5851000000.0,0.17,22967000000.0,0.5608547008547009,547898000000.0,175896000000.0,56555000000.0,69469000000.0,354445000000.0,0.0,56045000000.0,163120350000.0,337373350000.0,24.61805458362491,0.8141041327786495,0.3489591128275701,1.0869718470005003,0.00940350862833491,24.61805458362491,0.007282712511938873,3.9834029304029306,31.834572599531615,0.9273681607313412,2.9172521467603434,0.0,0.022909465311961384,0.07474018886727092,0.5191956124314442,0.002338026420976167,21.392832786885247,0.5608547008547009,-0.7301587301587301,-0.6934936076338727,-0.09660504847182821,0.4749462468274333,-0.02259766788662865,-0.7221258134490238,-0.21840769436281057,-0.7176757317632296,-0.11305206224110623,0.21683949896209714,Telecom Services,Communication Services,T
2020Q1,2020,Q1,2020-05-06,2020-03-31,4610000000.0,42779000000.0,7486000000.0,0.63,23498000000.0,0.5492882021552631,545354000000.0,177779000000.0,52704000000.0,69704000000.0,349905000000.0,0.0,58534000000.0,158257740000.0,334155740000.0,24.736190343676082,0.7561115574429014,0.3407933195685738,1.045415937765428,0.015394610502496285,24.736190343676082,0.0259310717238819,3.699425886533112,8.58230694143167,0.8901936674185364,0.8106290672451193,0.0,0.023613379035995335,0.07844262625744013,0.42842591529897855,0.008453224877785805,40.289648676171076,0.5492882021552631,0.9090909090909091,0.04293472589397539,-0.04930972134936937,0.4879061995878177,-0.024372015777454847,0.9256474519632414,0.10429266853518218,0.140125084916983,-0.06765585455667789,0.23160625042681118,Telecom Services,Communication Services,T
2019Q4,2019,Q4,2020-02-20,2019-12-31,2394000000.0,46821000000.0,6779000000.0,0.33,24085000000.0,0.5144059289634992,551669000000.0,184221000000.0,54761000000.0,68911000000.0,349735000000.0,0.0,57936000000.0,215850240000.0,388671240000.0,25.19433807439825,0.7946626808492113,0.33525719226565204,1.0039626318389325,0.014863318388131513,25.19433807439825,0.01299526112658166,4.610115973601589,22.540751879699247,1.1716918266647125,1.556390977443609,0.0,0.01726196829801996,0.08487154434996347,0.5045058118442629,0.004339558684646047,26.352123061897203,0.5144059289634992,-0.33999999999999997,1.4279259736922754,-0.033525844351186246,0.5162691827106878,-0.01428337562413031,-0.352972972972973,-0.14200734084293126,-0.17227963049593742,-0.057126009938531036,0.2605864853727016,Telecom Services,Communication Services,T
2019Q3,2019,Q3,2019-11-05,2019-09-30,3700000000.0,44588000000.0,7901000000.0,0.5,24434000000.0,0.5479949762267875,548796000000.0,183049000000.0,50695000000.0,68126000000.0,354469000000.0,0.0,59347000000.0,209405660000.0,390281660000.0,24.982803330148766,0.7441358658955465,0.3415914110161153,1.0241192249069921,0.016257102657389094,24.982803330148766,0.02021316696622216,4.696457791333991,14.149031081081082,1.1439869106086347,1.007027027027027,0.0,0.017793215331428962,0.08124694786405148,0.43315327481431465,0.0067420316474609875,33.51563060179257,0.5479949762267875,-0.01960784313725492,-0.1256181789366209,-0.040200754742690914,0.4021855647707479,-0.00044998977295970544,-0.0035012119579854563,0.05346666666666667,-0.0640846290327661,-0.08204993821282924,0.2466037079253269,Telecom Services,Communication Services,T
2019Q2,2019,Q2,2019-08-05,2019-06-30,3713000000.0,44957000000.0,7500000000.0,0.51,24445000000.0,0.5437417977178193,546914000000.0,184257000000.0,47218000000.0,66376000000.0,352833000000.0,0.0,59389000000.0,184905750000.0,367612750000.0,25.161409258500615,0.7113715800891889,0.349469934944068,1.0373011608785554,0.014838104739858938,25.161409258500615,0.02015120185393228,4.112946815846253,12.449888903851333,1.0035208974421594,1.002423915970913,0.0,0.02012917391698203,0.08220122359274036,0.46408340363986983,0.006789001561488643,20.86265937041634,0.5437417977178193,-0.08928571428571436,-0.25610435793224956,-0.019243596825737258,0.4212214407723396,0.014820657588840916,-0.093505859375,0.03691414350891746,-0.08144967716994306,-0.06458252872429009,0.25886566475407846,Telecom Services,Communication Services,T
2019Q1,2019,Q1,2019-05-06,2019-03-31,4096000000.0,44827000000.0,7233000000.0,0.56,24088000000.0,0.537354719254021,548384000000.0,185112000000.0,46472000000.0,64652000000.0,353433000000.0,0.0,59424000000.0,176462690000.0,363679690000.0,25.312730753452755,0.7188022025614057,0.3532798185213281,1.046571805177406,0.01474535213408955,25.312730753452755,0.02212714464756472,3.936526869966761,10.77042785644531,0.9532752603829033,0.90673828125,0.0,0.021046941990967044,0.08174381455330572,0.46988492235352347,0.007469218649705316,29.75260327094925,0.537354719254021,-0.15151515151515146,-0.19911442196068183,-0.014359735795891367,0.4540633180926484,-0.02414519526818992,-0.1568546727048168,0.16548501450209474,-0.09099982564665426,-0.06666007944373029,0.2657185673918466,Telecom Services,Communication Services,T
2018Q4,2018,Q4,2019-02-20,2018-12-31,4858000000.0,47993000000.0,6206000000.0,0.66,24684000000.0,0.5143250057300023,531864000000.0,184089000000.0,51427000000.0,64420000000.0,337980000000.0,0.0,58753000000.0,157301760000.0,328602760000.0,25.231496710526315,0.7983079788885439,0.3318611524750688,0.9588025357300002,0.015368115194785,25.231496710526315,0.0263894094704192,3.2775979830391933,8.094985590778096,0.854487557648746,0.7482503087690408,0.0,0.02310845091625167,0.0902354737301265,0.49171064886681154,0.009133913932885098,19.621025321192466,0.5143250057300023,0.015384615384615398,-0.4926946450369378,0.044726426215593244,0.46056945063461235,-0.013941597091838773,0.02967359050445104,-0.14623744669142935,0.02469548144887937,-0.03717335070995587,0.26804360623451945,Telecom Services,Communication Services,T
2018Q3,2018,Q3,2018-11-02,2018-09-30,4718000000.0,45739000000.0,7269000000.0,0.65,25033000000.0,0.5473009904020639,534870000000.0,183848000000.0,53107000000.0,65420000000.0,349899000000.0,0.0,57624000000.0,184212360000.0,358973360000.0,25.239978034047226,0.8117853867318863,0.342920709705162,0.9976611113528567,0.01535672745803375,25.239978034047226,0.025662503807493145,4.027468025098931,9.76114667231878,1.0019818545755188,0.7696057651547266,0.0,0.01971094664874822,0.08551423710434311,0.5345307245490676,0.008820834969244863,27.868738275340394,0.5473009904020639,-0.19753086419753088,-0.09736830435111896,0.037841340868478936,0.5650759289618036,0.1628112225938313,-0.08067030397505846,0.12418806062480668,0.2815963246280222,-0.048398763605291606,0.22735774456343388,Telecom Services,Communication Services,T
2018Q2,2018,Q2,2018-08-02,2018-06-30,5132000000.0,38986000000.0,6466000000.0,0.81,21528000000.0,0.5521982250038475,534691000000.0,182980000000.0,55286000000.0,68593000000.0,350561000000.0,0.0,56555000000.0,154011750000.0,330655750000.0,28.811210832939693,0.8060006123073783,0.3556577537306594,1.0392775166684884,0.013412813267823077,28.811210832939693,0.028046781068969285,3.950437336479762,7.502520946999221,0.841686249863373,0.5989867498051442,0.0,0.01995951607588382,0.07291314048674842,0.5687898182030237,0.009598066920894498,29.464654677635355,0.5521982250038475,0.08000000000000007,0.13767141002447017,0.029823724680864243,0.8031300941154743,0.07147123233127613,0.10081510081510081,0.042735042735042736,0.3814563745794376,-0.03240736945243217,0.72617162498553,Telecom Services,Communication Services,T
2018Q1,2018,Q1,2018-05-03,2018-03-31,4662000000.0,38038000000.0,6201000000.0,0.75,20092000000.0,0.5282086334717914,446343000000.0,145920000000.0,78505000000.0,70580000000.0,299267000000.0,0.0,55067000000.0,165915730000.0,280089730000.0,23.68446680733647,1.1122839331255314,0.3652930593736207,1.1173656798245615,0.015553482626376954,23.68446680733647,0.03194901315789474,4.361841579473158,8.89723991848992,1.1370321408991229,0.6585156585156585,0.0,0.01850336915011012,0.08522145524854204,0.9232360442051573,0.010444882074996135,55.49021070234114,0.5282086334717914,-0.7564935064935066,0.12747605908131787,0.08550993342544425,0.4838117401400709,0.03866832092638544,-0.7551084729736828,0.8945921173235564,0.23033933208894664,-0.013896421386317248,0.42464399355566707,Telecom Services,Communication Services,T
2017Q4,2017,Q4,2018-02-20,2017-12-31,19037000000.0,41676000000.0,3273000000.0,3.08,19344000000.0,0.46415202994529225,444097000000.0,140861000000.0,79146000000.0,81389000000.0,302090000000.0,0.0,50500000000.0,181007310000.0,294855310000.0,22.855914327437937,0.9724409932546167,0.3700678005030433,1.1667246434428267,-0.15994697142553144,22.855914327437937,0.13514741482738302,4.343202562625971,2.37704614697694,1.2850065667572999,0.15800808950990178,0.0,0.016618113378956904,0.09384436283064286,0.8234528007470296,0.042866761090482486,36.30311070998797,0.46415202994529225,5.285714285714286,5.533669509228822,0.17506691238920968,0.40087190627775654,-0.0682978518447163,5.284912512380323,-0.4888333593627987,5.037262857895661,0.020656496884908813,0.37553598094271623,Telecom Services,Communication Services,T
2017Q3,2017,Q3,2017-11-03,2017-09-30,3029000000.0,39668000000.0,6403000000.0,0.49,20762000000.0,0.5233941716244832,443865000000.0,124960000000.0,76357000000.0,47693000000.0,317756000000.0,0.0,36074000000.0,182271960000.0,297051960000.0,20.279130152547875,1.6010106304908478,0.367857344012256,1.306650128040973,0.013947519032747465,20.279130152547875,0.024239756722151087,4.594936976908339,15.04390557939914,1.4586424455825864,0.993397160779135,0.0,0.016508298917727114,0.08936951550584074,1.3497787935336423,0.0068241469816272965,29.841512770137523,0.5233941716244832,-0.22222222222222224,-0.2195874613317547,0.18093167514294706,0.15921491437298843,-0.03803919751656396,-0.22630906768837802,-0.12563157176020756,-0.14885575579711974,0.015329988914671347,0.13818706372694814,Telecom Services,Communication Services,T
2017Q2,2017,Q2,2017-08-03,2017-06-30,3915000000.0,39837000000.0,7323000000.0,0.63,21583000000.0,0.5417827647664232,420795000000.0,124725000000.0,53547000000.0,48012000000.0,294937000000.0,0.0,36067000000.0,175702500000.0,293740500000.0,20.231143552311437,1.1152836790802299,0.34138951270808826,1.1517739025856886,0.01804378163544695,20.231143552311437,0.031389055923030665,4.410535431884931,11.219827586206897,1.4087191822008418,0.7693486590038314,0.0,0.01714261322405771,0.09467080169678822,0.8459135216195951,0.00930381777350016,44.19076961770624,0.5417827647664232,0.1249999999999999,-0.047119762652130505,0.19822143623589614,0.1469146543259437,0.004888723344817953,0.12856731046411068,0.06687062937062938,-0.06830281166977752,0.032301142973448826,0.1427394504214465,Telecom Services,Communication Services,T
2017Q1,2017,Q1,2017-05-04,2017-03-31,3469000000.0,39365000000.0,6864000000.0,0.56,21478000000.0,0.5456115838943224,411903000000.0,123841000000.0,45727000000.0,50690000000.0,286922000000.0,0.0,35175000000.0,193489080000.0,311854080000.0,20.084495621148232,0.9020911422371276,0.323496065821322,1.0759683788083108,0.017742950496619482,20.084495621148232,0.02801172471152526,4.915256700114314,13.94415393485154,1.5623992054327727,0.8673969443643701,0.0,0.01555126521868831,0.09556861688310112,0.5910830538567765,0.00842188573523378,56.3451019219569,0.5456115838943224,0.43589743589743596,-0.07101705855266195,0.18728293265574533,0.13309035439761327,0.03648296496477174,0.42347148132950346,0.4892601431980907,-0.19553551095840907,0.026552275815186183,0.15373282438602595,Telecom Services,Communication Services,T
2016Q4,2016,Q4,2017-02-17,2016-12-31,2437000000.0,41841000000.0,4609000000.0,0.39,20722000000.0,0.49525584952558493,403821000000.0,123135000000.0,38369000000.0,50576000000.0,279711000000.0,0.0,34734000000.0,197891319999.99997,315616320000.0,19.986203538386626,0.7586404618791521,0.3058607650419369,1.0030698014374466,0.014727881971082818,19.986203538386626,0.01979128598692492,4.729603020960301,20.300709889208044,1.607108620619645,1.20927369716865,0.0,0.014892012444002092,0.1036127393077626,0.44649636191078773,0.006034852075548325,50.624538245075456,0.49525584952558493,-0.2777777777777778,1.3514246767348292,0.23965760008279216,0.12360135684469324,-0.05809090909090909,-0.26772836538461536,-0.28074282147315854,-0.6986292618253818,0.07859984680783894,0.15693645356181435,Telecom Services,Communication Services,T
2016Q3,2016,Q3,2016-11-03,2016-09-30,3328000000.0,40890000000.0,6408000000.0,0.54,22000000000.0,0.5380288579114698,402975000000.0,123611000000.0,37374000000.0,47102000000.0,278372000000.0,0.0,35319000000.0,189172560000.0,308498560000.0,20.040693904020753,0.7934694917413273,0.31074136112662076,1.0130247308087468,0.01695001194628096,20.040693904020753,0.02692317026801822,4.626377109317682,14.210679086538462,1.5303861306841624,0.88671875,0.0,0.015599514009854282,0.10147031453564116,0.48299435268141483,0.00825857683479124,34.94136682674547,0.5380288579114698,-0.018181818181818195,-0.11597507350537879,0.25014246253884204,0.047058566336022394,-0.0020412792016330232,-0.023474178403755867,-0.023170731707317073,-0.2480974932275588,0.09568819735629268,0.24267967216788533,Telecom Services,Communication Services,T
2016Q2,2016,Q2,2016-08-04,2016-06-30,3408000000.0,40520000000.0,6560000000.0,0.55,22045000000.0,0.5440523198420533,401808000000.0,123402000000.0,36005000000.0,46465000000.0,277437000000.0,0.0,34950000000.0,201519360000.0,321147360000.0,19.98736637512148,0.7748843215323362,0.3156632023254888,1.0278277499554302,0.016997948187599525,19.98736637512148,0.027617056449652354,4.97333070088845,14.782816901408452,1.6330315554042882,0.8661971830985915,0.0,0.014648716629508946,0.10084418428702266,0.4958140535887227,0.008481662883765381,39.85746835443038,0.5440523198420533,-0.09836065573770482,-0.08815987707093031,0.23612486142333763,0.04184474343576725,-0.0040659588886379034,-0.10386536944517487,-0.08007292104894125,-0.22284925033779687,0.10102996474542751,0.2508957718600683,Telecom Services,Communication Services,T
2016Q1,2016,Q1,2016-05-05,2016-03-31,3803000000.0,40535000000.0,7131000000.0,0.61,22135000000.0,0.5460712964105094,403638000000.0,123432000000.0,38001000000.0,44528000000.0,279233000000.0,0.0,34506000000.0,182567760000.0,303062760000.0,19.998703823720025,0.8534180740208408,0.3233169324989223,1.0572866031499124,0.018161899309332565,19.998703823720025,0.030810486745738545,4.503953620328112,12.001561924796214,1.4790958584483764,0.7749145411517223,0.0,0.016141951897750185,0.10042414242464782,0.5856539705353935,0.009421808650325292,52.933534357784865,0.5460712964105094,-0.06153846153846159,0.07124590951411632,0.24532953219244635,0.0528532854309527,-0.013064027108970928,-0.05067398901647529,-0.05323951141795008,-0.08190699935191198,0.1547064631559123,0.2529018179977783,Telecom Services,Communication Services,T
2015Q4,2015,Q4,2015-12-31,2015-12-31,4006000000.0,42119000000.0,7532000000.0,0.65,22428000000.0,0.532491274721622,402672000000.0,122671000000.0,35992000000.0,47816000000.0,279032000000.0,0.0,33671000000.0,160228350000.0,281258350000.0,19.897972424979724,0.7527187552283754,0.31328475781777726,1.0283685630670656,0.01961087927111662,19.897972424979724,0.03265645507088065,3.804182198057884,9.999272965551672,1.3061632333640387,0.7211682476285571,0.0,0.01803051707141714,0.10459878014860731,0.4528400535385645,0.009948543727897644,48.21798074029491,0.532491274721622,0.30000000000000004,2.742503105526297,0.2885753437205482,0.05418423149529382,0.053204977694294435,0.3380093520374082,0.2716528786088131,1.9537210759090022,0.18717216804318706,0.21957538704023524,Telecom Services,Communication Services,T
2015Q3,2015,Q3,2015-09-30,2015-09-30,2994000000.0,39091000000.0,5923000000.0,0.5,21295000000.0,0.5447545470824486,399989000000.0,121824000000.0,34951000000.0,47938000000.0,277200000000.0,0.0,32627000000.0,145789640000.0,266517640000.0,20.564483457123565,0.7290875714464516,0.3173337266774836,1.0419129235618598,0.015478194217551554,20.564483457123565,0.02457643814026793,3.7294937453633827,12.173483633934536,1.1967234699238245,0.8142952571810287,0.0,0.016722724605122835,0.09773018758015846,0.47000292043890024,0.007485205843160687,25.27121511527128,0.5447545470824486,-0.13793103448275856,-0.7579691244293345,0.23466700666032214,0.07541579861004247,0.19132867132867132,-0.0164257555847569,0.036939775910364146,-0.19761388407215835,0.21050863412264473,0.17552655121546895,Telecom Services,Communication Services,T
2015Q2,2015,Q2,2015-06-30,2015-06-30,3044000000.0,33015000000.0,5712000000.0,0.58,17875000000.0,0.5414205664092079,326489000000.0,86859000000.0,43163000000.0,40527000000.0,238988000000.0,0.0,29086000000.0,139623320000.0,232337320000.0,16.690814757878556,1.06504305771461,0.3481587434798722,1.30867267640659,0.0184350410034416,16.690814757878556,0.035045303307659544,4.229087384522187,11.467092641261498,1.6074709586801597,0.8012483574244416,0.0,0.017468428626392783,0.10112132414874621,0.8581192785056876,0.00932343815564996,29.834042735042736,0.5414205664092079,-0.04918032786885251,-0.14084540410701502,0.21681484125927528,-0.04289322822521602,-0.0066685190330647405,-0.04875,0.0469208211143695,-0.12229818879220383,0.1764068750330917,-0.05378853207417752,Telecom Services,Communication Services,T
2015Q1,2015,Q1,2015-03-31,2015-03-31,3200000000.0,32576000000.0,5456000000.0,0.61,17995000000.0,0.5524005402750491,308028000000.0,86499000000.0,27410000000.0,37651000000.0,220924000000.0,0.0,28490000000.0,128305980000.0,220314980000.0,16.62483182779166,0.7280019122998062,0.31313062448868284,1.115076474872542,0.02111453851242051,16.62483182779166,0.036994647336963435,3.9386658889980355,10.0239046875,1.4833232754135885,0.760625,0.0,0.018970277145305307,0.10575661952809484,0.4790311014315689,0.010388665965431714,44.39653287197232,0.5524005402750491,1.7922077922077921,0.46737410623630105,0.20627832208805263,-0.03776960152995162,0.13161866431895358,1.8046266029670606,2.59067055393586,0.015554213228631798,0.16437110603206015,-0.06209063235234807,Telecom Services,Communication Services,T
2014Q4,2014,Q4,2015-02-20,2014-12-31,-3977000000.0,34439000000.0,-3430000000.0,-0.77,15902000000.0,0.461743953076454,292829000000.0,86370000000.0,32028000000.0,37282000000.0,205905000000.0,0.0,27736000000.0,131873260000.0,205337260000.0,16.616006156213928,0.8590740840083686,0.2802557123782139,0.9501794604608081,-0.012748989680433333,16.616006156213928,-0.04604608081509783,3.8291837742094716,-8.28974478249937,1.526841032766007,-0.5989439275836057,0.0,0.018062797567907247,0.11760788719696479,0.6204066305455715,-0.013581305130297887,95.90782545454546,0.461743953076454,-2.327586206896552,-2.495484160149756,0.2669868202647827,-0.0377718122883378,-0.13651172893136404,-2.3247834776815455,-1.6349500185116623,0.3202530784238553,0.20938661511897375,-0.0658672605528338,Telecom Services,Communication Services,T
2014Q3,2014,Q3,2014-11-10,2014-09-30,3002000000.0,32957000000.0,5402000000.0,0.58,18416000000.0,0.5587887247018842,287939000000.0,92613000000.0,25835000000.0,39979000000.0,194820000000.0,0.0,34165000000.0,138370760000.0,211537760000.0,17.817045017314353,0.6462142624878061,0.26264243468234594,0.8165700279658363,0.02219210764867259,17.817045017314353,0.0324144558539298,4.198524137512516,11.5232145236509,1.4940749138889788,0.7948034643570953,0.0,0.01724352746201582,0.11445827067538611,0.39778383651416993,0.010425819357572263,39.04366817155756,0.5587887247018842,-0.14705882352941188,0.06767025779145812,0.21258295934096788,0.0558924873928875,0.002886238632031803,-0.15365097265294614,-0.038105413105413107,-0.053762901865587374,0.19563372903325052,-0.06911957732008982,Telecom Services,Communication Services,T
2014Q2,2014,Q2,2014-08-01,2014-06-30,3547000000.0,32575000000.0,5616000000.0,0.68,18363000000.0,0.5637145049884881,293466000000.0,92132000000.0,33112000000.0,43788000000.0,200841000000.0,0.0,33554000000.0,138998840000.0,211745840000.0,17.704073789392776,0.7561889102037088,0.2864113730381032,0.9122997438457865,0.018903070679807264,17.704073789392776,0.03849910997264794,4.26704036838066,9.796929799830842,1.5086923110319974,0.6726811389906964,0.0,0.017165610878479273,0.11100093366863623,0.5550835845437107,0.012086579024486652,65.04391202620496,0.5637145049884881,-0.02857142857142844,0.25746947914698803,0.20165572863018863,0.059274866973779,-0.0413469068128426,-0.028751369112814895,-0.10544759477540618,0.1259254550245286,0.17898061976578647,-0.07717225627902641,Telecom Services,Communication Services,T
2014Q1,2014,Q1,2014-05-02,2014-03-31,3652000000.0,32476000000.0,6278000000.0,0.7,19155000000.0,0.5898201748983865,285340000000.0,90906000000.0,24089000000.0,39830000000.0,193971000000.0,0.0,32402000000.0,138330780000.0,214595780000.0,17.408272692454997,0.6047953803665579,0.2799327118525268,0.8786658746397378,0.02429003957999392,17.408272692454997,0.04017336589444041,4.259477152358665,9.469522179627601,1.521690317470794,0.6566265060240963,0.0,0.017335259730336228,0.11381509777808929,0.4200602560883756,0.012798766383962991,44.8688874472916,0.5898201748983865,-0.4656488549618321,0.3190534754654075,0.19942610004517472,0.054970920174678646,-0.08463155882634044,-0.4717199479242008,-0.4870076809936264,0.21585747730349922,0.17924947757834234,-0.08352274929986626,Telecom Services,Communication Services,T
2013Q4,2013,Q4,2014-02-21,2013-12-31,6913000000.0,33163000000.0,12238000000.0,1.31,20926000000.0,0.6310044326508458,277787000000.0,90988000000.0,23196000000.0,34995000000.0,186305000000.0,0.0,31141000000.0,139891520000.0,211340520000.0,17.275109170305676,0.6628375482211745,0.26922786163499374,0.8219545434562799,0.0463004070494406,17.275109170305676,0.07597705191893436,4.218301118716642,5.0590018805149715,1.5374721941354905,0.342976999855345,0.0,0.016948847221046708,0.11938283648982853,0.46455207886840977,0.024885973785670316,55.11880220646178,0.6310044326508458,0.8194444444444445,2.217401176508869,0.19399311054095408,0.056620531418843906,0.11575579845374567,0.8125327739905611,0.9776987718164188,6.559403787134126,0.18755939298523358,-0.08477369976481162,Telecom Services,Communication Services,T
2013Q3,2013,Q3,2013-11-01,2013-09-30,3814000000.0,32158000000.0,6188000000.0,0.72,18755000000.0,0.5832141302319797,274599000000.0,85715000000.0,18435000000.0,36183000000.0,188469000000.0,0.0,26648000000.0,135745100000.0,210597100000.0,16.12699905926623,0.5094934085067573,0.27757930655246377,0.8892609228256432,0.027130630241203425,16.12699905926623,0.04449629586420113,4.221192238323279,8.89781725222863,1.5836796360030332,0.6279496591504982,0.0,0.017643362449178645,0.11710894795683888,0.3818091368874886,0.01388934409812126,41.537668298653614,0.5832141302319797,0.014084507042253534,0.309216103731189,0.13761548991303002,-0.15536709276510519,-0.0026588673225206062,-0.0020931449502878076,0.012268935056437101,-0.6563538793584225,0.13207154485726685,-0.15664161423434747,Telecom Services,Communication Services,T
2013Q2,2013,Q2,2013-08-02,2013-06-30,3822000000.0,32075000000.0,6113000000.0,0.71,18805000000.0,0.586282151208106,272093000000.0,85980000000.0,21428000000.0,31189000000.0,185778000000.0,0.0,25212000000.0,143457460000.0,214082460000.0,15.97844266864895,0.6870370964121966,0.27627686122024453,0.8743079785996744,0.025402077449555187,15.97844266864895,0.04445219818562456,4.472563055339049,9.383664311878597,1.668498022795999,0.6352694924123495,0.0,0.016924877939425386,0.11788248870790502,0.5468594696848248,0.01404666786723657,34.9981605269578,0.586282151208106,0.059701492537313314,0.11588041108467939,0.14441875970024104,-0.15409336274499336,0.0001595574938836294,0.032972972972972976,0.029124579124579126,0.04325781837134863,0.14328408340781443,-0.08374301060646068,Telecom Services,Communication Services,T
2013Q1,2013,Q1,2013-05-03,2013-03-31,3700000000.0,31356000000.0,5940000000.0,0.67,18802000000.0,0.5996300548539355,270994000000.0,87998000000.0,20372000000.0,29786000000.0,182656000000.0,0.0,23787000000.0,155080690000.0,225337690000.0,15.961908216941774,0.6839454777412207,0.27355587208572885,0.8424282370053865,0.02593478538346628,15.961908216941774,0.04204641014568513,4.9458059063656075,10.478425,1.7623206209232027,0.6762162162162162,0.0,0.016133536676938953,0.11570735883451294,0.5363257906398979,0.013653438821523724,39.29077527235875,0.5996300548539355,1.9852941176470589,0.16291020363048278,0.10944643935071936,-0.14728960450925702,0.22384950855952612,1.9592947886958776,1.9969788519637461,0.6012473730594537,0.09581251500987435,-0.0761390272679575,Telecom Services,Communication Services,T
2012Q4,2012,Q4,2013-02-22,2012-12-31,-3857000000.0,32578000000.0,-5958000000.0,-0.68,15363000000.0,0.47157591012339617,272315000000.0,92362000000.0,22706000000.0,31787000000.0,179620000000.0,0.0,22481000000.0,144129060000.0,209105060000.0,16.315491962550787,0.7143171736873565,0.256482382534932,0.756198436586475,-0.021188629967648778,16.315491962550787,-0.041759598103116,4.42412241389895,-9.34204433497537,1.560480067560252,-0.6489499611096707,0.0,0.017366379826524923,0.11963351265997099,0.551326013779218,-0.014163744193305548,32.861162790697676,0.47157591012339617,-2.0793650793650795,-2.302910184344008,0.1371583044610356,-0.15188914248080412,-0.18024651832879782,-2.0610729023383767,-1.9869140301474242,-2.331738593219801,0.10049761076284854,-0.055174503719213085,Telecom Services,Communication Services,T
2012Q3,2012,Q3,2012-11-02,2012-09-30,3635000000.0,31459000000.0,6037000000.0,0.63,18741000000.0,0.5957277726564735,266849000000.0,100957000000.0,18958000000.0,30798000000.0,165575000000.0,0.0,28907000000.0,164531210000.0,226061210000.0,17.49384855311038,0.6155594519124619,0.23888791039126997,0.6314272413007518,0.02492743410793598,17.49384855311038,0.03600542805352774,5.2300203439397315,11.315764099037139,1.6297157205542956,0.7017881705639615,0.0,0.015504657140733359,0.1178906422733456,0.4745438015455549,0.01362193600125914,24.898790859564166,0.5957277726564735,-0.04545454545454549,0.25193271342810625,0.1013884659246557,-0.04201926717275643,-0.02421118400499844,-0.06842644797539724,-0.11441983277101364,0.16443720416966856,0.042542823247378694,0.036738878128652695,Telecom Services,Communication Services,T
2012Q2,2012,Q2,2012-08-03,2012-06-30,3902000000.0,31575000000.0,6817000000.0,0.66,19206000000.0,0.6082660332541567,266294000000.0,103280000000.0,19156000000.0,29702000000.0,162715000000.0,0.0,27788000000.0,157675150000.0,220058150000.0,17.639624252775405,0.6449397346980001,0.24234117178757314,0.6248450813323005,0.026706622510982592,17.639624252775405,0.03778079008520527,4.993670625494854,10.102200794464377,1.5266765104570101,0.6614556637621732,0.0,0.016369098110894455,0.11857195430614284,0.49090970305029963,0.014652977536106709,30.427470088768814,0.6082660332541567,0.10000000000000009,0.4102160099559371,0.12419159124531141,-0.029244847947762775,0.015706806282722512,0.08872767857142858,0.11735781019505,0.2295152446367793,0.035259881531048136,0.0554187051017137,Telecom Services,Communication Services,T
2012Q1,2012,Q1,2012-05-04,2012-03-31,3584000000.0,31822000000.0,6101000000.0,0.6,18909000000.0,0.5942115517566463,269356000000.0,104899000000.0,20765000000.0,32520000000.0,164169000000.0,0.0,26446000000.0,139605620000.0,202872620000.0,17.725413991213248,0.638530135301353,0.243948529084186,0.6264025395856967,0.023671698354846726,17.725413991213248,0.03416619796184902,4.387078750549934,9.738115234375,1.3308574914918159,0.7271205357142857,0.0,0.018666870287886692,0.11814104753560344,0.4799815498154982,0.01330581089710272,39.49239603960396,0.5942115517566463,1.5357142857142858,0.32349601862153543,0.15528355344972558,-0.03230552180313977,0.258167542750682,1.5366876310272537,2.003453947368421,0.14225098526092464,0.037051539113227644,0.07419022203691308,Telecom Services,Communication Services,T
2011Q4,2011,Q4,2012-02-24,2011-12-31,-6678000000.0,32503000000.0,-6080000000.0,-1.12,15029000000.0,0.4623880872534843,270344000000.0,105534000000.0,23027000000.0,30794000000.0,164547000000.0,0.0,25453000000.0,135509720000.0,197077720000.0,17.787628518456092,0.7477755406897447,0.23952075873701653,0.6135747721113575,-0.024421976416515737,17.787628518456092,-0.06327818522940475,4.169145001999816,-5.072990416292303,1.2840385089165578,-0.38110212638514523,0.0,0.018780940584926308,0.12022830171929098,0.5452685588101578,-0.02470186133222857,67.31729756582216,0.4623880872534843,-2.8360655737704916,-4.614829997928363,1.1456923649008117,-0.04180197421784039,-0.17932616174302407,-2.8432238476400773,-1.97514033680834,-3.7591419492149303,0.03886814071327281,0.08796843554300349,Telecom Services,Communication Services,T
2011Q3,2011,Q3,2011-11-03,2011-09-30,3623000000.0,31478000000.0,6235000000.0,0.61,18313000000.0,0.581771395895546,277653000000.0,113615000000.0,28605000000.0,34031000000.0,163771000000.0,0.0,34758000000.0,127861440000.0,188325440000.0,19.139993261455526,0.8405571390790749,0.25652883275167204,0.626906658451789,0.022262313889683995,19.139993261455526,0.03188839501826343,4.061930236990914,8.822898150703836,1.1253922457421994,0.7024565277394424,0.0,0.01990435896858349,0.11337172657957954,0.7093238517821986,0.01304866145872726,24.717077131258456,0.581771395895546,0.016666666666666684,0.0918526639816239,0.31334712268718556,0.33804793959706964,0.00825854759676265,0.008911166805903648,0.0113544201135442,0.11354650847429353,-0.002936143056835305,0.0024349907548785357,Telecom Services,Communication Services,T
2011Q2,2011,Q2,2011-08-05,2011-06-30,3591000000.0,31495000000.0,6165000000.0,0.6,18163000000.0,0.5766947134465789,272014000000.0,113803000000.0,22239000000.0,33537000000.0,157905000000.0,0.0,33687000000.0,140707040000.0,203449040000.0,19.184592043155764,0.6631183469004384,0.24474107950326085,0.5849845786139205,0.022523029357750562,19.184592043155764,0.03155452843949632,4.467599301476425,9.795811751601224,1.2364088820154127,0.707880813143971,0.0,0.018065904875832792,0.11578448168108994,0.5199928437248412,0.01320152639202394,37.491883826272314,0.5766947134465789,0.052631578947368474,0.30112383562379536,0.30500265927613956,0.3440178240044583,0.017877157587984756,0.05369718309859155,0.061466942148760334,-0.04894808179516312,0.019346334637981695,0.015641766777214423,Telecom Services,Communication Services,T
2011Q1,2011,Q1,2011-05-06,2011-03-31,3408000000.0,31247000000.0,5808000000.0,0.57,17844000000.0,0.571062822030915,268085000000.0,112544000000.0,19737000000.0,33254000000.0,155242000000.0,0.0,32649000000.0,136986000000.0,200623000000.0,18.994767932489452,0.5935225837493234,0.242564858160658,0.5778006823997726,0.021523881634927914,18.994767932489452,0.03028148990617003,4.383972861394694,10.048855633802816,1.2171772817742395,0.7453051643192489,0.0,0.018542040792489743,0.11655631609377623,0.440157575028568,0.01271238599697857,38.06223951097527,0.571062822030915,2.1666666666666665,0.5452505803512768,0.29287767443533597,0.3385192890399908,0.029481336179541913,2.31840311587147,1.9215291750503019,-0.0033476824946327174,0.028711630879093057,0.01473056077196507,Telecom Services,Communication Services,T
2010Q4,2010,Q4,2010-12-31,2010-12-31,1027000000.0,31361000000.0,1988000000.0,0.18,17333000000.0,0.5526928350499027,268488000000.0,111647000000.0,19951000000.0,33951000000.0,156538000000.0,0.0,31792000000.0,131253850000.0,195983850000.0,18.875232459847844,0.5876410120467733,0.2464430440094157,0.592644674733759,0.0084759527067369,18.875232459847844,0.009198634983474702,4.185257166544434,31.950791139240508,1.1756146604924451,2.4148003894839336,0.0,0.01889468385117846,0.11680596525729268,0.443197549409443,0.003825124400345639,39.97985074626866,0.5526928350499027,-0.9134615384615385,-0.5927386208957206,0.5873937545741912,0.339799824632096,-0.040360978850625624,-0.9167679714725666,-0.6361639824304539,-0.6679727797712491,0.04767074451185195,-0.018828876006938576,Telecom Services,Communication Services,T
2010Q3,2010,Q3,2010-09-30,2010-09-30,12339000000.0,31581000000.0,5464000000.0,2.08,18062000000.0,0.5719261581330547,269252000000.0,112994000000.0,21977000000.0,32674000000.0,155959000000.0,0.0,50751000000.0,127634400000.00002,193354400000.0,19.12235572854967,0.6726143110730244,0.25613923016356427,0.6103509920880755,0.06882855205911617,19.12235572854967,0.10920048852151441,4.04149330293531,2.5859956236323853,1.1295679416606192,0.20066455952670395,0.0,0.01939915884745805,0.11729160786178004,0.5157617677664198,0.04582695764562566,30.202176999526742,0.5719261581330547,2.0588235294117645,4.523764250034023,0.7069444717754155,0.5686623480250806,-0.01980789059532208,2.0671140939597317,-0.10631337912986588,3.1504350424798973,0.07983791608006177,0.047159422845363015,Telecom Services,Communication Services,T
2010Q2,2010,Q2,2010-06-30,2010-06-30,4023000000.0,30808000000.0,6114000000.0,0.68,18427000000.0,0.5981238639314463,267556000000.0,103046000000.0,21392000000.0,36182000000.0,164073000000.0,0.0,40909000000.0,107957430000.0,176578430000.0,17.438822135725164,0.5912332098833675,0.26161999730897456,0.6792888612852512,0.023102593628504357,17.438822135725164,0.03904081672262873,3.504201181511296,6.708763982102908,1.04766250024261,0.6167039522744221,0.0,0.022981280677022417,0.11514598812958783,0.41890995522635566,0.015036104591188386,27.99,0.5981238639314463,0.6190476190476192,1.24808698595363,0.6669031039969883,0.4222938964620978,0.005840611353711791,0.6254545454545455,0.017304492512479203,0.4406594017530341,0.08685945630538193,-0.040295519258907495,Telecom Services,Communication Services,T
2010Q1,2010,Q1,2010-03-31,2010-03-31,2475000000.0,30649000000.0,6010000000.0,0.42,18320000000.0,0.5977356520604261,265701000000.0,102023000000.0,22362000000.0,36706000000.0,163235000000.0,0.0,39373000000.0,115265600000.0,182109600000.0,17.277392040643523,0.6092192012205089,0.261425436863241,0.680836674083295,0.016511661964862572,17.277392040643523,0.02425923566254668,3.7608274331952103,11.6429898989899,1.129800143104986,1.0016161616161616,0.0,0.021506850265820852,0.11535146649805608,0.45725494469569006,0.009314981878126164,28.13414693678301,0.5977356520604261,-0.17647058823529416,0.5643020135191377,0.6728841413718775,0.41241525369383125,0.014508804961789789,-0.18019211659489898,0.2363711170541041,-0.08402230065931564,0.11514794246025913,-0.05676466097428837,Telecom Services,Communication Services,T
2009Q4,2009,Q4,2009-12-31,2009-12-31,3019000000.0,30858000000.0,4861000000.0,0.51,18058000000.0,0.5851967074988658,268752000000.0,101900000000.0,24334000000.0,36705000000.0,166427000000.0,0.0,39366000000.0,124924170000.00002,193203170000.0,17.268259617014067,0.6629614493938155,0.26820637613859616,0.7073699705593719,0.019821441884275936,17.268259617014067,0.029627085377821393,4.048356017888392,10.344830241801922,1.225948675171737,0.8009274594236502,0.0,0.019355741967307046,0.11481961064475799,0.511646914589293,0.011233404774662142,36.35744179278231,0.5851967074988658,-0.0555555555555556,1.4561655395419772,0.6790436782590787,0.408183426698535,0.004897050639955481,-0.05419799498746867,-0.09780994803266518,0.6430595713343087,1.0481441359679695,-0.06977974851743503,Telecom Services,Communication Services,T
2009Q3,2009,Q3,2009-09-30,2009-09-30,3192000000.0,30855000000.0,5388000000.0,0.54,17970000000.0,0.5824015556635878,266568000000.0,99573000000.0,25921000000.0,33268000000.0,166567000000.0,0.0,38841000000.0,120380399999.99998,186877400000.0,16.87391967463142,0.7791571480100998,0.27259085861768856,0.7297560583692366,0.021600276690954833,16.87391967463142,0.03205688288994005,3.901487603305785,9.42828947368421,1.2089662860413966,0.7575187969924813,0.0,0.020086326345484816,0.11574907715854867,0.6301250450883732,0.01197443053929954,21.31381019830028,0.5824015556635878,0.0,-0.1439224763516843,0.6836532874038423,0.3907030540096624,-0.015666082383873795,-0.001876172607879925,-0.02143116600072648,-0.032330919760341185,0.294989432036064,0.17963016732274675,Telecom Services,Communication Services,T
2009Q2,2009,Q2,2009-06-30,2009-06-30,3198000000.0,30734000000.0,5506000000.0,0.54,18256000000.0,0.5940001301490206,267918000000.0,98609000000.0,26940000000.0,36219000000.0,168906000000.0,0.0,38069000000.0,110684000000.00002,180056000000.0,16.713389830508476,0.7438084983019961,0.286356273188065,0.7780222900546603,0.021042934680632275,16.713389830508476,0.03243111683517732,3.601353549814538,8.652595372107568,1.1224533257613403,0.7560975609756098,0.0,0.021845975931480608,0.11471420359960884,0.6127723018305309,0.011936488029919602,27.505964214711735,0.5940001301490206,0.018867924528301903,0.5370002321801718,0.6727470642174697,0.409234906279126,-0.003982759561350865,0.023032629558541268,-0.04026494683632561,0.16501312434378276,0.28037740541815415,0.17089244228949385,Telecom Services,Communication Services,T
2009Q1,2009,Q1,2009-03-31,2009-03-31,3126000000.0,30571000000.0,5737000000.0,0.53,18329000000.0,0.599555133950476,264358000000.0,97291000000.0,23521000000.0,37032000000.0,166663000000.0,0.0,37296000000.0,112200880000.0,182738880000.0,16.50118724559023,0.6351533808597969,0.28124739935995885,0.7642022386448901,0.021355599228538805,16.50118724559023,0.03213041288505617,3.670173694023748,8.973198976327575,1.1532503520366735,0.7728726807421625,0.0,0.021532807942326298,0.11564242428827574,0.5070479585223591,0.011824873845315822,23.661088148460564,0.599555133950476,0.29268292682926844,-0.09965688637269136,0.6935342272909474,0.38511323323130464,0.009695367156943756,0.3003327787021631,0.171294405879951,0.4243580774955046,0.2711290191977223,0.1628021726185132,Telecom Services,Communication Services,T
2008Q4,2008,Q4,2008-12-31,2008-12-31,2404000000.0,31076000000.0,4898000000.0,0.41,18153000000.0,0.5841485390655168,265245000000.0,96347000000.0,22556000000.0,42290000000.0,168898000000.0,0.0,36591000000.0,126876290000.0,200075290000.0,16.349397590361445,0.5333648616694254,0.2827235197647458,0.7783428648530831,0.01860384274618665,16.349397590361445,0.02495147747205414,4.082774166559402,13.19428972545757,1.31686809137804,0.9804492512479202,0.0,0.018577151018523634,0.11715960715564855,0.4218254906597304,0.009063318818450867,22.676727435210008,0.5841485390655168,-0.25454545454545463,0.5027515564311893,0.7328226017196745,0.4140296807392716,-0.006512697022767075,-0.25572755417956655,-0.12815948736205054,-0.043124235164563644,0.5788402353147558,0.1605112716361881,Telecom Services,Communication Services,T
2008Q3,2008,Q3,2008-09-30,2008-09-30,3230000000.0,31342000000.0,5618000000.0,0.55,18272000000.0,0.5829876842575458,284528000000.0,112518000000.0,23445000000.0,45338000000.0,172010000000.0,0.0,36613000000.0,124283370000.0,199463370000.0,19.09350076361785,0.5171158851294719,0.26982933138390597,0.6823263833342221,0.01942123513324804,19.09350076361785,0.028706518068220197,3.9653937208857126,9.619455882352941,1.104564336372847,0.7269349845201238,0.0,0.018892310371049645,0.11015436090648371,0.3967753319511227,0.011352134060619693,29.59127857142857,0.5829876842575458,-0.12698412698412692,0.49602812659087037,0.7240107701183526,0.6724197465018381,-0.036591795845196666,-0.14369034994697774,-0.14451043094259175,0.44989062573627747,0.6986260140463589,0.5662952914926811,Telecom Services,Communication Services,T
2008Q2,2008,Q2,2008-06-30,2008-06-30,3772000000.0,30866000000.0,6567000000.0,0.63,18966000000.0,0.6144625153891012,284508000000.0,111937000000.0,23225000000.0,45111000000.0,172571000000.0,0.0,35719000000.0,150816700000.0,229332700000.0,18.889132635842053,0.514841169559531,0.28170385367019557,0.7160009648284302,0.021924136089134922,18.889132635842053,0.033697526287107926,4.886175727337523,9.995804612937434,1.3473355548210153,0.630965005302227,0.0,0.015780745766218195,0.1084890407299619,0.3901930792932988,0.01325797517117269,44.279712272460365,0.6144625153891012,0.10526315789473695,0.5238805012055505,0.696206003667604,0.6438883206899182,-0.00015815277558121145,0.08985842242126553,0.09816053511705686,1.101779277759028,0.6652503912833544,0.5405798538643101,Telecom Services,Communication Services,T
2008Q1,2008,Q1,2008-03-31,2008-03-31,3461000000.0,30744000000.0,5980000000.0,0.57,18969000000.0,0.6169984387197502,278199000000.0,112258000000.0,23946000000.0,42129000000.0,165941000000.0,0.0,34311000000.0,173493210000.0,245020210000.0,18.719026179756543,0.5683970661539557,0.2641634225859906,0.6546526750877443,0.020668516465126463,18.719026179756543,0.03083076484526715,5.643156713505074,12.532014591158624,1.5454863795898734,0.6997977463160936,0.0,0.013960200517357422,0.11051082139044353,0.4191886823803081,0.012440734869643671,222.7127214377407,0.6169984387197502,0.09615384615384602,-0.6170208496879528,0.6471683049499198,0.6511375678629009,0.019016921837228043,0.10363520408163265,0.08885651857246904,1.1539362901789876,0.6523261630815406,0.5302678811933438,Telecom Services,Communication Services,T
2007Q4,2007,Q4,2007-12-31,2007-12-31,3136000000.0,30349000000.0,5492000000.0,0.52,18615000000.0,0.6133645260140367,275644000000.0,115367000000.0,24686000000.0,39274000000.0,160277000000.0,0.0,33297000000.0,188245830000.0,250390830000.0,19.237452059363015,0.6285583337577023,0.23260074588962576,0.5557481775551067,0.02010875798457091,19.237452059363015,0.027182816576664038,6.2027028897163,15.00684231505102,1.6317129681798088,0.6884566326530612,0.0,0.011469045556015769,0.11010216075807926,0.46226511177878493,0.01137699351337232,44.19953745010566,0.6133645260140367,0.040000000000000036,-0.1879694134563383,0.497861646641573,0.9238031518143681,0.0039911547381478885,0.023832843617368593,0.03544494720965309,1.5105110694882322,0.6249132148459765,0.5687661503080199,Telecom Services,Communication Services,T
2007Q3,2007,Q3,2007-11-06,2007-09-30,3063000000.0,30132000000.0,5304000000.0,0.5,18541000000.0,0.6153258993760786,267968000000.0,111174000000.0,25543000000.0,38174000000.0,156794000000.0,0.0,32606000000.0,194207200000.0,252104200000.0,18.261169513797636,0.6691203436894221,0.22618745521853356,0.5451904222210229,0.020730510264754056,18.261169513797636,0.02755140590425819,6.445214390017258,15.851061051256938,1.7468760681454294,0.7084557623245185,0.0,0.011173633109380085,0.11244626224026749,0.49821868287315974,0.011430469309768331,42.636048298572994,0.6153258993760786,0.06382978723404262,-0.05572451502260627,0.5575914750888697,0.872969376172026,0.030055555555555554,0.05475206611570248,0.07281553398058252,-0.20375232031447088,0.5936980510742048,0.5050364528407204,Telecom Services,Communication Services,T
2007Q2,2007,Q2,2007-08-03,2007-06-30,2904000000.0,29478000000.0,4944000000.0,0.47,18000000000.0,0.6106248727864848,267346000000.0,111661000000.0,24393000000.0,38539000000.0,155685000000.0,0.0,31706000000.0,192584300000.0,251685300000.0,18.171033360455656,0.6329432522898881,0.2306785962759869,0.5523056393906557,0.018816822478685474,18.171033360455656,0.026007289922175155,6.533153538231902,16.579226928374656,1.7247230456470923,0.756198347107438,0.0,0.011402798670504293,0.11026160855221323,0.46545058252679106,0.010862328218862448,30.734806894350463,0.6106248727864848,0.04444444444444436,-0.14628351425906455,0.47455841931219356,0.9088519348965803,0.01597335892081052,0.019662921348314606,0.060034305317324184,0.3400537244892271,0.5404206373887593,0.5321400837532875,Telecom Services,Communication Services,T
2007Q1,2007,Q1,2007-05-04,2007-03-31,2848000000.0,28969000000.0,4664000000.0,0.45,17717000000.0,0.6115847975422003,268276000000.0,114006000000.0,24693000000.0,34746000000.0,154270000000.0,0.0,30972000000.0,185350720000.0,245572720000.0,18.31715938303342,0.7106717319979278,0.2332895972804127,0.5489711067838535,0.01683504715034779,18.31715938303342,0.024981141343438065,6.398243639752839,16.270252808988765,1.625797940459274,0.7787921348314607,0.0,0.011966503286310406,0.10798207815831457,0.5164335463074886,0.010615932845278743,145.37311372549019,0.6115847975422003,0.4516129032258065,19.907804119457936,0.48054405471410355,0.9816255884353499,0.9293259283458565,0.4695562435500516,0.8105590062111802,-0.2229536060978764,0.5202175013300193,0.5375463279726599,Telecom Services,Communication Services,T
