Year,Date,FillingDate,NetIncome,Revenue,OperatingIncome,EPSDiluted,GrossProfit,GrossProfitRatio,TotalAssets,CommonStockEquity,CurrentAssets,CurrentLiability,TotalLiability,Inventory,RetainedEarnings,EnterpriseValue,bookValuePerShare,currentRatio,debtToAssets,debtToEquity,roic,shareholdersEquityPerShare,roe,priceToSalesRatio,peRatio,pbRatio,payoutRatio,inventoryTurnover,dividendYield,assetTurnover,quickRatio,returnOnAssets,priceToFreeCashFlowsRatio,grossProfitMargin,epsdilutedGrowth,fiveYNetIncomeGrowthPerShare,fiveYRevenueGrowthPerShare,fiveYShareholdersEquityGrowthPerShare,grossProfitGrowth,netIncomeGrowth,operatingIncomeGrowth,threeYNetIncomeGrowthPerShare,threeYRevenueGrowthPerShare,threeYShareholdersEquityGrowthPerShare,Industry,Sector,Price,MarketCap,AvgVolume,Symbol
2022,2022-12-31,2023-02-28,-38863000.0,2161170000.0,-32988000.0,-0.76,387401000.0,0.1792552182,1381465000.0,242279000.0,337403000.0,462078000.0,1135869000.0,8410000.0,-32017000.0,910078910.0,4.72177505797977,0.7301862456122127,0.5931970770160663,3.382385596770665,-0.017629309668375056,4.72177505797977,-0.16040597823170807,0.04297344031242337,-2.3897514345264135,0.383330416585837,0.0,210.91189060642094,0.0,1.5644044546912155,0.5253333852726163,-0.028131729721708475,-0.596601207682919,0.1792552182382691,-4.6190476190476195,-0.22834773879873013,-0.8270974306974961,1.6947627263031946,0.14164426998609048,-4.575252989880405,-2.2636175591817973,-11.143305097043012,0.20355546665353766,0.0006861687201011029,Trucking,Industrials,6.15,332449910,543617,USX
2021,2021-12-31,2022-03-01,10870000.0,1948526000.0,26106000.0,0.21,339336000.0,0.1741501012,1270043000.0,276566000.0,322696000.0,402780000.0,991754000.0,9550000.0,8440000.0,958865900.0,5.490688902124281,0.8011718556035553,0.5266664199558597,2.4185510872630767,0.0202788082574424,5.490688902124281,0.03930345740257298,0.15174131625649337,27.200726770929162,1.069082605960241,0.0,168.50157068062828,0.0,1.5342204948966296,0.6341625701375441,0.008558765333142263,-2.5981941844831677,0.17415010115338467,-0.39999999999999997,1.0862590785865824,-0.8297973216984903,1.8912912147267895,-0.011287549896564785,-0.4140793445450625,-0.40056485499758904,-0.7445794569720195,-0.36837743654932137,-0.31112472616829695,Trucking,Industrials,6.15,332449910,543617,USX
2020,2020-12-31,2021-03-02,18552000.0,1742101000.0,43551000.0,0.35,343210000.0,0.1970092434,1179590000.0,259405000.0,266440000.0,359252000.0,918733000.0,8953000.0,-2430000.0,979433520.0,5.23754240025844,0.7416520993620077,0.5477894861774006,2.4909581542375823,0.02834844367008208,5.23754240025844,0.07151751122761704,0.1944614692259519,18.2606468305304,1.3059560147260074,0.0,156.2482966603373,0.0,1.476869929382243,0.5972882544843174,0.01572749853762748,-9.615176680952516,0.19700924343651718,6.6089743589743595,-0.4169508182597204,-0.8542690571283673,0.0,0.037872785663741436,7.096615182385803,1.399504132231405,1.6074848218182949,-0.855607201270231,1.7706528143441522,Trucking,Industrials,6.15,332449910,543617,USX
2019,2019-12-31,2020-03-04,-3043000.0,1707361000.0,18150000.0,-0.0624,330686000.0,0.1936825311,1140109000.0,230208000.0,256728000.0,305491000.0,909273000.0,7193000.0,-20982000.0,910760640.0,4.718537345248832,0.8403782762830984,0.5885788113241804,2.914946483180428,0.01767363852372529,4.718537345248832,-0.013218480678343063,0.1437327196767409,-80.64529740387775,1.0660083055323881,0.0,191.39093563186432,0.0,1.4975419016953642,0.6698920753802894,-0.0026690430476384273,-5.1123628182159075,0.19368253111087813,-1.0751807228915662,-1.097085457786356,-0.8550088222809892,0.0,-0.13626984417199067,-1.1222137435238364,-0.7699794692418828,0.9750692032152478,-0.8460270334264969,1.7659495843141757,Trucking,Industrials,6.15,332449910,543617,USX
2018,2018-12-31,2019-03-06,24899000.0,1804915000.0,78906000.0,0.83,382858000.0,0.2121196843,910487000.0,234891000.0,285534000.0,264280000.0,672100000.0,7324000.0,-17335000.0,580000700.0,7.970512385476756,1.0804222794006357,0.4663064931185179,1.807502203149546,0.09196434330321221,7.970512385476756,0.10600235854076998,0.09159805309391301,6.639893168400338,0.7038443363091818,0.0,194.16398143091206,0.0,1.9823621863903602,0.8346299379446042,0.027346903360509267,-1.4815282457523837,0.2121196843064632,2.338709677419355,0.3151249433970568,-0.7462501149980707,0.0,0.21247763368327713,7.324358648717298,1.7581795302013423,0.3151249433970568,-0.7462501149980707,0.0,Trucking,Industrials,6.15,332449910,543617,USX
2017,2017-12-31,2017-12-31,-3937000.0,1555385000.0,28608000.0,-0.62,315765000.0,0.2030140448,820571000.0,-43394000.0,248720000.0,298496000.0,861676000.0,8787000.0,-43459000.0,702807800.0,-6.7962411902897415,0.8332439965694682,0.7379471124375587,-13.954417661427847,0.009484821748857812,-6.7962411902897415,0.09072682859381481,0.06847295042706468,-27.051511303022604,-2.454297829192976,0.0,141.07431432798452,0.0,1.8954910665865599,0.727902551457976,-0.004797878550424034,-0.6870064442050534,0.20301404475419269,0.752,-1.9597757191613847,0.009267388357559445,0.0,0.06105613333557351,0.7535369976211344,0.03162525693267462,-1.9597757191613847,0.009267388357559445,0.0,Trucking,Industrials,6.15,332449910,543617,USX
2016,2016-12-31,2016-12-31,-15974000.0,1451205000.0,27731000.0,-2.5,297595000.0,0.2050675129,639431000.0,-39334000.0,224559000.0,205452000.0,676599000.0,7793000.0,-39399000.0,534245800.0,-6.160375880971026,1.0929998247765902,0.6740711663963743,-10.95800071185234,0.04630818051890373,-6.160375880971026,0.40611176081761324,0.07338852884327163,-6.667196694628771,-2.707626989373061,0.0,148.0315667907096,0.0,2.2695255625704727,0.9480900648326617,-0.024981585190583504,4.780367161901342,0.20506751286000255,-4.90625,-4.8941979522184305,-0.058333544221249256,0.0,-0.079431316565256,-4.8941979522184305,-0.4175750320290677,-4.8941979522184305,-0.058333544221249256,0.0,Trucking,Industrials,6.15,332449910,543617,USX
2015,2015-12-31,2015-12-31,4102000.0,1541103000.0,47613000.0,0.64,323273000.0,0.2097672901,,,,,,,,,,0.0,0.0,0.0,0.0,,0.0,0.0691075158506602,25.96338371526085,0.0,0.0,0.0,0.0,0.0,0.0,0.0,-0.8648557786006627,0.20976729005134634,0.0,0.0,0.0,0.0,0.0,0.0,0.0,0.0,0.0,0.0,Trucking,Industrials,6.15,332449910,543617,USX
TTM,,,,,,,,,,,,,,,,1181308910.0,4.088954112952732,0.7071298989598741,0.6310919208540191,3.996368737362127,-0.027816089372198153,4.088954112952732,-0.23299052978791715,0.15558977174232513,-5.627594923376693,1.5040520950133474,0.0,220.91680281513132,0.0,1.5830292667061305,0.535456048842745,-0.042205312207586686,-2.214339827488594,0.17731622664397756,,,,,,,,,,,Trucking,Industrials,6.15,332449910,543617,USX
