Year,Date,FillingDate,NetIncome,Revenue,OperatingIncome,EPSDiluted,GrossProfit,GrossProfitRatio,TotalAssets,CommonStockEquity,CurrentAssets,CurrentLiability,TotalLiability,Inventory,RetainedEarnings,EnterpriseValue,bookValuePerShare,currentRatio,debtToAssets,debtToEquity,roic,shareholdersEquityPerShare,roe,priceToSalesRatio,peRatio,pbRatio,payoutRatio,inventoryTurnover,dividendYield,assetTurnover,quickRatio,returnOnAssets,priceToFreeCashFlowsRatio,grossProfitMargin,epsdilutedGrowth,fiveYNetIncomeGrowthPerShare,fiveYRevenueGrowthPerShare,fiveYShareholdersEquityGrowthPerShare,grossProfitGrowth,netIncomeGrowth,operatingIncomeGrowth,threeYNetIncomeGrowthPerShare,threeYRevenueGrowthPerShare,threeYShareholdersEquityGrowthPerShare,Industry,Sector,Price,MarketCap,AvgVolume,Symbol
2022,2022-12-31,2023-03-16,14431000.0,367360000.0,52310000.0,0.33,201652000.0,0.5489220383,6203601000.0,1562980000.0,5747266000.0,522137000.0,4625213000.0,0.0,-299225000.0,5192963908.5,21.820685143378604,11.007199259964338,0.7170467604218904,2.8460197827227476,0.008943760681851686,21.820685143378604,0.00923300362128754,2.5152599861171603,64.02923626221329,0.5911821702772908,9.660799667382717,0.0,0.15088106982597285,0.059217219160290935,10.985800661512208,0.0023262295560272173,6.084911021916076,0.5489220383275262,2.8333333333333335,-0.7346183607034948,1.5478838110410202,0.5907558654910606,0.25394555200417873,-0.4385261847327056,-0.682898589380649,-0.893185186671314,0.149800802406826,0.18865622050299458,REIT—Mortgage,Real Estate,14.14,1163453340,331377,FBRT
2021,2021-12-31,2022-02-25,25702000.0,221649000.0,164963000.0,-0.18,160814000.0,0.7255345163,9474701000.0,1705637000.0,4766800000.0,4242065000.0,7763300000.0,0.0,-167179000.0,8064822982.46,39.28300490227724,1.1236980102850853,0.7990826306814326,4.438851291335729,0.015598298599801807,39.28300490227724,0.015068856972497664,2.9266226441806635,25.238618880242782,0.38031713808975764,2.643957668663917,0.0,0.10475841333511526,0.023393772531713666,2.1805509816563395,0.0027126977410685572,4.427960862406739,0.7255345162847565,-1.2,-0.12175675436007073,1.8605382575156768,1.758427248364784,0.41111949597234165,-0.530522777919848,1.645927565521445,-0.5014005691104311,0.4915041224507171,1.3838116192048657,REIT—Mortgage,Real Estate,14.14,1163453340,331377,FBRT
2020,2020-12-31,2021-03-11,54746000.0,184171000.0,62346000.0,0.9,113962000.0,0.6187836304,3189761000.0,798444000.0,2976022000.0,219276000.0,2391317000.0,0.0,-106471000.0,2826121302.3,17.98912614546782,13.572037067440121,0.6737846503233315,2.6917504546342634,0.021978874464136006,17.98912614546782,0.0685658605988648,4.121063046299364,13.863666793921018,0.9505742447810992,0.9094728381982246,0.0,0.0656011754838924,0.05773818163806003,13.487175979131322,0.017163041368930147,6.580716027364004,0.6187836304304152,-0.39999999999999997,1.2011504802222492,2.1085500305555196,0.0,0.08279492246883552,-0.34767170296935324,1.7284901531728665,0.6247160935309315,1.0613875213789465,0.3114303122441153,REIT—Mortgage,Real Estate,14.14,1163453340,331377,FBRT
2019,2019-12-31,2020-03-17,83924000.0,198468000.0,22850000.0,1.5,105248000.0,0.5303021142,3540620000.0,816805000.0,3094939000.0,421943000.0,2723815000.0,0.0,-85968000.0,3158999847.4,18.357439911554,7.334969415300171,0.7019646276640814,3.0428192775509455,0.0065565710472821346,18.357439911554,0.10274667760358959,3.8336449573734814,9.06601028787951,0.9315024361995826,0.7222367856632191,0.0,0.07966423627698599,0.05605458930921703,7.270510471793584,0.023703193226045156,16.770390517754414,0.5303021141947316,0.3570632427659481,2.3659808286207036,2.341605913154749,0.0,0.27902002722146607,0.5887174633222906,-0.5123252587770782,1.7983994664888296,1.4994710593924738,0.2890475814724216,REIT—Mortgage,Real Estate,14.14,1163453340,331377,FBRT
2018,2018-12-31,2019-03-29,52825000.0,152288000.0,46855000.0,1.105328,82288000.0,0.5403446102122295,2606078000.0,733228000.0,2578820000.0,16585000.0,1872850000.0,0.0,-94266000.0,2278625847.4,16.47907266908126,155.4911064214652,0.6558360877916931,2.3310075447200598,0.019155446552821163,16.47907266908126,0.07204443911034494,4.996164158699307,14.403328867013725,1.0376797495458439,0.6995172740179839,0.0,0.04856636132359702,0.05843570299891254,154.45016581248115,0.0202699228495847,107.19299061707524,0.5403446102122295,0.4559632652899933,1.1186780571932782,1.5640732072803194,0.0,0.4384756577222271,0.5638414399478966,0.28588286953180747,1.1186780571932782,1.5640732072803194,0.0,REIT—Mortgage,Real Estate,14.14,1163453340,331377,FBRT
2017,2017-12-31,2018-03-16,33779000.0,89564000.0,36438000.0,0.759173,57205000.0,0.6387052833727838,1583661000.0,610339000.0,1583529000.0,16392000.0,973322000.0,0.0,-94082000.0,1633717847.4,13.717180377419282,96.6037701317716,0.604026366753996,1.5672814616139554,0.023100783287012042,13.717180377419282,0.05534465272578026,8.495107938457418,22.52452255543385,1.246611878644491,1.1494715651736287,0.0,0.05103200577702493,0.05655503292687008,95.8714616886286,0.0213296911397073,91.07683114675605,0.6387052833727838,0.1263426980961877,0.3547908394497254,0.5079891569713604,0.0,0.01724904418956166,0.12634211403801268,0.023683101559207755,0.3547908394497254,0.5079891569713604,0.0,REIT—Mortgage,Real Estate,14.14,1163453340,331377,FBRT
2016,2016-12-31,2017-03-29,29990000.0,79404000.0,35595000.0,0.674016,56235000.0,0.7082136920054405,1248125000.0,633650000.0,1199076000.0,11722000.0,614475000.0,0.0,-70669000.0,1245560847.4,14.24108789730253,102.2927828015697,0.4829267901852779,0.9512396433362266,0.028789156933459396,14.24108789730253,0.04732896709539967,9.582084622940911,25.370318352784267,1.2007509625187407,1.3421473824608203,0.0,0.052902268067658145,0.06361862794191286,101.70098959221976,0.024028042063094644,21.723842148241207,0.7082136920054405,0.20282460770824512,0.20282356715998875,0.33692522687858845,0.0,0.193315649867374,0.20282356715998878,0.04094165813715456,0.20282356715998875,0.33692522687858845,0.0,REIT—Mortgage,Real Estate,14.14,1163453340,331377,FBRT
2015,2015-12-31,2015-12-31,24933000.0,59393000.0,34195000.0,0.560361,47125000.0,0.7934436718131767,,,,,,,,,,0.0,0.0,0.0,0.0,,0.0,12.81053065849511,30.516016821080502,0.0,1.080856695945133,0.0,0.03541932429393852,0.0,0.0,0.0,29.91608726457752,0.7934436718131767,0.0,0.0,0.0,0.0,0.0,0.0,0.0,0.0,0.0,0.0,REIT—Mortgage,Real Estate,14.14,1163453340,331377,FBRT
TTM,,,,,,,,,,,,,,,,5012659340.0,18.96303645467047,11.702738822400603,0.6986800538308958,2.599039537836514,0.014162076599343638,18.96303645467047,0.051347393874047645,2.746338477662533,14.49132406324287,0.7456611726608485,1.8011836370839938,0.0,0.10042432814710041,0.072552853849255,11.688016688226575,0.013832443972676264,5.351769765773059,0.4941365033353948,,,,,,,,,,,REIT—Mortgage,Real Estate,14.14,1163453340,331377,FBRT
