Year,Date,FillingDate,NetIncome,Revenue,OperatingIncome,EPSDiluted,GrossProfit,GrossProfitRatio,TotalAssets,CommonStockEquity,CurrentAssets,CurrentLiability,TotalLiability,Inventory,RetainedEarnings,EnterpriseValue,bookValuePerShare,currentRatio,debtToAssets,debtToEquity,roic,shareholdersEquityPerShare,roe,priceToSalesRatio,peRatio,pbRatio,payoutRatio,inventoryTurnover,dividendYield,assetTurnover,quickRatio,returnOnAssets,priceToFreeCashFlowsRatio,grossProfitMargin,epsdilutedGrowth,fiveYNetIncomeGrowthPerShare,fiveYRevenueGrowthPerShare,fiveYShareholdersEquityGrowthPerShare,grossProfitGrowth,netIncomeGrowth,operatingIncomeGrowth,threeYNetIncomeGrowthPerShare,threeYRevenueGrowthPerShare,threeYShareholdersEquityGrowthPerShare,Industry,Sector,Price,MarketCap,AvgVolume,Symbol
2021,2021-03-31,2021-03-31,-4201000000.0,15236000000.0,7767000000.0,-87.56,13975000000.0,0.9172354949,148465000000.0,24248000000.0,26366000000.0,24063000000.0,124013000000.0,9962000000.0,-12786000000.0,191666032408.63318,505.38165391648585,1.0957071021900844,0.7218199575657562,4.419539755856153,0.06186916877559865,505.38165391648585,-0.17325140217749918,6.275139958560853,-22.75839857382365,3.942924464229345,0.0,0.12658100782975307,0.0,0.10262351395951907,0.6646719029214977,-0.028296231435018356,-6.8575550429373955,0.9172354948805461,-0.6128200405231167,0.1359355342917469,0.9691505356693007,2.584794744587223,0.1831188621740603,-0.7976037655113393,0.19162319729978522,-1.771162634776336,0.07110153118254171,0.08329268366916377,Utilities—Renewable,Utilities,1.73,110999395,249591,AZRE
2020,2020-03-31,2020-03-31,-2337000000.0,12958000000.0,6518000000.0,-54.29,11812000000.0,0.911560426,132401000000.0,27018000000.0,20744000000.0,9225000000.0,105184000000.0,5973000000.0,-8580000000.0,134107971592.36002,627.6245976993231,2.2486720867208674,0.7077892160935341,3.4685024798282624,0.06616521793158117,627.6245976993231,-0.08649789029535865,3.8731263769377997,-21.475383650988448,1.8575753790939376,0.0,0.19186338523355098,0.0,0.09786935143994381,1.54449864498645,-0.01765092408667608,-3.4174023963203055,0.9115604259916654,-24.5021645021645,0.1537258096316007,3.520611463105619,42.64201708067137,0.30414918618750114,-30.809053686909273,0.16261066919142372,0.39627788031859346,-0.06158141479479803,-0.38099136629268116,Utilities—Renewable,Utilities,1.73,110999395,249591,AZRE
2019,2019-03-31,2019-06-10,78399000.0,9926209000.0,5606348000.0,2.31,9057246000.0,0.9124577167375783,108863760000.0,25129739000.0,17400206000.0,17005269000.0,83466509000.0,0.0,-6311095000.0,87321537409.6696,760.0371003578774,1.0232243900405222,0.6592849723360649,2.856067904246837,0.027505990260356782,760.0371003578774,0.0031197697676048288,2.628080610600643,332.74502748338114,1.0380878770634903,0.0,0.0,0.0,0.09118010438000672,0.828855456505863,0.0007201570109281546,-1.089752481683872,0.9124577167375783,1.0721875,1.053481122074794,4.750642386021577,55.856876654166896,0.2922948246974133,1.0955290843469212,0.42335616502696366,1.0233995363610955,0.8616354250013502,4.391127639754937,Utilities—Renewable,Utilities,1.73,110999395,249591,AZRE
2018,2018-03-31,2018-06-15,-820682000.0,7700600000.0,3938823000.0,-32.0,7008653000.0,0.9101437550320755,73984121000.0,12117537000.0,15474605000.0,5147868000.0,60708671000.0,0.0,-6593471000.0,67977824463.71553,466.52364733484046,3.0060221046848907,0.7291270379491297,4.451715146403101,0.04779903844539837,466.52364733484046,-0.06772679959632061,2.906335540570284,-27.270644980291433,1.8469535074426042,0.0,0.0,0.0,0.1040844967259934,2.370850806586338,-0.011092677576043649,-1.2554621533762487,0.9101437550320755,0.7117117117117117,0.28734819585243965,4.678975620591923,34.67208017351906,0.8408953251183678,0.3001445450242827,1.0060499971479093,0.5074618884247589,3.4524220054215666,31.43982638691628,Utilities—Renewable,Utilities,1.73,110999395,249591,AZRE
2017,2017-03-31,2017-06-19,-1172645000.0,4182985000.0,1963472000.0,-111.0,3807198000.0,0.910162957792103,57493965000.0,13222130000.0,14021046000.0,8619440000.0,42967106000.0,0.0,-5723420000.0,45463002849.84313,1013.918972245027,1.6266771391180865,0.6115043204969426,2.659012428406013,0.16160870873929378,1013.918972245027,-0.08868805555534547,3.7690464703658115,-13.444703938398352,1.192384649813845,0.0,0.0,0.0,0.07275520135026346,1.155460679580112,-0.02039596677668691,-1.0197948924204925,0.910162957792103,-0.7903225806451613,-1.0282036305756561,5.1443262176666185,74.18120124869591,0.5632100184766988,0.2893874580426848,0.8266928897977259,-1.0282036305756561,5.1443262176666185,74.18120124869591,Utilities—Renewable,Utilities,1.73,110999395,249591,AZRE
2016,2016-03-31,2016-03-31,-1650189000.0,2626148000.0,1074878000.0,-62.0,2435500000.0,0.9274039391534673,31329013000.0,2295825000.0,5037706000.0,8116209000.0,29033518000.0,0.0,-4508156000.0,37180820597.328,140.9792442592634,0.6206969288247752,0.7828789244014805,10.683228904642123,0.04997024797275139,140.9792442592634,-0.7187782169808239,5.995238119606359,-9.540957185709031,6.857832194234317,0.0,0.0,0.0,0.08382479205457255,0.4527819576849241,-0.0526728690750647,-1.8810160342837428,0.9274039391534673,0.033510112235051896,-1.2855633226866996,2.089027157944959,11.175399344961624,1.332135107754122,-0.5237272563585242,2.632080827194702,-1.2855633226866996,2.089027157944959,11.175399344961624,Utilities—Renewable,Utilities,1.73,110999395,249591,AZRE
2015,2015-03-31,2015-03-31,-1082995000.0,1124138000.0,295940000.0,-64.14966238640926,1044322000.0,0.9289980411657643,19923708000.0,242788000.0,3336236000.0,3672901000.0,19676345000.0,0.0,-2828302000.0,31009874348.447998,14.38120049628256,0.9083381229170076,0.8900377881466642,73.03842446908413,0.021451052486926605,14.38120049628256,-4.4606611529400135,13.629386559699965,-14.147167206171773,63.10571918071733,0.0,0.0,0.0,0.05642212784889238,0.6242430710765142,-0.054357100595933246,-1.7780133061588266,0.9289980411657643,-0.4468967728575342,-0.4468967728575342,0.275480090089579,2.037985831733667,0.2599589312472402,-0.4468967728575341,-0.1326545565383556,-0.4468967728575342,0.275480090089579,2.037985831733667,Utilities—Renewable,Utilities,1.73,110999395,249591,AZRE
2014,2014-03-31,2014-03-31,-748495000.0,881345000.0,341202000.0,-44.33603252823457,828854000.0,0.9404421650999325,9274153000.0,-233903000.0,1947691000.0,2043278000.0,9497886000.0,0.0,-1745307000.0,22126888741.447998,-13.854910208420431,0.9532187984209687,0.9726871014528227,-38.566623771392415,0.03964066882995407,-13.854910208420431,3.2000230864931187,16.684847297537285,-19.646232428336862,-62.868397333287724,0.0,0.0,0.0,0.09503239810686755,0.8760344896778608,-0.08070763982435916,-36.65445294516703,0.9404421650999325,0.0,0.0,0.0,0.0,0.0,0.0,0.0,0.0,0.0,0.0,Utilities—Renewable,Utilities,1.73,110999395,249591,AZRE
TTM,,,,,,,,,,,,,,,,105204350148.0,505.38165391648585,1.0957071021900844,0.7218199575657562,4.419539755856153,0.06186916877559865,505.38165391648585,-0.16389029766316857,0.600311771331058,-1.6280850346850753,0.28206801512339164,0.0,0.12658100782975307,0.0,0.10262351395951907,0.6646719029214977,-0.028296231435018356,-0.6560285574523024,0.9172354948805461,,,,,,,,,,,Utilities—Renewable,Utilities,1.73,110999395,249591,AZRE
