Year,Date,FillingDate,NetIncome,Revenue,OperatingIncome,EPSDiluted,GrossProfit,GrossProfitRatio,TotalAssets,CommonStockEquity,CurrentAssets,CurrentLiability,TotalLiability,Inventory,RetainedEarnings,EnterpriseValue,bookValuePerShare,currentRatio,debtToAssets,debtToEquity,roic,shareholdersEquityPerShare,roe,priceToSalesRatio,peRatio,pbRatio,payoutRatio,inventoryTurnover,dividendYield,assetTurnover,quickRatio,returnOnAssets,priceToFreeCashFlowsRatio,grossProfitMargin,epsdilutedGrowth,fiveYNetIncomeGrowthPerShare,fiveYRevenueGrowthPerShare,fiveYShareholdersEquityGrowthPerShare,grossProfitGrowth,netIncomeGrowth,operatingIncomeGrowth,threeYNetIncomeGrowthPerShare,threeYRevenueGrowthPerShare,threeYShareholdersEquityGrowthPerShare,Industry,Sector,Price,MarketCap,AvgVolume,Symbol
2023,2023-01-31,2023-03-29,-797526000.0,2065659000.0,-842267000.0,-2.5,1348119000.0,0.6526338568,7722322000.0,5456436000.0,4984690000.0,1993517000.0,2253707000.0,67901000.0,-2716074000.0,49173877200.0,17.11930474068961,2.5004502093536196,0.03258838468533169,0.046121314352445444,-0.13812745642041582,17.11930474068961,-0.14616244009826193,24.13860235401874,-62.520997685341925,9.138221579067363,0.0,10.567443778442144,0.0,0.2674919538449705,2.369525316312828,-0.103275413793934,100.56922502869106,0.6526338567982422,-0.10619469026548684,-2.3503045804671046,14.981319543352747,14.059683787733233,0.7717566441580562,-0.1729220469800632,-0.17793649550512142,-0.7113002248020935,4.835172446922116,8.490900005142919,Software—Application,Technology,173.21,56449139000,6314811,SNOW
2022,2022-01-31,2022-03-30,-679948000.0,1219327000.0,-715036000.0,-2.26,760894000.0,0.6240278449,6649698000.0,5049045000.0,4598643000.0,1397093000.0,1600653000.0,0.0,-1919369000.0,81965888700.0,16.814848487876034,3.291579730196916,0.03102351415056744,0.04085861781782495,-0.131497534303979,16.814848487876034,-0.134668635355795,67.94348087100506,-121.84067119838575,16.408116921120723,0.0,0.0,0.0,0.18336577089666328,3.1477661114900726,-0.10225246319456914,1457.2103127418561,0.6240278448685217,0.4068241469816274,-2.031948367494713,9.013383653345404,13.827425384184112,1.1773359545128068,-0.26126039228198006,-0.31455664902369207,-2.031948367494713,9.013383653345404,13.827425384184112,Software—Application,Technology,173.21,56449139000,6314811,SNOW
2021,2021-01-31,2021-03-31,-539102000.0,592049000.0,-543937000.0,-3.81,349461000.0,0.5902568875,5921739000.0,4936471000.0,4300652000.0,789264000.0,985268000.0,0.0,-1239421000.0,39319226000.0,34.85888301215284,5.448939771736707,0.03454002278722517,0.041433850214049675,-0.10214589559716816,34.85888301215284,-0.10920797468474949,67.45196090188482,-74.07664226806801,8.089760073542415,0.0,0.0,0.0,0.0999789082227366,5.324050001013602,-0.09103778467777793,-424.292835817724,0.5902568875211343,-1.6095890410958904,-4.097182734133435,9.309354582696919,27.59255128803574,1.358179646537239,-0.5467657480597358,-0.5190037085855991,-4.097182734133435,9.309354582696919,27.59255128803574,Software—Application,Technology,173.21,56449139000,6314811,SNOW
2020,2020-01-31,2020-01-31,-348535000.0,264748000.0,-358088000.0,-1.46,148191000.0,0.5597436052,1012720000.0,-544757000.0,665194000.0,416455000.0,1557477000.0,0.0,-700319000.0,60613229658.58,-2.285346851371165,1.597277016724496,0.2086134370803381,-0.38781878892790733,2.938163292687635,-2.285346851371165,0.6397990296590957,228.62937079252725,-173.66740401560818,-111.11223657260027,0.0,0.0,0.0,0.26142270321510386,1.4731699703449352,-0.3441573189035469,-303.5473790085554,0.5597436052396997,-0.9466666666666667,-0.9577538364751614,1.7387913020089796,-0.7434065037267934,2.299512390621869,-0.9577538364751612,-0.930757824926536,-0.9577538364751614,1.7387913020089796,-0.7434065037267934,Software—Application,Technology,173.21,56449139000,6314811,SNOW
2019,2019-01-31,2019-01-31,-178028000.0,96666000.0,-185465000.0,-0.75,44913000.0,0.4646204456582459,764288000.0,-312467000.0,698952000.0,144905000.0,1076755000.0,0.0,-351784000.0,60429287658.58,-1.3108513972420617,4.823518857182292,0.0,0.0,0.6298809962871711,-1.3108513972420617,0.5697497655752447,626.1681321103594,-339.99802648223874,-193.7137958843014,0.0,0.0,0.0,0.1264785002512142,4.638604603015769,-0.23293313515324066,-408.9863961579211,0.4646204456582459,0.0,0.0,0.0,0.0,0.0,0.0,0.0,0.0,0.0,0.0,Software—Application,Technology,173.21,56449139000,6314811,SNOW
TTM,,,,,,,,,,,,,,,,56024896000.0,16.30766264495291,2.420899466554634,0.034221932879928946,0.04820871836576563,-0.16019773251340824,16.30766264495291,-0.15899996010153764,24.89011009371001,-65.42499779667892,10.616481574910573,0.0,11.256758904703418,0.0,0.30441195073195454,2.2773126517516706,-0.1151902823961087,93.06807675059683,0.6563463463330991,,,,,,,,,,,Software—Application,Technology,173.21,56449139000,6314811,SNOW
