Quarters,Year,Quarter,FillingDate,Date,NetIncome,Revenue,OperatingIncome,EPSDiluted,GrossProfit,GrossProfitRatio,TotalAssets,CommonStockEquity,CurrentAssets,CurrentLiability,TotalLiability,Inventory,RetainedEarnings,MarketCap,EnterpriseValue,bookValuePerShare,currentRatio,debtToAssets,debtToEquity,roic,shareholdersEquityPerShare,roe,priceToSalesRatio,peRatio,pbRatio,payoutRatio,inventoryTurnover,dividendYield,assetTurnover,quickRatio,returnOnAssets,priceToFreeCashFlowsRatio,grossProfitMargin,epsdilutedGrowth,fiveYNetIncomeGrowthPerShare,fiveYRevenueGrowthPerShare,fiveYShareholdersEquityGrowthPerShare,grossProfitGrowth,netIncomeGrowth,operatingIncomeGrowth,threeYNetIncomeGrowthPerShare,threeYRevenueGrowthPerShare,threeYShareholdersEquityGrowthPerShare,Industry,Sector,Symbol
2023Q1,2023,Q1,2023-05-09,2023-03-30,-45500000.0,34900000.0,-100000.0,-0.31,59800000.0,1.7134670487,740200000.0,-531800000.0,121700000.0,1204800000.0,1272000000.0,2100000.0,-415900000.0,20865844.4754,1072765844.4754,-3.6547823448941954,0.10101261620185922,1.51432045393137,-2.1077472734110567,-0.0001430304859264289,-3.6547823448941954,0.08555848063181647,0.5978751998681948,-0.11464749711758242,-0.03923626264648364,-0.008791208791208791,-11.857142857142858,0.019170084415782166,0.047149419075925424,0.09038844621513945,-0.061469873007295325,2.2197706888723405,1.7134670487106016,-1.0666666666666667,-11.613302840068958,-0.7707960561987962,0.25125893613316785,-0.2863961813842482,-2.823529411764706,-1.00355871886121,-5.572056148701673,-0.7117211778854741,0.28338281981710833,Advertising Agencies,Communication Services,NCMI
2022Q4,2022,Q4,2023-04-13,2022-12-29,-11900000.0,91700000.0,28100000.0,-0.15,83800000.0,0.9138495093,792400000.0,-515300000.0,164400000.0,1203100000.0,1256400000.0,2100000.0,-370400000.0,19491992.064600002,1078891992.0646,-6.286599111772963,0.13664699526223922,2.7958101968702675,-4.299243159324665,-0.019474101989341342,-6.286599111772963,0.023093343683291287,0.21256261793456926,-0.4094956316092437,-0.037826493430234816,0.0,3.761904761904762,0.0,0.1157243816254417,0.12833513423655557,-0.015017667844522967,-1.694955831704348,0.9138495092693566,0.53125,-2.244952167740275,-0.3957516219275395,-0.6536852613722628,0.7385892116182573,0.5492424242424242,7.853658536585366,-1.5890952545380783,-0.41097536909377974,-0.2838677576803424,Advertising Agencies,Communication Services,NCMI
2022Q3,2022,Q3,2022-11-07,2022-09-29,-26400000.0,54500000.0,-4100000.0,-0.32,48200000.0,0.8844036697,775400000.0,-453800000.0,137300000.0,290200000.0,1229200000.0,-1000000.0,-376500000.0,56724195.7506,1104424195.7506,-5.560878842370603,0.47312198483804274,1.4459633737425845,-2.470691934773028,-0.007473806462660659,-5.560878842370603,0.05817540766857646,1.0408109312036697,-0.5371609446079546,-0.12499822774482151,-0.0946969696969697,-6.3,0.044072903404250664,0.07028630384317772,0.4569262577532736,-0.034046943513025535,17.726311172062502,0.8844036697247707,-0.7777777777777779,-3.202365209161711,-0.6328387949555007,0.01505995604830892,-0.18027210884353742,-0.7718120805369127,-1.7321428571428572,-3.7201554421795406,-0.5324674555365345,-0.11184279127034395,Advertising Agencies,Communication Services,NCMI
2022Q2,2022,Q2,2022-08-08,2022-06-30,-14900000.0,67100000.0,5600000.0,-0.18,58800000.0,0.8763040238,789900000.0,-554600000.0,142300000.0,280200000.0,1221200000.0,0.0,-364900000.0,74640661.8462,1122140661.8462,-6.807610053713222,0.5078515346181299,1.4186605899480946,-2.0205553552109627,0.017141917988331003,-6.807610053713222,0.026866209880995313,1.1123794611952311,-1.252360098090604,-0.13458467696754417,-0.16778523489932887,0.0,0.0334938080419403,0.08494746170401317,0.4889364739471806,-0.018863147233827066,-4.2409466958068185,0.8763040238450075,0.7313432835820896,-8.390161341463006,-0.48588272035454244,0.04444401304931205,0.8846153846153846,0.726605504587156,1.3353293413173652,-2.58939778454194,-0.4219342117744424,-0.3722220940632701,Advertising Agencies,Communication Services,NCMI
2022Q1,2022,Q1,2022-05-09,2022-03-31,-54500000.0,35900000.0,-16700000.0,-0.67,31200000.0,0.8690807799,821600000.0,-552100000.0,163800000.0,57700000.0,1243000000.0,0.0,-361400000.0,205843256.08,1238543256.08,-6.81263028337926,2.8388214904679376,1.3954479065238559,-2.0766165549719253,-0.03328712914740476,-6.81263028337926,0.09871400108675965,5.733795433983287,-0.9442351196330275,-0.3728369065024452,-0.08256880733944955,0.0,0.021861294295942815,0.0436952288218111,2.7227036395147315,-0.06633398247322297,-8.470915888065845,0.8690807799442897,-3.1875,-7.11159624308057,-0.6284259418323199,0.04093484486658623,-0.43272727272727274,-3.3253968253968256,-1.6626984126984128,-46.18504897001344,-0.5554007745491389,-0.38077018396706436,Advertising Agencies,Communication Services,NCMI
2021Q4,2021,Q4,2022-03-03,2021-12-30,-12600000.0,63500000.0,25200000.0,-0.16,55000000.0,0.8661417323,817400000.0,-526700000.0,158400000.0,69800000.0,1200900000.0,0.0,-332000000.0,221410406.25,1217710406.25,-6.541810859443288,2.2693409742120343,1.3426718864692928,-2.083728877919119,-0.1390679747722495,-6.541810859443288,0.023922536548319728,3.486778051181102,-4.393063616071429,-0.4203728996582495,-0.31746031746031744,0.0,0.018065998196505274,0.07768534377293859,2.213467048710602,-0.015414729630535846,-49.2023125,0.8661417322834646,0.15789473684210525,-1.6373042962738213,-0.668676304451797,0.07354419606815243,1.0754716981132075,0.17105263157894737,2.3475935828877006,-1.7388839860987442,-0.5582461878124897,-0.3680715550152693,Advertising Agencies,Communication Services,NCMI
2021Q3,2021,Q3,2021-11-08,2021-09-30,-15200000.0,31700000.0,-18700000.0,-0.19,26500000.0,0.8359621451104101,820100000.0,-532500000.0,153600000.0,61400000.0,1205300000.0,0.0,-336700000.0,286080613.88,1272780613.88,-6.626453901539706,2.501628664495114,1.3373978783075235,-2.059718309859155,-0.03313840155945419,-6.626453901539706,0.028544600938967137,9.024625043533122,-4.705273254605263,-0.5372405894460094,-0.26973684210526316,0.0,0.014331624727706278,0.03865382270454822,2.257328990228013,-0.018534325082307037,-8.968044322257054,0.8359621451104101,0.3214285714285715,-2.380479723593895,-0.791999826483308,0.07191657638034075,1.4537037037037037,0.3303964757709251,0.36824324324324326,-2.299135777437731,-0.7243862239940413,-0.3695321164057646,Advertising Agencies,Communication Services,NCMI
2021Q2,2021,Q2,2021-08-09,2021-07-01,-22700000.0,14000000.0,-29600000.0,-0.28,10800000.0,0.7714285714285715,851000000.0,-514200000.0,175500000.0,53400000.0,1200000000.0,0.0,-317400000.0,411793037.78,1361393037.78,-6.4182435289544975,3.2865168539325844,1.2890716803760283,-2.133411124076235,-0.05078929306794784,-6.4182435289544975,0.044146246596654996,29.41378841285714,-4.53516561431718,-0.8008421582652664,-0.1762114537444934,0.0,0.009713617358768935,0.01645123384253819,2.98689138576779,-0.026674500587544066,-10.981147674133332,0.7714285714285715,-0.1200000000000001,-3.4930570967815138,-0.9093980578514113,0.09173542834612444,1.7692307692307692,-0.17010309278350516,-0.045936395759717315,-6.188660753959523,-0.8817921602436197,-0.29496458097558176,Advertising Agencies,Communication Services,NCMI
2021Q1,2021,Q1,2021-05-10,2021-04-01,-19400000.0,5400000.0,-28300000.0,-0.25,3900000.0,0.7222222222222222,895000000.0,-488400000.0,212700000.0,46900000.0,1194300000.0,0.0,-290300000.0,353166097.5,1259766097.5,-6.223134144409204,4.535181236673774,1.2260335195530727,-2.246723996723997,-0.04647725406470685,-6.223134144409204,0.039721539721539724,65.40112916666666,-4.5511095038659795,-0.7231083077395578,-0.24742268041237114,0.0,0.013591338562728265,0.006033519553072626,4.232409381663113,-0.021675977653631284,-13.080225833333333,0.7222222222222222,0.4444444444444445,-2.426827143611312,-0.9461733052773124,0.11230820020068585,-0.717391304347826,0.44886363636363635,-0.3605769230769231,-8.97101749835996,-0.9342477314875355,-0.27490932158529036,Advertising Agencies,Communication Services,NCMI
2020Q4,2020,Q4,2021-03-09,2020-12-31,-35200000.0,15700000.0,-20800000.0,-0.45,13800000.0,0.8789808917197452,886200000.0,-473100000.0,199900000.0,50000000.0,1154800000.0,0.0,-266400000.0,290307271.08000004,1162307271.08,-6.0623076833477425,3.998,1.187429474159332,-2.22426548298457,0.01664120757015528,-6.0623076833477425,0.07440287465652082,18.490908985987264,-2.0618414139204546,-0.613627713126189,-0.15625,0.0,0.018945443493505763,0.017716091175806817,3.936,-0.039720153464229295,-9.07210222125,0.8789808917197452,-1.8125000000000002,-5.034461432132863,-0.9129292826917806,0.12068318325765182,1.816326530612245,-1.7716535433070866,0.023474178403755867,-9.08169149514463,-0.8913386210161004,-0.5946855664904438,Advertising Agencies,Communication Services,NCMI
2020Q3,2020,Q3,2020-11-02,2020-09-24,-12700000.0,6000000.0,-21300000.0,-0.16,4900000.0,0.8166666666666667,1097800000.0,-433200000.0,233400000.0,50400000.0,1308200000.0,0.0,-225600000.0,203623683.57,1039123683.5699999,-5.5526546822895195,4.630952380952381,0.9593732920386226,-2.4312096029547554,-0.031222485768500948,-5.5526546822895195,0.029316712834718376,33.937280595,-4.008340227755905,-0.47004543760387807,-0.4330708661417323,0.0,0.027010610473065414,0.005465476407360175,4.559523809523809,-0.011568591728912371,-8.891863911353711,0.8166666666666667,0.11111111111111106,-2.247632827745734,-0.9593676561643232,0.22605269573609615,0.6896551724137931,0.07971014492753623,0.10504201680672269,-2.1082108765969028,-0.9577190427794022,0.01651661511629811,Advertising Agencies,Communication Services,NCMI
2020Q2,2020,Q2,2020-08-03,2020-06-25,-13800000.0,4000000.0,-23800000.0,-0.18,2900000.0,0.725,1147900000.0,-415700000.0,277700000.0,63200000.0,1322900000.0,0.0,-207400000.0,234767812.51,1042967812.51,-5.3297638488951815,4.393987341772152,0.9178499869326596,-2.534520086600914,-0.03314232538282196,-5.3297638488951815,0.03319701707962473,58.6919531275,-4.253040081702898,-0.5647529769304787,-0.717391304347826,0.0,0.04216932421082344,0.003484624096175625,4.329113924050633,-0.012021953131805907,4.952907436919831,0.725,-2.6,-2.0331194048168926,-0.9751070412389798,0.2535725722689607,-0.9504273504273504,-2.72972972972973,-5.857142857142857,-8.14923996503357,-0.9679879999774613,0.2518831550777194,Advertising Agencies,Communication Services,NCMI
2020Q1,2020,Q1,2020-05-05,2020-03-26,-3700000.0,64700000.0,4900000.0,-0.05,58500000.0,0.9041731066460588,1204600000.0,-396600000.0,327200000.0,80200000.0,1340900000.0,0.0,-188300000.0,287726677.90000004,1148826677.9,-5.100048458176008,4.079800498753118,0.8752282915490619,-2.658345940494201,0.007103684085838245,-5.100048458176008,0.009329299041855773,4.447089302936631,-19.440991750000002,-0.7254833028240041,-12.945945945945946,0.0,0.16647743737078055,0.05371077536111572,4.0361596009975065,-0.0030715590237423212,5.250486822992701,0.9041731066460588,-1.2083333333333333,0.6886760136606714,-0.36286522600291343,0.2847461513747807,-0.5689019896831246,-1.193717277486911,-0.9325997248968363,0.42610020936817694,-0.30212163188589725,0.28202785674987685,Advertising Agencies,Communication Services,NCMI
2019Q4,2019,Q4,2020-02-20,2019-12-26,19100000.0,147200000.0,72700000.0,0.24,135700000.0,0.921875,1130000000.0,-379500000.0,254300000.0,119500000.0,1251200000.0,0.0,-171100000.0,559568815.3199999,1430268815.32,-4.896609541103689,2.1280334728033474,0.82,-2.4416337285902503,0.11649619345161684,-4.896609541103689,-0.05032938076416337,3.801418582336956,7.324199153403142,-1.4744896319367589,1.869109947643979,0.0,0.06379912357979471,0.1302654867256637,2.098744769874477,0.016902654867256638,21.68871377209302,0.921875,1.0,0.7874692344514815,-0.0935580753649436,0.2952598621912916,0.34489593657086226,1.076086956521739,0.8175,0.0035954819956608005,-0.2021236161434772,0.3065387510562127,Advertising Agencies,Communication Services,NCMI
2019Q3,2019,Q3,2019-11-04,2019-09-26,9200000.0,110500000.0,40000000.0,0.12,100900000.0,0.9131221719457013,1084100000.0,-386900000.0,187600000.0,104500000.0,1206400000.0,0.0,-176900000.0,647476692.2099999,1497876692.21,-5.001497411353435,1.7952153110047846,0.8271377179227009,-2.3176531403463425,0.06601242944559693,-5.001497411353435,-0.023778754200051693,5.859517576561085,17.59447533179348,-1.67349881677436,3.108695652173913,0.0,0.04417147419219222,0.10192786643298589,1.7617224880382776,0.008486302001660364,12.621378015789473,0.9131221719457013,0.09090909090909087,0.45550715280704407,-0.1675282588758882,0.27579507142217474,0.005982053838484547,0.033707865168539325,0.0610079575596817,-0.13201140006944567,-0.24680667458621397,0.29950363954464376,Advertising Agencies,Communication Services,NCMI
2019Q2,2019,Q2,2019-08-05,2019-06-27,8900000.0,110200000.0,37700000.0,0.11,100300000.0,0.9101633393829401,1104000000.0,-383700000.0,191000000.0,91200000.0,1214500000.0,0.0,-172600000.0,491128640.54999995,1366428640.55,-4.9610118385102595,2.094298245614035,0.8316123188405797,-2.3927547563200418,0.06358259875099585,-4.9610118385102595,-0.023195204586916863,4.456702727313974,13.795748330056178,-1.279980819781079,2.168539325842697,0.0,0.03929723988075002,0.09981884057971015,2.0427631578947367,0.00806159420289855,52.2477277180851,0.9101633393829401,12.0,0.8770117602988659,-0.16247921455639225,0.2702388246335285,0.4410919540229885,9.090909090909092,2.458715596330275,0.012489945858742042,-0.26127055300692564,0.2979525827982537,Advertising Agencies,Communication Services,NCMI
2019Q1,2019,Q1,2019-05-07,2019-03-28,-1100000.0,76900000.0,10900000.0,-0.01,69600000.0,0.9050715214564369,1117900000.0,-380800000.0,187200000.0,75500000.0,1222600000.0,0.0,-168000000.0,543345630.08,1407745630.08,-4.933934960708684,2.4794701986754966,0.8304857321764022,-2.438025210084034,0.01617284514243974,-4.933934960708684,0.002888655462184874,7.065612874902471,-123.4876432,-1.4268530201680674,-38.09090909090909,0.0,0.07711481915080612,0.06878969496377135,2.4172185430463577,-0.00098398783433223,12.606627148027844,0.9050715214564369,-1.0476190476190477,0.714951236513679,-0.12001068728950959,0.219831758316913,-0.449802371541502,-1.0674846625766872,-0.8207236842105263,0.8024185689121948,-0.2205410186375024,0.2962045323578591,Advertising Agencies,Communication Services,NCMI
2018Q4,2018,Q4,2019-02-22,2018-12-27,16300000.0,137400000.0,60800000.0,0.21,126500000.0,0.9206695778748181,1141800000.0,-368000000.0,230900000.0,110500000.0,1231000000.0,0.0,-153600000.0,484840843.2,1367040843.2,-4.781775365083352,2.0895927601809956,0.8088982308635487,-2.509782608695652,0.09383098408731075,-4.781775365083352,-0.044293478260869566,3.5286815371179037,7.436209251533742,-1.3175022913043477,1.98159509202454,0.0,0.06661979998800563,0.12033631108775618,2.0542986425339365,0.014275705027150113,17.825031,0.9206695778748181,0.4999999999999998,-0.3494797970729429,-0.15088022471818885,0.21240409086854342,0.26753507014028055,0.45535714285714285,0.4373522458628842,0.8944660818467194,-0.22729178810882875,0.3064199786573443,Advertising Agencies,Communication Services,NCMI
2018Q3,2018,Q3,2018-11-05,2018-09-27,11200000.0,110100000.0,42300000.0,0.14,99800000.0,0.9064486830154405,1120000000.0,-372200000.0,183300000.0,93900000.0,1210400000.0,0.0,-156800000.0,813097070.3100001,1703297070.31,-4.838480107301421,1.9520766773162939,0.8191964285714286,-2.465072541644277,0.07848818320046323,-4.838480107301421,-0.030091348737238045,7.3850778411444145,18.1494881765625,-2.1845703124932836,2.6785714285714284,0.0,0.0368959637113958,0.09830357142857143,1.9052183173588924,0.01,16.327250407831325,0.9064486830154405,1.8,-0.4045714597588351,-0.40644063442187933,0.282269212459498,-0.044976076555023926,1.6666666666666667,0.05223880597014925,0.11589021262914868,-0.24381454984603743,0.32559670102942556,Advertising Agencies,Communication Services,NCMI
2018Q2,2018,Q2,2018-08-07,2018-06-28,4200000.0,113700000.0,40200000.0,0.05,104500000.0,0.9190853122251539,1132700000.0,-381200000.0,190700000.0,90100000.0,1227800000.0,0.0,-154900000.0,658367456.1600001,1565467456.16,-4.95630816722355,2.1165371809101,0.8311997881168889,-2.469832109129066,0.03696071909528986,-4.95630816722355,-0.011017838405036727,5.79039099525066,39.18853905714286,-1.727091962644281,5.142857142857143,0.0,0.032808426051288066,0.1003796239074777,2.059933407325194,0.003707954445131103,50.64365047384616,0.9190853122251539,2.666666666666667,-0.6834890209309202,-0.3371348417064788,0.3111867145015952,0.4275956284153005,3.210526315789474,2.6545454545454548,-0.6811413593941684,-0.2824462137712741,0.30587462011663075,Advertising Agencies,Communication Services,NCMI
2018Q1,2018,Q1,2018-05-08,2018-03-29,-1900000.0,80200000.0,11000000.0,-0.03,73200000.0,0.912718204488778,1157700000.0,-374100000.0,192600000.0,79400000.0,1242100000.0,0.0,-145600000.0,397763748.66,1296563748.66,-4.881236680167203,2.4256926952141056,0.8161008896950851,-2.525527933707565,0.026984405116523565,-4.881236680167203,0.005078855920876771,4.959647738902744,-52.337335350000004,-1.0632551421010425,-27.68421052631579,0.0,0.13223930078394688,0.06927528720739397,2.361460957178841,-0.0016411851084045953,8.647038014347826,0.912718204488778,0.5714285714285715,-0.3538818644690516,-0.3047680526929316,0.37774926839418127,-0.4356206630686199,0.4411764705882353,-0.8433048433048433,0.8377872358570505,-0.19865051564998354,0.3154333041790696,Advertising Agencies,Communication Services,NCMI
2017Q4,2017,Q4,2018-03-19,2017-12-28,-3400000.0,140700000.0,70200000.0,-0.07,129700000.0,0.92181947405828,1148100000.0,-288900000.0,212600000.0,109700000.0,1149300000.0,0.0,-303500000.0,515245638.96000004,1408345638.96,-3.801569294120824,1.9380127620783956,0.8041982405713788,-3.195915541709934,0.018515518693708287,-3.801569294120824,0.01176877812391831,3.662015913006397,-37.88570874705883,-1.7834740012461059,-12.882352941176471,0.0,0.08500799752213006,0.12255030049647243,1.8988149498632634,-0.0029614145109311037,16.83809277647059,0.92181947405828,-1.4666666666666668,-3.8766409844277505,-0.1293922416523061,0.5281586733555342,0.20651162790697675,-1.3617021276595744,0.3956262425447316,-1.3245008213422949,-0.11639544354381112,0.452862547904076,Advertising Agencies,Communication Services,NCMI
2017Q3,2017,Q3,2017-11-07,2017-09-28,9400000.0,116400000.0,50300000.0,0.15,107500000.0,0.9235395189003437,1153400000.0,-361300000.0,161700000.0,91700000.0,1215300000.0,0.0,-250500000.0,451152574.65,1331552574.65,-5.6459059376444145,1.7633587786259541,0.789665337263742,-2.520896761693883,0.08538171330662112,-5.6459059376444145,-0.026017160254636035,3.8758812255154638,11.9987386875,-1.248692429144755,3.0425531914893615,0.0,0.06339318804106929,0.10091902202184845,1.71319520174482,0.008149817929599444,14.054597341121495,0.9235395189003437,6.5,-0.5210562453476356,-0.3107617925986185,0.2896803295012395,0.19977678571428573,5.266666666666667,0.7773851590106007,0.7977062507023198,0.060045631113222066,0.18248624960850662,Advertising Agencies,Communication Services,NCMI
2017Q2,2017,Q2,2017-08-08,2017-06-29,1500000.0,97100000.0,28300000.0,0.02,89600000.0,0.9227600411946447,1121700000.0,-431800000.0,145400000.0,74800000.0,1190000000.0,0.0,-246200000.0,453362613.0,1359062613.0,-7.124239863157838,1.9438502673796791,0.8204511010073995,-2.1313107920333487,0.049721548368378214,-7.124239863157838,-0.003473830477072719,4.669027940267765,75.56043550000001,-1.0499365748031497,12.266666666666667,0.0,0.040585613970775314,0.0865650352144067,1.86096256684492,0.001337255950788981,52.71658290697675,0.9227600411946447,1.25,1.7091380672292935,-0.20781785029892633,0.11749555841295886,0.3393124065769806,1.3,4.549019607843137,-0.5963121513139271,-0.0583041415635391,-0.04797041921430644,Advertising Agencies,Communication Services,NCMI
2017Q1,2017,Q1,2017-05-05,2017-03-30,-5000000.0,71900000.0,5100000.0,-0.08,66900000.0,0.9304589707927677,1151900000.0,-428400000.0,163300000.0,70400000.0,1206000000.0,0.0,-234000000.0,756879041.85,1666479041.85,-7.103407153220542,2.319602272727273,0.8158694331105131,-2.1937441643324,0.008612720873182352,-7.103407153220542,0.011671335200746966,10.526829511126564,-37.843952092500004,-1.7667578007703082,-11.04,0.0,0.07293107213680737,0.0624186127267992,2.241477272727273,-0.004340654570709263,14.042282780148424,0.9304589707927677,-1.3333333333333335,-3.987384957980434,-0.18398563683713298,0.1193331145413621,-0.4981245311327832,-1.3401360544217686,-0.9294605809128631,-0.6581249190524141,0.052932943611374864,-0.12321153659697422,Advertising Agencies,Communication Services,NCMI
2016Q4,2016,Q4,2017-02-24,2016-12-29,14700000.0,142500000.0,72300000.0,0.24,133300000.0,0.9354385964912281,1057400000.0,-422700000.0,221100000.0,120600000.0,1238600000.0,0.0,-215600000.0,876395315.52,1777695315.52,-7.061114876370854,1.8333333333333333,0.874125212786079,-2.1866572036905607,0.12387725825401422,-7.061114876370854,-0.0347764371894961,6.150142565052631,14.904682236734695,-2.073326982540809,2.6258503401360542,0.0,0.04404405103089477,0.13476451673917156,1.8043117744610282,0.013902023832040854,23.063034618947366,0.9354385964912281,0.846153846153846,1.0267897186002672,0.1486729849067476,0.08745115058820233,0.25754716981132075,0.7926829268292683,0.493801652892562,-0.24579362890409548,0.13213121420097765,-0.16302100494844465,Advertising Agencies,Communication Services,NCMI
2016Q3,2016,Q3,2016-11-08,2016-09-29,8200000.0,113500000.0,48400000.0,0.13,106000000.0,0.933920704845815,1029800000.0,-427300000.0,180000000.0,104600000.0,1211100000.0,0.0,-216400000.0,876152701.44,1782452701.44,-7.139933472462615,1.7208413001912046,0.8855117498543407,-2.1340978235431782,0.1052093809727971,-7.139933472462615,-0.019190264451205242,7.719407061145375,26.71197260487805,-2.050439273203838,2.6707317073170733,0.0,0.024995642841717288,0.11021557583996892,1.6826003824091778,0.007962711206059429,20.81122806270784,0.933920704845815,0.18181818181818185,-0.5580089983165312,-0.2442714831330358,0.09488110559834059,-0.01027077497665733,0.20588235294117646,0.04086021505376344,-0.4396567321387349,-0.21349518481262822,-0.059123931592541715,Advertising Agencies,Communication Services,NCMI
2016Q2,2016,Q2,2016-08-09,2016-06-30,6800000.0,115400000.0,46500000.0,0.11,107100000.0,0.9280762564991335,1045700000.0,-422800000.0,173700000.0,82200000.0,1212100000.0,0.0,-210300000.0,926194329.0,1841194329.0,-7.066491118625711,2.113138686131387,0.8916515252940614,-2.205298013245033,0.07756083202511774,-7.066491118625711,-0.01608325449385052,8.02594739168111,34.051262095588235,-2.1906204564806058,2.1029411764705883,0.0,0.015439524462905667,0.11035669886200632,2.057177615571776,0.0065028210767906665,50.33664831521739,0.9280762564991335,2.571428571428571,-0.31919378304031915,-0.08786721241702203,0.08683808838511035,0.5042134831460674,2.5813953488372094,7.017241379310345,-0.34126334394299546,-0.13516358972588863,0.017919628857022585,Advertising Agencies,Communication Services,NCMI
2016Q1,2016,Q1,2016-05-05,2016-03-31,-4300000.0,76200000.0,5800000.0,-0.07,71200000.0,0.9343832020997376,1037600000.0,-417900000.0,161700000.0,69200000.0,1210900000.0,0.0,-204300000.0,906681241.44,1837281241.44,-7.0104670853286075,2.336705202312139,0.9105628373168851,-2.26082794927016,0.008826994488947457,-7.0104670853286075,0.010289542952859537,11.898703955905512,-52.71402566511628,-2.169612925197416,-11.023255813953488,0.0,0.05227857138052052,0.07343870470316115,2.2673410404624277,-0.0041441788743253665,45.79198189090909,0.9343832020997376,-1.6363636363636362,-2.872986974320654,-0.03060830559967848,0.09952083199699488,-0.4415686274509804,-1.6515151515151516,-0.9056910569105691,-2.939381589906162,-0.15073593291787027,0.10631904196155234,Advertising Agencies,Communication Services,NCMI
2015Q4,2015,Q4,2016-02-26,2015-12-31,6600000.0,136400000.0,61500000.0,0.11,127500000.0,0.9347507331378299,1084300000.0,-407000000.0,209800000.0,125200000.0,1256000000.0,0.0,-186100000.0,927423291.6600001,1831723291.66,-6.894338386256613,1.6757188498402555,0.8632297334685972,-2.2997542997542997,0.08667840473760811,-6.894338386256613,-0.016216216216216217,6.799290994574781,35.129670138636364,-2.2786813062899265,5.696969696969697,0.0,0.04054243659623811,0.12579544406529558,1.601437699680511,0.006086876325740109,24.34181867874016,0.9347507331378299,-0.15384615384615388,-0.49208066222405855,0.031034681706060115,0.11555103954302946,0.2271414821944177,-0.14285714285714285,0.28661087866108786,13.186208931383309,0.08648972353431862,0.14429186506266137,Advertising Agencies,Communication Services,NCMI
2015Q3,2015,Q3,2015-11-09,2015-10-01,7700000.0,111700000.0,47800000.0,0.13,103900000.0,0.9301700984780662,1006200000.0,-423400000.0,178200000.0,112800000.0,1234500000.0,0.0,-179100000.0,790209336.9300001,1703509336.93,-7.174460911871271,1.5797872340425532,0.9302325581395349,-2.2106754841757206,0.0791302089551504,-7.174460911871271,-0.018186112423240433,7.074389766606983,25.65614730292208,-1.8663423167926312,4.9480519480519485,0.0,0.04821507190489582,0.11101172729079706,1.5088652482269505,0.007652554164182071,16.671083057594938,0.9301700984780662,-0.23529411764705885,-0.4741477191644307,-0.28390121059404433,0.1977485419526004,-0.08215547703180212,-0.2376237623762376,-0.1371841155234657,-0.5745778193870359,-0.2827966981232392,0.09737059610793684,Advertising Agencies,Communication Services,NCMI
2015Q2,2015,Q2,2015-08-07,2015-07-02,10100000.0,121500000.0,55400000.0,0.17,113200000.0,0.9316872427983539,1010500000.0,-421100000.0,172700000.0,99700000.0,1232100000.0,0.0,-173500000.0,923541938.46,1846741938.46,-7.1403644224280285,1.732196589769308,0.9252845126175161,-2.220375207789124,0.09181182562113402,-7.1403644224280285,-0.023984801709807647,7.601168217777778,22.859948971782178,-2.193165372738067,1.297029702970297,0.0,0.014184520977839038,0.12023750618505691,1.6529588766298897,0.00999505195447798,130.0763293605634,0.9316872427983539,2.1333333333333333,0.5744739891301276,-0.12082653532802312,0.38549978735550383,0.5921237693389592,2.1222222222222222,4.317365269461078,5.907272273973873,0.01873526717104017,0.11549815301281709,Advertising Agencies,Communication Services,NCMI
2015Q1,2015,Q1,2015-05-12,2015-04-02,-9000000.0,76900000.0,-16700000.0,-0.15,71100000.0,0.9245773732119635,985600000.0,-419900000.0,128600000.0,65100000.0,1205400000.0,0.0,-169800000.0,914541107.2199999,1839641107.2199998,-7.1304033777361,1.9754224270353302,0.9517045454545454,-2.233865206001429,-0.028215693350005174,-7.1304033777361,0.021433674684448678,11.892602174512353,-25.403919645,-2.1779973975232196,-5.133333333333334,0.0,0.050517138743426906,0.07802353896103896,1.8617511520737327,-0.009131493506493506,-351.7465797,0.9245773732119635,-2.0714285714285716,-6.375783041064909,-0.34846695688275575,0.4030698667345881,-0.3806620209059233,-2.111111111111111,-1.2884283246977548,-8.193828001628972,-0.10618789718676616,0.11598617405907827,Advertising Agencies,Communication Services,NCMI
2014Q4,2014,Q4,2015-02-27,2015-01-01,8100000.0,123100000.0,57900000.0,0.14,114800000.0,0.9325751421608448,991400000.0,-408200000.0,172400000.0,107200000.0,1200100000.0,0.0,-147400000.0,844234899.03,1722834899.03,-6.948106512464319,1.6082089552238805,0.8997377446035909,-2.185203331700147,0.10200496072757338,-6.948106512464319,-0.019843214110730034,6.858122656620633,26.056632686111108,-2.0681893655805976,4.283950617283951,0.0,0.04110230463093771,0.12416784345370184,1.5102611940298507,0.008170264272745613,28.912154076369863,0.9325751421608448,0.7500000000000001,-0.476822096373486,-0.24914554651182794,0.4278346700644573,0.21739130434782608,0.6875,0.4226044226044226,0.13796476344202901,0.011095165087456277,0.10205587721599241,Advertising Agencies,Communication Services,NCMI
2014Q3,2014,Q3,2014-11-04,2014-09-25,4800000.0,100800000.0,40700000.0,0.08,94300000.0,0.935515873015873,993600000.0,-405700000.0,164600000.0,112800000.0,1193800000.0,0.0,-142200000.0,820071754.2,1690471754.2,-6.906190794883495,1.4592198581560283,0.9007648953301127,-2.206063593788514,0.07505548980746106,-6.906190794883495,-0.011831402514173034,8.135632482142858,42.71207053125,-2.021374794675869,6.541666666666667,0.0,0.038289332414126936,0.10144927536231885,1.3874113475177305,0.004830917874396135,17.788975145336227,0.935515873015873,0.3333333333333334,-0.4785481808713216,-0.24479391712398307,0.43275082068409887,0.010718113612004287,0.3333333333333333,0.009925558312655087,-0.7364196046764485,-0.3162414450724343,0.1245123220124519,Advertising Agencies,Communication Services,NCMI
2014Q2,2014,Q2,2014-08-05,2014-06-26,3600000.0,99900000.0,40300000.0,0.06,93300000.0,0.933933933933934,1005200000.0,-399200000.0,182800000.0,103700000.0,1193500000.0,0.0,-134000000.0,1002384966.75,1887984966.75,-6.798130684355657,1.7627772420443588,0.8943493832073219,-2.252004008016032,0.06651231921339965,-6.798130684355657,-0.009018036072144289,10.033883551051051,69.61006713541667,-2.510984385646293,5.305555555555555,0.0,0.019054555518651987,0.09938320732192599,1.6827386692381872,0.003581376840429765,46.406711423611114,0.933933933933934,2.1999999999999997,-0.6363207698462302,-0.22869859719002708,0.42688410972698565,0.43098159509202455,2.161290322580645,2.1484375,-0.632762317035218,-0.19545954982057634,0.12151676030955806,Advertising Agencies,Communication Services,NCMI
2014Q1,2014,Q1,2014-05-06,2014-03-27,-3100000.0,70200000.0,12800000.0,-0.05,65200000.0,0.9287749287749287,998400000.0,-392100000.0,174900000.0,75000000.0,1177600000.0,0.0,-124500000.0,918220000.0,1808620000.0,-6.324193548387097,2.332,0.9084535256410257,-2.3131854118847235,0.018151158955198574,-6.324193548387097,0.007906146391226727,13.08005698005698,-74.05,-2.341800561081357,-23.64516129032258,0.0,0.07982836357299994,0.0703125,2.2186666666666666,-0.0031049679487179485,98.73333333333333,0.9287749287749287,-1.15625,-1.389958814814815,-0.3512153279789335,0.4818153652817873,-0.3808167141500475,-1.1631578947368422,-0.7672727272727272,-1.6845593000000003,-0.14135200082012017,0.18767116720944588,Advertising Agencies,Communication Services,NCMI
2013Q4,2013,Q4,2014-02-21,2013-12-26,19000000.0,122700000.0,55000000.0,0.32,105300000.0,0.8581907090464548,1067300000.0,-354300000.0,265500000.0,131500000.0,1213400000.0,0.0,-80000000.0,1166536220.11,2001836220.11,-6.071356275017462,2.0190114068441063,0.8338798838189825,-2.5119954840530623,0.09051118556143953,-6.071356275017462,-0.05362686988427886,9.50722265778321,15.34916079092105,-3.292509794270392,2.5736842105263156,0.0,0.04191897273055861,0.11496299072425747,1.9634980988593156,0.01780193010400075,31.528005948918917,0.8581907090464548,0.3333333333333334,11.431535441110345,-0.2143264944340403,0.5154912339906262,-0.1354679802955665,0.38686131386861317,-0.18397626112759644,0.47917920673474285,-0.061747248750080606,0.2211283454395807,Advertising Agencies,Communication Services,NCMI
2013Q3,2013,Q3,2013-10-31,2013-09-26,13700000.0,135100000.0,67400000.0,0.24,121800000.0,0.9015544041450777,982500000.0,-377700000.0,251600000.0,112500000.0,1200000000.0,0.0,-85800000.0,1048270558.48,1862470558.48,-6.741357889748295,2.2364444444444445,0.8997455470737914,-2.3404818639131584,0.11562809625413832,-6.741357889748295,-0.03627217368281705,7.759219529829756,19.129024789781024,-2.775405238231401,2.9927007299270074,0.0,0.03911203998655681,0.13750636132315522,2.159111111111111,0.013944020356234097,16.612845617749603,0.9015544041450777,0.4117647058823528,-0.05627763339735328,-0.05813247135840182,0.404088922144069,0.10226244343891402,0.4421052631578947,0.16206896551724137,-0.014502372970803916,-0.0877012194151271,0.24617831740903492,Advertising Agencies,Communication Services,NCMI
2013Q2,2013,Q2,2013-08-02,2013-06-27,9500000.0,122800000.0,58000000.0,0.17,110500000.0,0.8998371335504886,952500000.0,-396200000.0,224300000.0,95500000.0,1177100000.0,0.0,-86900000.0,938268799.92,1767068799.92,-7.1954305637954015,2.3486910994764396,0.9280839895013123,-2.231196365471984,0.1001273170626443,-7.1954305637954015,-0.02397778899545684,7.6406254065146575,24.691284208421052,-2.368169611105502,2.1157894736842104,0.0,0.02142243246467728,0.1289238845144357,2.2596858638743456,0.009973753280839895,109.10102324651162,0.8998371335504886,9.5,0.6878625452413182,0.08208454852088362,0.3624919292719761,0.562942008486563,10.5,1.6851851851851851,0.5861523581894525,-0.04829173711396451,0.3807607917555767,Advertising Agencies,Communication Services,NCMI
2013Q1,2013,Q1,2013-05-03,2013-03-28,-1000000.0,82200000.0,21600000.0,-0.02,70700000.0,0.8600973236009732,831000000.0,-428400000.0,184200000.0,62000000.0,1139800000.0,0.0,-83900000.0,861771268.92,1666971268.92,-7.8444852408134285,2.970967741935484,1.0577617328519855,-2.0518207282913163,0.03643142476697736,-7.8444852408134285,0.002334267040149393,10.483835388321168,-215.44281723,-2.011604269187675,-33.0,0.0,0.03829322372438418,0.09891696750902527,2.835483870967742,-0.0012033694344163659,33.92800271338582,0.8600973236009732,-1.1810250817884407,-0.9241139348124741,0.009009029930369148,0.3966767358289743,-0.1005089058524173,-1.0,-0.5797665369649806,-1.6440891553458452,-0.2490194529159081,0.3432896608881553,Advertising Agencies,Communication Services,NCMI
2012Q4,2012,Q4,2013-02-22,2012-12-27,-500000.0,115900000.0,51400000.0,-0.00917,78600000.0,0.6781708369283865,810500000.0,-439100000.0,220700000.0,91100000.0,1166900000.0,0.0,-70500000.0,770085000.0,1576685000.0,-8.056880733944954,2.4226125137211856,1.0845157310302282,-2.0018219084491005,0.056044714179226775,-8.056880733944954,0.0011386927806877705,6.644391716997411,-385.0425,-1.7537804600318836,-24.0,0.0,0.015582695416739711,0.14299814929056137,2.3424807903402853,-0.0006169031462060457,16.525429184549356,0.6781708369283865,-1.0305666666666666,-1.0472141418661893,-0.05134511317570843,0.40600914225632934,-0.2640449438202247,-1.029940119760479,-0.3418693982074264,-1.0348132372214942,-0.2379364760121911,0.3365289068152285,Advertising Agencies,Communication Services,NCMI
2012Q3,2012,Q3,2012-11-02,2012-09-27,16700000.0,143700000.0,78100000.0,0.3,106800000.0,0.7432150313152401,828000000.0,-432800000.0,221900000.0,114300000.0,1175700000.0,0.0,-57700000.0,901167360.0,1690967360.0,-7.948401504466385,1.9413823272090989,1.0265700483091786,-1.9639556377079483,0.15494626337747144,-7.948401504466385,-0.03858595194085028,6.271171607515658,13.490529341317366,-2.0821796672828095,0.7125748502994012,0.0,0.013205094334530713,0.17355072463768115,1.879265091863517,0.020169082125603865,31.074736551724136,0.7432150313152401,10.999999999999998,0.40013682774268716,0.13566119303336474,0.4230334200007118,0.4393530997304582,9.789473684210526,0.7240618101545254,0.9572594601805253,0.16150396212240956,0.34714745592864965,Advertising Agencies,Communication Services,NCMI
2012Q2,2012,Q2,2012-08-03,2012-06-28,-1900000.0,110100000.0,45300000.0,-0.03,74200000.0,0.6739327883742052,794200000.0,-439500000.0,186300000.0,90500000.0,1148700000.0,0.0,-62100000.0,787781499.0600001,1578681499.06,-8.072752416232657,2.058563535911602,1.0564089649962227,-1.9089874857792946,0.05102628285356695,-8.072752416232657,0.004323094425483504,7.155145313896458,-103.65546040263159,-1.7924493721501709,-6.315789473684211,0.0,0.015232650188305628,0.13863006799294889,1.985635359116022,-0.0023923444976076554,-154.46696060000002,0.6739327883742052,-0.4999999999999999,-1.2326618064594927,0.014784687257107782,0.3936773936305945,0.6636771300448431,-1.1111111111111112,1.6647058823529413,-1.2070300450886837,-0.08312584813169324,0.31942722156990583,Advertising Agencies,Communication Services,NCMI
2012Q1,2012,Q1,2012-05-04,2012-03-29,-900000.0,79100000.0,17000000.0,-0.02,44600000.0,0.5638432364096081,788500000.0,-436700000.0,170900000.0,64800000.0,1135900000.0,0.0,-48600000.0,826195230.84,1766495230.8400002,-8.065941016416435,2.6373456790123457,1.2645529486366518,-2.2832608197847493,0.05308708065667381,-8.065941016416435,0.002060911380810625,10.444946028318585,-229.49867523333333,-1.8919057266773527,-14.222222222222221,0.0,0.015492706229962289,0.10031705770450222,2.427469135802469,-0.0011414077362079899,-127.10695859076924,0.5638432364096081,-1.1650709805216244,-1.6981739647825538,0.8938806795027433,0.4207087505309674,-0.44801980198019803,-1.1343283582089552,-0.6880733944954128,-1.129647186591031,-0.16284959515505762,0.33910202664237504,Advertising Agencies,Communication Services,NCMI
2011Q4,2011,Q4,2012-02-24,2011-12-29,6700000.0,114600000.0,54500000.0,0.12116,80800000.0,0.7050610820244329,820200000.0,-427900000.0,184000000.0,115600000.0,1167000000.0,0.0,-34900000.0,665259000.0,1393359000.0,-7.737793851717902,1.5916955017301038,0.9680565715679103,-1.855573732180416,0.11909314394974051,-7.737793851717902,-0.01565786398691283,5.805052356020942,24.823097014925374,-1.5547067071745735,1.7761194029850746,0.0,0.017887770026410767,0.1397220190197513,1.5458477508650519,0.008168739331870276,14.1243949044586,0.7050610820244329,-0.6091612903225807,6.269439421338156,0.1746015476861579,-93.85352622061482,-0.20315581854043394,-0.6011904761904762,-0.2635135135135135,3.626006904487917,-0.22564079463038875,0.3825055257986854,Advertising Agencies,Communication Services,NCMI
2011Q3,2011,Q3,2011-11-04,2011-09-29,16800000.0,136000000.0,74000000.0,0.31,101400000.0,0.7455882352941177,807900000.0,-427500000.0,171100000.0,114500000.0,1154100000.0,0.0,-29800000.0,800438703.9599999,1512738703.96,-7.888392913488521,1.4943231441048035,0.9580393613070924,-1.8105263157894738,0.18019480519480519,-7.888392913488521,-0.03929824561403509,5.885578705588235,11.9112902375,-1.8723712373333332,0.7083333333333334,0.0,0.014866847319010543,0.1683376655526674,1.4480349344978165,0.0207946528035648,20.62986350412371,0.7455882352941177,0.9375,22.700000155000005,0.7364085791245,0.0,0.3033419023136247,0.8666666666666667,0.47410358565737054,0.1964236213899197,-0.01977584541030138,0.30269527289500614,Advertising Agencies,Communication Services,NCMI
2011Q2,2011,Q2,2011-08-04,2011-06-30,9000000.0,114000000.0,50200000.0,0.16,77800000.0,0.6824561403508772,817600000.0,-417200000.0,166000000.0,103800000.0,1147400000.0,0.0,-34500000.0,911657855.41,1813157855.4099998,-7.73848649264062,1.5992292870905587,1.1717221135029354,-2.296260786193672,0.07795133706740646,-7.73848649264062,-0.021572387344199424,7.996998731666666,25.323829316944444,-2.185181820254075,1.1888888888888889,0.0,0.011736859323378384,0.1394324853228963,1.5452793834296725,0.011007827788649706,28.941519219365077,0.6824561403508772,9.0,6.842816982698455,0.5553558342734939,0.0,0.8220140515222483,10.0,2.3466666666666667,0.6331474379029908,0.02597574530314763,0.31437770811091226,Advertising Agencies,Communication Services,NCMI
2011Q1,2011,Q1,2011-05-06,2011-03-31,-1000000.0,70800000.0,15000000.0,-0.02,42700000.0,0.6031073446327684,796400000.0,-418000000.0,140200000.0,66200000.0,1123400000.0,0.0,-32500000.0,1002414442.6200001,1729614442.6200001,-7.78526292937541,2.117824773413897,0.9768960321446509,-1.861244019138756,0.07407407407407407,-7.78526292937541,0.0023923444976076554,14.158396082203392,-250.60361065500004,-2.3981206761244023,-10.8,0.0,0.01077398682701753,0.08890005022601707,2.0332326283987916,-0.0012556504269211452,66.82762950800002,0.6031073446327684,-1.090863659079551,0.9167817766889527,1.0212916780280372,0.0,-0.49527186761229314,-1.0862068965517242,-0.7211895910780669,-0.9570990199396974,-0.11602800247699804,0.40123155327736987,Advertising Agencies,Communication Services,NCMI
2010Q4,2010,Q4,2011-02-25,2010-12-30,11600000.0,118100000.0,53800000.0,0.22011,84600000.0,0.7163420829805249,854500000.0,-410800000.0,189200000.0,111900000.0,1172900000.0,0.0,-20500000.0,1052418999.9999999,1951919000.0,-7.795066413662239,1.6907953529937445,1.1397308367466354,-2.3707400194741965,0.08070533914151702,-7.795066413662239,-0.028237585199610515,8.91125317527519,22.68144396551724,-2.5618768257059394,0.8879310344827587,0.0,0.009786976479900115,0.1382094792276185,1.6407506702412868,0.013575190169689878,26.57623737373737,0.7163420829805249,-0.08287499999999996,12.206831119544592,0.2701949004755358,-94.54079696394687,-0.11691022964509394,-0.01694915254237288,-0.19821162444113263,0.13278104318045078,-0.0003209358489354781,0.4253113161136504,Advertising Agencies,Communication Services,NCMI
2010Q3,2010,Q3,2010-11-05,2010-09-30,11800000.0,125700000.0,67100000.0,0.24,95800000.0,0.762132060461416,836100000.0,-425300000.0,157600000.0,117100000.0,1176900000.0,0.0,-21300000.0,851274560.1999999,1552774560.1999998,-8.942907912356054,1.345858240819812,0.9058725032890802,-1.7808605690101105,0.17494363290516374,-8.942907912356054,-0.02774512109099459,6.772271759745425,18.03547797033898,-2.0015860808840817,1.8135593220338984,0.0,0.02513877543218518,0.15034086831718693,1.2835183603757472,0.014113144360722401,13.774669258899674,0.762132060461416,1.1818181818181819,18.368544405375264,0.8288549116988281,0.0,0.38439306358381503,1.565217391304348,0.5496535796766744,0.1327311568723,0.13741283955039812,0.35084318645185925,Advertising Agencies,Communication Services,NCMI
2010Q2,2010,Q2,2010-08-03,2010-07-01,4600000.0,99100000.0,43300000.0,0.11,69200000.0,0.698284561049445,725500000.0,-491400000.0,151000000.0,60800000.0,1107200000.0,0.0,-23400000.0,734575823.5500001,1460975823.5500002,-11.619791621714066,2.4835526315789473,1.07539627842867,-1.5877085877085877,0.13354155685399305,-11.619791621714066,-0.009361009361009361,7.412470469727548,39.922599105978264,-1.4948632957875458,1.6956521739130435,0.0,0.010618372875797593,0.13659545141281876,2.40625,0.006340454858718126,78.14636420744682,0.698284561049445,2.666666666666667,4.807054235034523,0.7236537334588647,0.0,0.3515625,2.8333333333333335,0.6401515151515151,-0.2748468123743766,0.17587369391279786,0.12726886961375045,Advertising Agencies,Communication Services,NCMI
2010Q1,2010,Q1,2010-05-07,2010-04-01,1200000.0,84600000.0,26400000.0,0.03,51200000.0,0.6052009456264775,620400000.0,-504200000.0,142700000.0,35800000.0,1083100000.0,0.0,-20200000.0,745423266.68,1471923266.6799998,-11.9451221849538,3.9860335195530725,1.3041586073500968,-1.6047203490678301,0.07894584531090232,-11.9451221849538,-0.002380007933359778,8.811149724349882,155.29651389166668,-1.4784277403411343,31.666666666666668,0.0,0.05097774874836699,0.13636363636363635,3.930167597765363,0.0019342359767891683,32.6940029245614,0.6052009456264775,-0.8861607142857143,1.1270253610357406,2.0722520714739137,0.0,-0.1974921630094044,-0.8928571428571429,-0.5577889447236181,0.19403839373596085,1.5981390974810257,0.14210818781111564,Advertising Agencies,Communication Services,NCMI
2009Q4,2009,Q4,2010-03-09,2009-12-31,11200000.0,118600000.0,59700000.0,0.2635294117647059,63800000.0,0.5379426644182125,628200000.0,-516100000.0,185000000.0,92200000.0,1121300000.0,0.0,-14500000.0,704225000.0,1416425000.0,-12.143529411764705,2.0065075921908893,1.2787328876154092,-1.5564813020732415,0.24860302186207478,-12.143529411764705,-0.02170122069366402,5.937816188870152,15.719308035714285,-1.3645126913388879,7.6875,0.0,0.12226206113103057,0.18879337790512576,1.9566160520607376,0.017828716969118114,20.95907738095238,0.5379426644182125,0.6470588235294118,14.811764705882354,0.5817099309359371,-146.72235294117647,-0.21717791411042944,0.696969696969697,0.2894168466522678,14.811764705882354,0.5817099309359371,-146.72235294117647,Advertising Agencies,Communication Services,NCMI
2009Q3,2009,Q3,2009-11-05,2009-10-01,6600000.0,95700000.0,46300000.0,0.16,81500000.0,0.851619644723093,607800000.0,-512800000.0,154300000.0,69300000.0,1112300000.0,0.0,-18700000.0,694550736.39,1413650736.3899999,-12.174880187949,2.2265512265512264,1.3234616650213886,-1.5686427457098284,0.09495615804620888,-12.174880187949,-0.012870514820592824,7.257583452351097,26.308740014772727,-1.3544281130850233,4.636363636363637,0.0,0.04405725657861469,0.15745310957551825,2.186147186147186,0.01085883514313919,13.460285588953488,0.851619644723093,-0.058823529411764754,11.968788312855768,0.5721327565378119,0.0,-0.00851581508515815,-0.07042253521126761,0.16040100250626566,11.968788312855768,0.5721327565378119,0.0,Advertising Agencies,Communication Services,NCMI
2009Q2,2009,Q2,2009-08-07,2009-07-02,7100000.0,92900000.0,39900000.0,0.17,82200000.0,0.8848223896663079,603600000.0,-499600000.0,146100000.0,54700000.0,1103200000.0,0.0,-3500000.0,564812303.4,1308412303.4,-11.861703365295353,2.670932358318099,1.333996023856859,-1.611689351481185,0.08526551982049364,-11.861703365295353,-0.01421136909527622,6.079787980624327,19.88775716197183,-1.1305290300240192,2.1971830985915495,0.0,0.027619794940890445,0.15390987408880052,2.6142595978062158,0.011762756792577865,64.9209544137931,0.8848223896663079,4.666666666666667,6.8999865618012315,0.6223835176971494,0.0,0.3564356435643564,0.3148148148148148,0.7972972972972973,6.8999865618012315,0.6223835176971494,0.0,Advertising Agencies,Communication Services,NCMI
2009Q1,2009,Q1,2009-05-12,2009-04-02,5400000.0,73500000.0,22200000.0,0.03,60600000.0,0.8244897959183674,604400000.0,-514000000.0,142200000.0,52600000.0,1118400000.0,0.0,-3800000.0,587933105.9200001,1322633105.92,-12.204517704053837,2.703422053231939,1.3335539377895433,-1.5680933852140078,0.044624776652769496,-12.204517704053837,-0.010505836575875487,7.999089876462586,27.219125274074074,-1.1438387274708173,6.574074074074074,0.0,0.06038101893318197,0.12160820648577102,2.6463878326996197,0.008934480476505625,16.331475164444445,0.8244897959183674,1.0913047448032382,1.572891923023307,1.6751218546688484,0.0,-0.26097560975609757,3.909090909090909,-0.625,1.572891923023307,1.6751218546688484,0.0,Advertising Agencies,Communication Services,NCMI
2008Q4,2008,Q4,2009-03-06,2009-01-01,1100000.0,112400000.0,59200000.0,-0.32857,82000000.0,0.7295373665480427,609600000.0,-526300000.0,167400000.0,71700000.0,1135900000.0,0.0,1800000.0,425880000.0,1155680000.0,-12.530952380952382,2.3347280334728033,1.3106955380577427,-1.518145544366331,0.10632900024696347,-12.530952380952382,-0.0020900627018810565,3.788967971530249,96.7909090909091,-0.8091962758882767,6.181818181818182,0.0,0.01596693904386212,0.18438320209973752,2.301255230125523,0.0018044619422572178,8.909623430962343,0.7295373665480427,-2.263730769230769,0.5714285714285715,0.5168690958164642,-151.3714285714286,0.03535353535353535,-0.8990825688073395,0.03496503496503497,0.5714285714285715,0.5168690958164642,-151.3714285714286,Advertising Agencies,Communication Services,NCMI
2008Q3,2008,Q3,2008-11-07,2008-09-25,10900000.0,107700000.0,57200000.0,0.26,79200000.0,0.7353760445682451,569100000.0,-475900000.0,138000000.0,51600000.0,1045000000.0,0.0,7400000.0,493034592.56,1237034592.56,-11.312691004173786,2.6744186046511627,1.3855209980671235,-1.6568606850178609,0.11565418704840635,-11.312691004173786,-0.022903971422567768,4.5778513701021355,11.308132856880734,-1.0360046071863838,0.6238532110091743,0.0,0.013792135689084476,0.18924617817606748,2.637596899224806,0.019153048673343876,17.178905664111497,0.7353760445682451,1.5999999999999999,19.13738860303551,0.7714403088254078,0.0,0.3288590604026846,1.5348837209302326,0.4629156010230179,19.13738860303551,0.7714403088254078,0.0,Advertising Agencies,Communication Services,NCMI
2008Q2,2008,Q2,2008-08-07,2008-06-26,4300000.0,86700000.0,39100000.0,0.1,59600000.0,0.6874279123414071,540100000.0,-474800000.0,94800000.0,36800000.0,1014900000.0,0.0,3300000.0,474513650.64,1228413650.6399999,-11.28680701340508,2.5760869565217392,1.4293649324199222,-1.6259477674810447,0.07400319650067294,-11.28680701340508,-0.009056444818871103,5.473052487197232,27.588002944186044,-0.9993969053074979,1.4883720930232558,0.0,0.013487493966439121,0.16052582855026848,2.510869565217391,0.007961488613219775,-74.1427579125,0.6874279123414071,11.0,4.577642071435267,0.5159771967259605,0.0,0.5643044619422573,11.75,1.2090395480225988,4.577642071435267,0.5159771967259605,0.0,Advertising Agencies,Communication Services,NCMI
2008Q1,2008,Q1,2008-05-08,2008-03-27,-400000.0,62700000.0,17700000.0,-0.01,38100000.0,0.6076555023923444,490400000.0,-546500000.0,87400000.0,36500000.0,1036900000.0,0.0,24400000.0,953696709.0300001,1695396709.0300002,-13.002126234253302,2.3945205479452056,1.5783034257748776,-1.4162854528819762,0.04576599870717518,-13.002126234253302,0.0007319304666056725,15.210473828229667,-596.06044314375,-1.7450991931015554,-15.75,0.0,0.006605873691655806,0.12785481239804242,2.326027397260274,-0.0008156606851549756,25.23007166746032,0.6076555023923444,-1.051464155215892,0.9574787874996681,1.286601480241393,0.0,-0.4686192468619247,-1.048780487804878,-0.6495049504950495,0.9574787874996681,1.286601480241393,0.0,Advertising Agencies,Communication Services,NCMI
2007Q4,2007,Q4,2008-03-07,2007-12-27,8200000.0,94600000.0,50500000.0,0.19431,71700000.0,0.7579281183932347,463600000.0,-572400000.0,127100000.0,59900000.0,1036000000.0,0.0,24800000.0,1030102000.0,1793302000.0,-13.563981042654028,2.1218697829716193,1.6911130284728213,-1.3696715583508037,0.14319470699432893,-13.563981042654028,-0.0143256464011181,10.889027484143764,31.405548780487806,-1.7996191474493362,0.7682926829268293,0.0,0.0061158992022149255,0.20405522001725626,2.0834724540901504,0.017687661777394306,69.13436241610738,0.7579281183932347,-0.11677272727272724,10.65876777251185,0.27060268242607993,-163.76777251184836,-0.021828103683492497,-0.10869565217391304,-0.06133828996282528,10.65876777251185,0.27060268242607993,-163.76777251184836,Advertising Agencies,Communication Services,NCMI
2007Q3,2007,Q3,2007-11-09,2007-09-27,9200000.0,97600000.0,53800000.0,0.22,73300000.0,0.7510245901639344,438600000.0,-578600000.0,102400000.0,62000000.0,1017200000.0,0.0,16600000.0,947100000.0,1692400000.0,-13.776190476190477,1.6516129032258065,1.7510259917920656,-1.3273418596612514,0.1692242018468175,-13.776190476190477,-0.015900449360525405,9.70389344262295,25.73641304347826,-1.6368821292775666,166.68478260869566,0.0,1.619153204519058,0.22252621979024167,1.5758064516129033,0.020975832193342453,28.271641791044775,0.7510245901639344,0.46666666666666673,16.333333333333336,0.6079077429983527,0.0,0.1841680129240711,0.4603174603174603,0.22272727272727272,16.333333333333336,0.6079077429983527,0.0,Advertising Agencies,Communication Services,NCMI
2007Q2,2007,Q2,2007-08-10,2007-06-28,6300000.0,83700000.0,44000000.0,0.15,61900000.0,0.7395459976105138,445700000.0,-559200000.0,86300000.0,46100000.0,1004900000.0,0.0,7400000.0,1180200000.0,1936100000.0,-13.314285714285715,1.8720173535791758,1.723132151671528,-1.3733905579399142,0.12445166305736019,-13.314285714285715,-0.011266094420600859,14.100358422939069,46.833333333333336,-2.1105150214592276,0.0,0.0,0.0,0.18779448059232667,1.7960954446854664,0.014135068431680503,94.416,0.7395459976105138,6.5,6.25,0.46584938704028017,0.0,1.7882882882882882,5.3,2.308270676691729,6.25,0.46584938704028017,0.0,Advertising Agencies,Communication Services,NCMI
2007Q1,2007,Q1,2007-05-14,2007-03-29,1000000.0,32400000.0,13300000.0,0.02,22200000.0,0.6851851851851852,400600000.0,-584800000.0,66800000.0,23800000.0,985400000.0,0.0,1000000.0,1125180000.0,1888580000.0,-13.923809523809524,2.80672268907563,1.9370943584623066,-1.3269493844049247,0.03955410616129297,-13.923809523809524,-0.001709986320109439,34.727777777777774,281.295,-1.9240424076607385,0.0,0.0,0.0,0.08087868197703445,2.7058823529411766,0.0024962556165751375,-30.085026737967915,0.6851851851851852,0.20000000000000004,1.1063829787234043,0.18248175182481755,0.0,0.0,0.42857142857142855,13.777777777777779,1.1063829787234043,0.18248175182481755,0.0,Advertising Agencies,Communication Services,NCMI
