Quarters,Year,Quarter,FillingDate,Date,NetIncome,Revenue,OperatingIncome,EPSDiluted,GrossProfit,GrossProfitRatio,TotalAssets,CommonStockEquity,CurrentAssets,CurrentLiability,TotalLiability,Inventory,RetainedEarnings,MarketCap,EnterpriseValue,bookValuePerShare,currentRatio,debtToAssets,debtToEquity,roic,shareholdersEquityPerShare,roe,priceToSalesRatio,peRatio,pbRatio,payoutRatio,inventoryTurnover,dividendYield,assetTurnover,quickRatio,returnOnAssets,priceToFreeCashFlowsRatio,grossProfitMargin,epsdilutedGrowth,fiveYNetIncomeGrowthPerShare,fiveYRevenueGrowthPerShare,fiveYShareholdersEquityGrowthPerShare,grossProfitGrowth,netIncomeGrowth,operatingIncomeGrowth,threeYNetIncomeGrowthPerShare,threeYRevenueGrowthPerShare,threeYShareholdersEquityGrowthPerShare,Industry,Sector,Symbol
2023Q2,2023,Q2,2023-05-26,2023-02-28,-7627380.0,2556509.0,-1786810.0,-0.0961,970903.0,0.3797768754,36489318.0,27250640.0,4050624.0,6178078.0,9526232.0,925107.0,-62375257.0,10051734.237300001,13312325.237300001,0.3434885967426273,0.6556446843176794,0.10606745239798672,0.1420270863363209,-0.0875776044139731,0.3434885967426273,-0.27989727947673887,3.9318203993414462,-0.32946222153937527,0.36886231799693514,0.0,1.7139703839663953,0.0,0.0700618465930221,0.417429660162918,-0.20903048941610802,-11.440834612626682,0.37977687541878397,0.43470588235294116,-0.43942833491379946,-0.6905225697875984,17.696293581207108,-0.441859970463337,-0.31534786346379523,0.2030143267498082,-3.393709219053612,-0.6941225558623156,-0.7389990364754461,Medical Care Facilities,Healthcare,NVOS
2023Q1,2023,Q1,2023-05-24,2022-11-30,-5798755.0,3419280.0,-2241960.0,-0.17,1739533.0,0.5087424838,37748823.0,20947675.0,4457321.0,12565221.0,17064033.0,1010115.0,-57753902.0,8440071.9426,18027039.9426,0.6187453629561435,0.3547347873945074,0.27724488257554414,0.499610004451568,-0.09723463456322273,0.6187453629561435,-0.27682093597499485,2.4683769514634664,-0.3638743119255771,0.402912110417982,0.0,1.6629264984679961,0.0,0.09057977781188038,0.14633972613772572,-0.1536141934809464,-30.334110641647232,0.5087424837977585,0.782051282051282,-8.584743975367754,-0.09549935332658807,3.8656106497439557,19.81308401107458,0.7436057234890868,0.889773621855616,-42.514946139991494,-0.11282465924828794,-0.45920683728584616,Medical Care Facilities,Healthcare,NVOS
2022Q4,2022,Q4,2023-04-03,2022-08-31,-22616554.0,-8145096.0,-20339596.0,-0.78,-92464.0,0.0113521068,40872840.0,22305159.0,5731795.0,14074706.0,18825269.0,879033.0,-53818489.0,48489163.965,59785120.965,0.7659049300542008,0.4072408333076371,0.32967232029876076,0.6041043688592401,-0.526847673054803,0.7659049300542008,-1.0139606716096488,-5.953172800541578,-0.5359919548862307,2.173899050215244,0.0,-9.16078463493407,0.0,-0.19927893437304578,0.3041929969975927,-0.5533394302916068,71.66941923711917,0.01135210683827422,-5.500000000000001,-45.988640538241526,-3.1913634545412957,4.122117324838382,-1.0383846116165092,-5.092165176166361,-15.91096540749252,-222.7414781173601,-3.5799957620715452,-0.3316301282379206,Medical Care Facilities,Healthcare,NVOS
2022Q3,2022,Q3,2022-07-14,2022-05-31,-3712400.0,13851883.0,-1202746.0,-0.12,2408882.0,0.1739028549,71792814.0,44372780.0,20078685.0,12730450.0,27364847.0,645063.0,-31391082.0,61126897.949999996,69737059.94999999,1.4881206482031206,1.5772172232717618,0.29651446731144987,0.479744744413129,-0.017547222174101373,1.4881206482031206,-0.08366390386178194,4.412894474346917,-4.116400303711884,1.377576477065444,0.0,17.73935414060332,0.0,0.19294247193040798,1.4016539085421176,-0.05170991068827585,-17.225579451909645,0.17390285494037164,0.2941176470588236,-5.226553365546448,2.8668179039434163,6.713529414064262,0.9804119524414767,0.23801016465376199,0.43284782776812675,-27.00389742584553,3.1659383122234233,0.31053632938991066,Medical Care Facilities,Healthcare,NVOS
2022Q2,2022,Q2,2022-04-13,2022-02-28,-4871981.0,2869223.0,-2120676.0,-0.17,1216354.0,0.4239314964,70320030.0,44551319.0,19015418.0,11553785.0,25805006.0,334414.0,-27581028.0,39949573.0,44617148.0,1.550112523355381,1.6458171932401373,0.29311096710282974,0.4626478511219836,-0.031399154611595516,1.550112523355381,-0.1093566051321623,13.923481374574232,-2.049965558157965,0.8967090963120531,0.0,4.942583145442476,0.0,0.04080235745064387,1.5732997454946582,-0.06928297669952643,-17.199123201283985,0.4239314964364917,-1.138364779874214,-9.40564495712179,0.0,108.49745675227935,-0.039568373726574575,-1.6967873675610419,-0.5551365847326934,-29.39632353822151,-0.027817709443036714,0.3358119273723952,Medical Care Facilities,Healthcare,NVOS
2022Q1,2022,Q1,2022-01-18,2021-11-30,-1806587.0,3161927.0,-1363659.0,-0.0795,1266466.0,0.4005361288,63934287.0,43641855.0,12242575.0,15653043.0,20266045.0,364147.0,-22775861.0,38771575.199999996,44953983.199999996,1.620885168472598,0.7821210866155546,0.23435253137334588,0.34332092437408995,-0.02628688520128548,1.620885168472598,-0.04139574268783946,12.262008325935417,-5.365306957262507,0.8884034649764543,0.0,5.2052083361939,0.0,0.04945588898176029,0.7420428730694728,-0.02825693512465385,-44.08365571347356,0.4005361287594559,0.0,-2.5902720291969845,0.0,72.42149121510168,0.2927818676988784,0.06858714593580185,0.23755233353908914,-4.549586635339212,0.056403149695299346,60.17498311968157,Medical Care Facilities,Healthcare,NVOS
2021Q4,2021,Q4,2021-12-14,2021-08-31,-1939620.0,2692881.0,-1788528.0,0.0,979644.0,0.3637903049,61958281.0,43864416.0,11133509.0,8463923.0,18154126.0,339385.0,-20969274.0,45089506.28,50504725.28,1.7705502611682178,1.3154076425317196,0.22125179683406646,0.31251712093921413,-0.031193349653558623,1.7705502611682178,-0.04421853011789784,16.74396539616864,-5.811641749414834,1.0279290229237295,0.0,5.048063408813,0.0,0.04346281008022156,1.2495090042761494,-0.03130525845286121,-56.35469762605268,0.36379030488164904,1.0,-3.715717263428556,0.0,168.0577912135765,-0.23492687772656345,-3.717123839031876,-3.449384534246166,-9.619805032362331,0.07454665865659248,187.7417778910967,Medical Care Facilities,Healthcare,NVOS
2021Q3,2021,Q3,2021-07-14,2021-05-31,-411187.0,2380974.0,-401972.0,-0.0163,1280458.0,0.5377874769,42227512.0,36670755.0,10831847.0,3523583.0,5617387.0,0.0,-19029654.0,55657505.2,51015887.2,1.449501926291874,3.0741001418158733,0.08822274445153198,0.10159122712363026,-0.009263709067799202,1.449501926291874,-0.011212940666206627,23.37593993046543,-33.8395335942041,1.517762729455666,0.0,0.0,0.0,0.05638442539546256,2.971002811626688,-0.009737419528765985,-1107.4137010286715,0.5377874768897098,0.7109929078014184,-1.1305601358131925,0.0,147.4717781524039,0.7039920366866016,0.6931142573533253,0.6968408922247094,-0.6013450335013776,-0.13029366271243564,99.2751860124186,Medical Care Facilities,Healthcare,NVOS
2021Q2,2021,Q2,2021-04-14,2021-02-28,-1339870.0,2075894.0,-1325944.0,-0.0564,751446.0,0.361986691,34856673.0,29188192.0,3604970.0,3658338.0,5721884.0,0.0,-18618467.0,116636107.28,119042272.28,1.2287277590288248,0.9854119548275747,0.11775656271038834,0.14062542825537122,-0.03693261330404034,1.2287277590288248,-0.04590452193818651,56.185964832501085,-21.762579071103914,3.996003153604033,0.0,0.0,0.0,0.05955513883955592,0.8718953798145497,-0.038439411586986515,-414.08925824283114,0.3619866910352841,-0.7195121951219511,-0.8284753343710433,0.0,131.62830085118765,-0.07394663873313205,-0.73677524725524,-0.7499036588520358,0.15551841213550197,-0.160733887401867,65.88040049083435,Medical Care Facilities,Healthcare,NVOS
2021Q1,2021,Q1,2021-01-13,2020-11-30,-771470.0,2155506.0,-757724.0,-0.0328,811450.0,0.3764545309,34835991.0,29200615.0,4154595.0,2594506.0,5687093.0,0.0,-17278597.0,89331741.39999999,91094152.39999999,1.2421378477684082,1.6013048341379823,0.10715360444317487,0.12783299255854713,-0.02122346141504804,1.2421378477684082,-0.02641964903821375,41.44351321685024,-28.948546735453093,3.0592417796679965,0.0,0.0,0.0,0.061875834105020865,1.4095762353218686,-0.0221457744664132,-603.1730714435223,0.37645453086189506,0.8177777777777778,0.6466676847733779,0.0,181.16006685648853,-0.012172392930054088,0.8186482883517368,0.8070333689017014,-0.83639653920542,-0.17884504400612297,6.7527436294782905,Medical Care Facilities,Healthcare,NVOS
2020Q4,2020,Q4,2020-12-09,2020-08-31,-4253999.0,1844867.0,-3926710.0,-0.18,821449.0,0.4452619078,35390618.0,29621489.0,4294537.0,2600043.0,5818988.0,0.0,-16507127.0,93179392.0,94977704.0,1.2715897094499178,1.651717683130625,0.10923883838366429,0.13051437083395773,-0.1087742379042769,1.2715897094499178,-0.14361192308732354,50.50737641250019,-5.4759881231753935,3.145668740690247,0.0,0.0,0.0,0.0521287025843968,1.5779792872656337,-0.12020132002215954,-3919.5470491734322,0.44526190776896113,-41.857142857142854,-20.04621678799485,0.0,261.21193008435176,0.717614218504966,-42.277877816776034,-48.989306310549836,-10.049290893916524,-0.3794827671445579,6.183479184131697,Medical Care Facilities,Healthcare,NVOS
2020Q3,2020,Q3,2020-07-14,2020-05-31,-98295.0,1038226.0,-78551.0,-0.0042,478250.0,0.4606415174,36572196.0,30641695.0,3929498.0,2529934.0,5973644.0,0.0,-12282872.0,33544581.119999997,36209287.12,1.3153850585331144,1.5532017831295204,0.11098792098784552,0.13246891204941502,-0.0020371889859775155,1.3153850585331144,-0.0032078838980676492,32.30951750389607,-85.31609217152449,1.0947364732923552,0.0,0.0,0.0,0.028388396474742724,1.4092636408696828,-0.002687697506597635,223.0654416810746,0.4606415173574925,0.8858695652173912,0.9762466625853895,0.0,83.1148042604605,-0.4326835934349066,0.8051573488951087,0.47899421627931654,0.7889705862322512,-0.6290157932299162,6.050323864415438,Medical Care Facilities,Healthcare,NVOS
2020Q2,2020,Q2,2020-04-20,2020-02-29,-504484.0,2428864.0,-150768.0,-0.0368,843004.0,0.3470774815,36639684.0,30341561.0,4113834.0,2662228.0,6339636.0,0.0,-12184577.0,77234708.95,80247253.95,1.3160434049903933,1.5452598349953497,0.1152270854737721,0.13914524700953915,-0.006731648160851608,1.3160434049903933,-0.016626830768529017,31.798696407044613,-38.274112236463395,2.54550874788545,0.0,0.0,0.0,0.06629052805149739,1.411447854954572,-0.013768786870541788,-273.3507543850956,0.3470774814892888,-8.435897435897436,0.994139377218267,0.0,34.95778416147978,-0.07935727866729135,-4.724965955515207,-0.9624861698665799,-0.343199275109272,0.0,91.9631905109257,Medical Care Facilities,Healthcare,NVOS
2020Q1,2020,Q1,2020-01-13,2019-11-30,-88120.0,2548610.0,-76825.0,-0.0039,915669.0,0.3592817261,32104291.0,25614319.0,4168124.0,2948411.0,6530566.0,0.0,-11680093.0,125368975.19999999,127538657.19999999,1.144144204506507,1.4136848627955871,0.12775189459876252,0.16012075120950903,-0.0023335351076741472,1.144144204506507,-0.003440263237137009,49.19111798195879,-355.67684748070815,4.894487930754669,0.0,0.0,0.0,0.0793853382402994,1.3111716785753411,-0.0027448044250533363,-420.8947576570436,0.3592817261173738,-2.1142857142857143,0.9913474864971948,0.0,4.185472505676089,0.11188974226647642,-2.1269839239810207,-1.4734393295125408,0.7893837537702244,0.0,50.82648055145317,Medical Care Facilities,Healthcare,NVOS
2019Q4,2019,Q4,2019-11-20,2019-08-31,78191.0,2420218.0,162270.0,0.0035,823525.0,0.3402689345,32273369.0,25583840.0,4098587.0,3027566.0,6729161.0,0.0,-11591973.0,98010420.03999999,100136654.03999999,1.1459297649593054,1.3537564499006793,0.13044501179904708,0.16455309288988673,0.005039301934601737,1.1459297649593054,0.0030562652049105996,40.49652553612939,313.3686103259966,3.8309503202021276,0.0,0.0,0.0,0.0749911792599031,1.271050408149649,0.002422771542692057,-331.23602126444354,0.34026893445135936,1.7954545454545454,1.0227455428691563,0.0,4.4390784846189355,-0.11706210933730742,1.787755143162264,3.5704916994043847,1.210952285076774,0.0,108.41703220675032,Medical Care Facilities,Healthcare,NVOS
2019Q3,2019,Q3,2019-07-11,2019-05-31,-99258.0,2489575.0,-63128.0,-0.0044,932710.0,0.374646275,31681736.0,25351100.0,4588236.0,4578502.0,6368281.0,0.0,-11670164.0,279072950.0,280351736.0,1.135505071344249,1.0021260228782252,0.11858848265132946,0.14820220818820484,-0.0019857951280015077,1.135505071344249,-0.003915333062470662,112.09662291756625,-702.897877249189,11.008317193336778,0.0,0.0,0.0,0.07858076337736038,0.9694258078297224,-0.0031329722588433915,-2832.566507313013,0.3746462749666108,0.21428571428571422,0.9865965838431996,0.0,2.551846150007791,0.06029533802448646,0.1693960719993975,0.19773278940612807,0.417208423676022,0.0,115.30923283754592,Medical Care Facilities,Healthcare,NVOS
2019Q2,2019,Q2,2019-04-11,2019-02-28,-119501.0,2200410.0,-78687.0,-0.0056,879670.0,0.3997754964,29081072.0,24865790.0,4502887.0,3036543.0,4252380.0,0.0,-11570906.0,342850144.0,342071845.0,1.1604272215210154,1.4828991389221229,0.0548685756838675,0.06416997006730935,-0.002889527138535828,1.1604272215210154,-0.004805839669682724,155.81193686631127,-717.2537133580472,13.78802539553338,0.0,0.0,0.0,0.07566467976146134,1.4291133041751756,-0.004109236413293155,-1150.0330200387762,0.3997754963847647,0.5371900826446281,0.9497097374495319,0.0,2.707877558999918,-0.004378980441157663,0.5246881662264932,0.634612169842862,0.8192138511324049,0.0,124.25597270907471,Medical Care Facilities,Healthcare,NVOS
2019Q1,2019,Q1,2019-01-11,2018-11-30,-251416.0,2311622.0,-215352.0,-0.0121,883539.0,0.3822160371,5062283.0,550965.0,2841110.0,3339784.0,4544577.0,0.0,-11451405.0,457475986.0,458127991.0,0.026495882562019332,0.8506867509994658,0.3123379313246612,2.86977031208879,-0.09896988167369579,0.026495882562019332,-0.45631936692893377,197.9025922058191,-454.8994355967799,830.3176898714074,0.0,0.0,0.0,0.4566362647050748,0.8060278748565776,-0.04966454858410721,-1927.3102015882712,0.38221603705104035,-0.635135135135135,0.9478583281091874,0.0,1.0251945509228841,0.05996993585275526,-0.5885359735639955,-1.3041170932123598,0.8698231340114296,0.0,2.8856329412957322,Medical Care Facilities,Healthcare,NVOS
2018Q4,2018,Q4,2018-11-06,2018-08-31,-158269.0,2171639.0,-93464.0,-0.0074,833551.0,0.3838349744,4743099.0,201391.0,2568909.0,3346329.0,4570329.0,0.0,-11199989.0,214684080.0,215614725.0,0.009380807370532552,0.7676797469704861,0.3386709828321104,7.976275007324062,-0.05095833915667206,0.009380807370532552,-0.7858792100937977,98.85808829183856,-339.11264998199266,1066.0063260026516,0.0,0.0,0.0,0.45785234505963296,0.7193168992050692,-0.033368268298848494,-1135.0958320335426,0.3838349744133348,0.2673267326732673,0.9514734531136931,0.0,1.00956266838755,-0.07912215384955312,0.2736555636123324,0.4714680751200258,-1.7688953576932465,0.0,0.9343972258480533,Medical Care Facilities,Healthcare,NVOS
2018Q3,2018,Q3,2018-07-11,2018-05-31,-217898.0,2323169.0,-176837.0,-0.0101,905170.0,0.3896272721,4840079.0,310331.0,2777871.0,2922180.0,4556283.0,0.0,-11041720.0,109488880.8,110265451.8,0.014455240463102807,0.9506159784818183,0.33889260898427487,5.285540277961274,-0.09003186623050194,0.014455240463102807,-0.7021470623302216,47.12910718075181,-125.61941917778041,352.81322458922887,0.0,0.0,0.0,0.4799857605629991,0.8433669383816192,-0.045019513111252935,-269.9230352784557,0.38962727205812403,0.8488023952095809,0.9850704254555217,0.0,1.0080915301855595,0.07973895503284534,0.8417029116325091,0.8430566661667067,0.9428644390438725,0.0,1.902389177576091,Medical Care Facilities,Healthcare,NVOS
2018Q2,2018,Q2,2018-04-12,2018-02-28,-1376513.0,2145919.0,-1126757.0,-0.0668,838323.0,0.3906592001,5071945.0,378631.0,3004847.0,3064163.0,4718643.0,0.0,-10823822.0,62239530.32,62863613.32,0.018372015568256298,0.9806420219812066,0.3274256720055127,4.3860249160792435,-0.5315800520691916,0.018372015568256298,-3.635499998679453,29.00367176953091,-11.303839905616584,164.38043984776738,0.0,0.0,0.0,0.423095873476546,0.8740556556553943,-0.27139746192042696,-383.4679361949885,0.39065920009096333,-2.7318435754189943,0.9237108617334813,0.0,1.0073205644557979,-0.009126002902922307,-2.8163537461739785,-5.536850960143877,0.9821110424736511,0.0,1.4740519476124327,Medical Care Facilities,Healthcare,NVOS
2018Q1,2018,Q1,2018-01-12,2017-11-30,-360688.0,2253737.0,-172370.0,-0.0179,846044.0,0.3753960644,4957824.0,-4358089.0,3156913.0,3967818.0,9339176.0,0.0,-9449265.0,92845135.0,96926934.0,-0.2159209462078977,0.795629487037964,1.084635315815971,-1.2338965542007059,-0.19901355332774145,-0.2159209462078977,0.08276288070298703,41.19608232903839,-64.35280283790976,-21.304093376707083,0.0,0.0,0.0,0.45458188915136966,0.7247378786022948,-0.07275127152557251,-260.7591902420118,0.37539606440325557,-0.08484848484848476,0.9828343297887053,0.0,0.9091589895931613,-0.12375444443638903,-0.2544840514887712,-5.548861267252527,0.9607174004837549,0.0,0.39884305244417073,Medical Care Facilities,Healthcare,NVOS
2017Q4,2017,Q4,2017-12-08,2017-08-31,-287519.0,2220316.0,37893.0,-0.0165,965533.0,0.4348628754,5514390.0,-4267653.0,3650030.0,4273902.0,9802580.0,0.0,-9091977.0,48710376.4,52355653.4,-0.24531587072687863,0.8540275373651525,1.0049795172267468,-1.2985706663592378,0.048632706150563226,-0.24531587072687863,0.06737169118482689,21.93848821519099,-42.354049993217835,-11.413855906279165,0.0,0.0,0.0,0.4026403645734161,0.7949396125601382,-0.05213976523241918,-106.90704229061546,0.43486287537449625,0.175,0.9493833270492649,0.0,0.8423470583244387,0.35407168270788253,0.17343970102055484,1.1452545874812647,0.8926627746916033,0.0,0.2637764034497098,Medical Care Facilities,Healthcare,NVOS
2017Q3,2017,Q3,2017-07-24,2017-05-31,-347850.0,2089970.0,-260873.0,-0.02,713059.0,0.3411814524,5388831.0,-4531032.0,4726853.0,9565811.0,9937808.0,0.0,-8805624.0,107858690.60000001,111331822.60000001,-0.2604555853935056,0.4941403295549118,0.955178961819363,-1.1360100745260682,-0.41135196848066913,-0.2604555853935056,0.0767705900112822,51.60776977659967,-77.5181044990657,-23.80444247579801,0.0,0.0,0.0,0.38783365074911424,0.47418990402381983,-0.06455017795139614,-318.5233361191421,0.341181452365345,-0.22699386503067498,0.9825917115250961,0.0,0.7862826011562682,0.0,-8.395510898630581,-6.046241525538179,0.9397181925255983,0.0,0.6440465061398212,Medical Care Facilities,Healthcare,NVOS
2017Q2,2017,Q2,2017-04-14,2017-03-31,-37023.0,0.0,-37023.0,-0.0163,0.0,0.0,37441.0,32173.0,23691.0,5268.0,5268.0,0.0,-22425236.0,15647188.365,15631830.365,0.014156607553564144,4.497152619589977,0.0,0.0,-1.15074752121344,0.014156607553564144,-1.15074752121344,0.0,-105.65856606028686,486.3453319553663,0.0,0.0,0.0,0.0,2.9153378891419894,-0.98883576827542,-289.805681675063,0.0,0.12834224598930496,0.9866164937474051,0.0,1.0024167406866877,0.0,0.12831681303416287,0.12831681303416287,0.8530952096092891,0.0,1.0208352164650276,Medical Care Facilities,Healthcare,NVOS
2017Q1,2017,Q1,2017-03-07,2016-12-31,-42473.0,0.0,-42473.0,-0.0187,0.0,0.0,69830.0,50172.0,56080.0,19658.0,19658.0,0.0,-22388213.0,5454357.6,5400007.6,0.022076440312604365,2.852782582154848,0.0,0.0,-0.8465478753089373,0.022076440312604365,-0.8465478753089373,0.0,-32.104852494525936,108.71317866539106,0.0,0.0,0.0,0.0,2.7647776986468613,-0.6082342832593441,-232.49606138107416,0.0,-0.12650602409638562,0.9883078717328035,0.0,1.0025146123494186,0.0,-0.13862527478419387,-0.13862527478419387,0.9194031195641138,0.0,1.0209921673056181,Medical Care Facilities,Healthcare,NVOS
2016Q4,2016,Q4,2016-10-31,2016-09-30,-37302.0,0.0,-37302.0,-0.0166,0.0,0.0,26560.0,23531.0,12810.0,3029.0,3029.0,0.0,-22345740.0,10110667.5,10097857.5,0.01047304740265665,4.229118520964015,0.0,0.0,-1.585227997110195,0.01047304740265665,-1.585227997110195,0.0,-67.76223459868103,429.6743657303132,0.0,0.0,0.0,0.0,4.229118520964015,-1.4044427710843375,-514.459242863685,0.0,-1.1842105263157896,0.9912193954042047,0.0,1.001335309477732,0.0,-1.1878005865102639,-1.1878005865102639,0.8907181160280827,0.0,1.0106760831304664,Medical Care Facilities,Healthcare,NVOS
2016Q3,2016,Q3,2016-07-22,2016-06-30,-17050.0,0.0,-17050.0,-0.0076,0.0,0.0,31213.0,21820.0,17463.0,9393.0,9393.0,0.0,-22308438.0,11175060.0,11157597.0,0.009762811116897807,1.8591504311721494,0.0,0.0,-0.7813932172318974,0.009762811116897807,-0.7813932172318974,0.0,-163.85718475073313,512.147571035747,0.0,0.0,0.0,0.0,1.8591504311721494,-0.5462467561592926,-242.72502172024326,0.0,0.7532467532467533,0.995869439313523,0.0,1.0013630209485227,0.0,0.7494931092239429,0.7494931092239429,0.9887788194065859,0.0,1.0054648749047055,Medical Care Facilities,Healthcare,NVOS
2016Q2,2016,Q2,2016-04-29,2016-03-31,-68062.0,0.0,-68062.0,-0.0308,0.0,0.0,47253.0,20441.0,33503.0,26812.0,26812.0,0.0,-22291388.0,2647670.4,2614167.4,0.009264446209014536,1.2495524392063255,0.0,0.0,-3.3296805440046966,0.009264446209014536,-3.3296805440046966,0.0,-9.725215244923746,129.52743994912186,0.0,0.0,0.0,0.0,1.2495524392063255,-1.4403741561382346,-128.40302618816682,0.0,0.6684607104413347,0.9912934127708549,0.0,1.0014006879738326,0.0,0.66129040284655,-2.4350594585476935,0.9647658508654235,0.0,1.003691537020987,Medical Care Facilities,Healthcare,NVOS
2016Q1,2016,Q1,2016-03-25,2015-12-31,-200945.0,0.0,47428.0,-0.0929,0.0,0.0,27873.0,14753.0,14123.0,13120.0,13120.0,0.0,-22223326.0,649060.2,634937.2,0.006818936055546157,1.0764481707317073,0.0,0.0,18.26764537246405,0.006818936055546157,-13.620619535009828,0.0,-0.8075097663539774,43.995133193248826,0.0,0.0,0.0,0.0,1.0764481707317073,-7.209306497327162,-44.45922323446811,0.0,-10.677083333333334,0.9590813148708968,0.0,1.0010000296400192,0.0,-10.686897416120324,2.003660988255211,0.9107837692430004,0.0,1.0028688232988243,Medical Care Facilities,Healthcare,NVOS
2015Q4,2015,Q4,2015-10-30,2015-09-30,20744.0,0.0,-47255.0,0.0096,0.0,0.0,22482.0,10492.0,8732.0,11990.0,11990.0,0.0,-22187963.0,1081767.0,1073035.0,0.004849473130535503,0.7282735613010842,0.0,0.0,7.048590127694065,0.004849473130535503,1.977125428898208,0.0,13.03710711531045,103.10398398780023,0.0,0.0,0.0,0.0,0.7282735613010842,0.9226937105239748,-21.836674135529584,0.0,1.0533333333333332,1.0083825856425384,0.0,1.0008377150960692,0.0,1.0554181204216735,0.867379700155479,1.0293642747922218,0.0,1.0031165276928076,Medical Care Facilities,Healthcare,NVOS
2015Q3,2015,Q3,2015-07-31,2015-06-30,-374318.0,0.0,-356318.0,-0.18,0.0,0.0,22021.0,-33754.0,8271.0,55775.0,55775.0,0.0,-22174708.0,1474999.4,1466728.4,-0.01601885397377111,0.14829224562976243,0.0,0.0,10.905945355779123,-0.01601885397377111,11.08958938199917,0.0,-0.9851245465085836,-43.698506843633346,0.0,0.0,0.0,0.0,0.14829224562976243,-16.998228963262342,-17.261751454083722,0.0,0.9517426273458445,0.9680608136885871,0.0,0.9972257893192574,0.0,0.9464378366791739,-6.843576648762878,0.8453412736309126,0.0,0.9868556944226803,Medical Care Facilities,Healthcare,NVOS
2015Q2,2015,Q2,2015-05-01,2015-03-31,-6988478.0,0.0,-45428.0,-3.73,0.0,0.0,28712.0,-72540.0,8720.0,101252.0,101252.0,0.0,-21812390.0,5428060.5,5419340.5,-0.0387552791646298,0.08612175561964208,0.0,0.0,1.8546310237919663,-0.0387552791646298,96.33964709125999,0.0,-0.19417892207716758,-74.82851530190239,0.0,0.0,0.0,0.0,0.08612175561964208,-243.39920590693788,-208.49089686959863,0.0,-7.288888888888888,-0.13583188106984403,0.0,0.9882762487455315,0.0,-7.818891934319649,-1.336350545155318,-2.0673729680977426,0.0,0.9933839050332699,Medical Care Facilities,Healthcare,NVOS
2015Q1,2015,Q1,2015-03-27,2014-12-31,-792444.0,0.0,-19444.0,-0.45,0.0,0.0,22592.0,-625670.0,1831.0,340664.0,648262.0,0.0,-19452612.0,6758808.68,7280026.68,-0.35917566466757866,0.005374797454383204,23.151956444759207,-0.8359822270525996,0.45736641042715326,-0.35917566466757866,1.266552655553247,0.0,-2.132266974070092,-10.802513593427845,0.0,0.0,0.0,0.0,0.005374797454383204,-35.076310198300284,-167.52531119097782,0.0,-2.0000000000000004,0.9271113878808642,0.0,0.9360554866033577,0.0,-1.954455297889792,-1.982666053075625,0.715394588488581,0.0,0.9590881705023762,Medical Care Facilities,Healthcare,NVOS
2014Q4,2014,Q4,2014-11-05,2014-09-30,-268220.0,0.0,-6519.0,-0.15,0.0,0.0,133465.0,-580436.0,124382.0,372503.0,713901.0,0.0,-19124325.0,6723969.46,7225493.46,-0.33320837837356865,0.3339087201982266,3.8002472558348632,-0.873825882612381,0.1143088284203312,-0.33320837837356865,0.46210090345877924,0.0,-6.267214842293639,-11.584342563176646,0.0,0.0,0.0,0.0,0.015237461174809331,-2.0096654553628293,-217.6464510908267,0.0,0.5454545454545455,0.9618095571106002,0.0,0.9558979368796344,0.0,0.48304107994341244,0.9642076712749953,0.9185647660953212,0.0,0.9575160611238099,Medical Care Facilities,Healthcare,NVOS
2014Q3,2014,Q3,2014-08-01,2014-06-30,-518842.0,0.0,-182134.0,-0.33,0.0,0.0,200614.0,-1144546.0,190316.0,442070.0,1345160.0,0.0,-18915460.0,5255718.72,5737436.72,-0.7317124003165831,0.43051100504445,2.4012182599419782,-0.42088129266975727,0.4067730305276872,-0.7317124003165831,0.4533168610086445,0.0,-2.5324273670982684,-4.591968099141494,0.0,0.0,0.0,0.0,0.0,-2.5862701506375427,-165.53444787401574,0.0,-2.0000000000000004,0.8938381590573254,0.0,0.9318979665481336,0.0,-2.4355619417167147,-2.7905098855359003,0.8203998185677133,0.0,0.8978430169360643,Medical Care Facilities,Healthcare,NVOS
2014Q2,2014,Q2,2014-05-19,2014-03-31,-151021.0,0.0,-48050.0,-0.11,0.0,0.0,295174.0,-925327.0,283670.0,391664.0,1220501.0,0.0,-18564972.0,13891022.999999998,14300464.999999998,-0.6794557463478392,0.7242687609787981,1.4285709445953911,-0.4557059288229999,0.09875757503495669,-0.6794557463478392,0.1632082496241869,0.0,-22.995184444547444,-15.012015211919676,0.0,0.0,0.0,0.0,0.0312385105600719,-0.5116338159865029,-330.44753431500817,0.0,0.5217391304347826,0.9564323164960945,0.0,0.9415754968444767,0.0,0.2773976535436085,0.3756578007042528,0.9687010905270712,0.0,0.89727335329177,Medical Care Facilities,Healthcare,NVOS
2014Q1,2014,Q1,2014-04-16,2013-12-31,-208996.0,0.0,-76961.0,-0.23,0.0,0.0,357719.0,-947867.0,345008.0,557747.0,1305586.0,0.0,-18419080.0,2307361.2800000003,2809371.2800000003,-1.0516513131398304,0.6185743715340468,1.4129330563934261,-0.5332319829680746,0.18899974495554045,-1.0516513131398304,0.22049084945461758,0.0,-2.760054355107275,-2.434266917194079,0.0,0.0,0.0,0.0,0.006137191235452633,-0.5842462938787149,-57.307236917268966,0.0,-0.5333333333333334,0.9350942827875298,0.0,0.9282181453937838,0.0,-0.5263204019630755,0.25275504160476925,0.897842435861395,0.0,0.8457702967826424,Medical Care Facilities,Healthcare,NVOS
2013Q4,2013,Q4,2013-11-19,2013-09-30,-136928.0,0.0,-102993.0,-0.15,0.0,0.0,378718.0,-884172.0,79002.0,206079.0,1262890.0,0.0,-18226726.0,2163151.1999999997,2639932.1999999997,-0.9809821893171407,0.3833578384988281,1.2603045009743397,-0.5398270924661718,0.2045106960427328,-0.9809821893171407,0.15486579534298756,0.0,-3.949431818181818,-2.446527598702515,0.0,0.0,0.0,0.0,0.002518451661741371,-0.3615566199652512,-30.785614459546,0.0,0.7794117647058824,0.9444450287791728,0.0,0.9217774462138489,0.0,0.6152227121111215,0.38307966001186006,0.8671792740350032,0.0,0.8305416760036508,Medical Care Facilities,Healthcare,NVOS
2013Q3,2013,Q3,2013-08-16,2013-06-30,-355863.0,0.0,-166947.0,-0.68,0.0,0.0,21906.0,-935129.0,6781.0,243266.0,957035.0,0.0,-18057243.0,471106.8,534256.8,-1.7864656167136623,0.02787483659862044,2.882771843330594,-0.06753078986963296,0.24051098448969582,-1.7864656167136623,0.380549635397897,0.0,-0.33096079109095355,-0.5037880335226477,0.0,0.0,0.0,0.0,0.0,-16.245001369487813,-5.2630574671552415,0.0,0.2272727272727272,0.6654042064651913,0.0,0.8575681898852775,0.0,-0.10335878856653861,-0.6545459951239817,0.8777685646065667,0.0,0.690612574234001,Medical Care Facilities,Healthcare,NVOS
2013Q2,2013,Q2,2013-05-20,2013-03-31,-322527.0,0.0,-100902.0,-0.88,0.0,0.0,49227.0,-924528.0,32895.0,203488.0,973755.0,0.0,-17773960.0,736780.0,812206.0,-2.5096446700507613,0.16165572417046706,2.03014605805757,-0.10809623937836388,0.16271325305679768,-2.5096446700507613,0.3488558486059914,0.0,-0.5710994738425,-0.7969255663430421,0.0,0.0,0.0,0.0,0.12045919169680767,-6.551831312084832,-14.95058947667458,0.0,0.15384615384615388,0.5695025568154072,0.0,0.7951455466713873,0.0,0.07645721419817426,-1.9296810216153464,0.7336600105961765,0.0,0.2408144004383744,Medical Care Facilities,Healthcare,NVOS
2013Q1,2013,Q1,2013-04-15,2012-12-31,-349228.0,0.0,108534.0,-1.04,0.0,0.0,34536.0,-797356.0,16998.0,241561.0,831892.0,0.0,-17531408.0,805101.6,899406.6,-2.37691044211066,0.0703673192278555,2.912844567987028,-0.12616447358519908,-0.5297733701231477,-2.37691044211066,0.4379825322691495,0.0,-0.5763438212285383,-1.009714105117413,0.0,0.0,0.0,0.0,0.026051390746022744,-10.111999073430622,-17.948982276223386,0.0,-2.1515151515151514,0.9046035914841003,0.0,0.8128022083008345,0.0,-2.1883068271039128,1.645582269596355,0.8331988134499425,0.0,0.576835524898845,Medical Care Facilities,Healthcare,NVOS
2012Q4,2012,Q4,2012-11-23,2012-09-30,-109534.0,0.0,-168118.0,-0.33,0.0,0.0,274930.0,-521991.0,58644.0,214022.0,796921.0,0.0,-17366162.0,2348213.0,2394562.0,-1.5560500687118246,0.2740092140060368,0.25459935256247046,-0.13409618173493412,0.2741832436902321,-1.5560500687118246,0.2098388669536448,0.0,-5.359552741614476,-4.498569898714729,0.0,0.0,0.0,0.0,0.11049331377148143,-0.39840686720256063,-41.82780548628429,0.0,0.7130434782608694,0.9475669104526444,0.0,0.8559133358480497,0.0,0.7094403887780655,0.5265228644411962,0.9190137175346007,0.0,0.7940477406848373,Medical Care Facilities,Healthcare,NVOS
2012Q3,2012,Q3,2012-08-20,2012-06-30,-376976.0,0.0,-355071.0,-1.15,0.0,0.0,273563.0,-399977.0,55939.0,173466.0,673540.0,0.0,-17167262.0,4253497.92,4262120.92,-1.218691537528717,0.3224781801621067,0.07643943077097415,-0.05228050612910242,0.916002058848532,-1.218691537528717,0.9424941934161214,0.0,-2.820801536437333,-10.63435627548584,0.0,0.0,0.0,0.0,0.07083808930856768,-1.3780226127071278,-40.66402730375427,0.0,0.05737704918032792,0.814125809694487,0.0,0.8874456325311687,0.0,0.008054478906001257,0.11646847169656388,0.6323804223453586,0.0,0.8865737797796263,Medical Care Facilities,Healthcare,NVOS
2012Q2,2012,Q2,2012-05-15,2012-03-31,-380037.0,0.0,-401877.0,-1.22,0.0,0.0,226086.0,-1828882.0,22312.0,113266.0,2054968.0,0.0,-16779768.0,8742076.0,8758055.0,-5.8577271577140255,0.1969876220578108,0.12145378307369761,-0.015014090575553809,0.21485702114943753,-5.8577271577140255,0.20779744127833288,0.0,-5.750805842589012,-4.780010957513935,0.0,0.0,0.0,0.0,0.10135433404552116,-1.6809399962845997,-60.48289031258216,0.0,0.23750000000000007,0.8736825507459289,0.0,0.22440278936264108,0.0,0.10341142331375186,0.02041905746196259,0.5217769325800407,0.0,0.49631039158972035,Medical Care Facilities,Healthcare,NVOS
2012Q1,2012,Q1,2012-04-06,2011-12-31,-423870.0,0.0,-410254.0,-1.6,0.0,0.0,25812.0,-2328111.0,18756.0,141089.0,2353923.0,0.0,-16371158.0,1856281.0,1852958.0,-8.779261868219304,0.13293736577621218,0.3221369905470324,-0.0035715651014921537,0.17973600616962956,-8.779261868219304,0.18206606128316047,0.0,-1.094840988982471,-0.7973335463815944,0.0,0.0,0.0,0.0,0.08248694086711225,-16.42143189214319,-41.74607565330815,0.0,0.15343915343915335,0.8081381161026189,0.0,-0.18557491492703823,0.0,0.1546304163126593,0.18178627129528802,0.552588013898581,0.0,0.4007598420688472,Medical Care Facilities,Healthcare,NVOS
2011Q4,2011,Q4,2011-11-21,2011-09-30,-501402.0,0.0,-501402.0,-1.89,0.0,0.0,164450.0,-2079873.0,113268.0,140539.0,2244323.0,0.0,-15954096.0,5303660.0,5295556.0,-7.843161137780325,0.8059542191135557,0.0030404378230465185,-0.00024039929361071566,0.2411313410340521,-7.843161137780325,0.2410733732300001,0.0,-2.6444150601712795,-2.5499922351028164,0.0,0.0,0.0,0.0,0.061221440311941884,-3.048963210702341,-149.8166718454281,0.0,-0.02162162162162152,0.7906078818232516,0.0,-0.6438198299779976,0.0,-0.034716733494435374,-0.04208216080506449,0.30857245047511966,0.0,0.3745940541687764,Medical Care Facilities,Healthcare,NVOS
2011Q3,2011,Q3,2011-08-15,2011-06-30,-484579.0,0.0,-481154.0,-1.85,0.0,0.0,178256.0,-1879323.0,126725.0,153008.0,2057579.0,0.0,-15452694.0,8920886.0,8916042.0,-7.1626273444139965,0.8282246679912162,0.013469392334619872,-0.0012775877270698012,,-7.1626273444139965,0.25784763981497594,0.0,-4.602389909591625,-4.746861502785844,0.0,0.0,0.0,0.0,0.04735046533514588,-2.7184442599407594,-62.957924006323395,0.0,0.4774011299435028,0.5793577859214264,0.0,0.3114830205383756,0.0,0.4221096178912885,0.42127603273975983,0.0910290127578055,0.0,0.42893612488394733,Medical Care Facilities,Healthcare,NVOS
2011Q2,2011,Q2,2011-05-13,2011-03-31,-838531.0,0.0,-831405.0,-3.54,0.0,0.0,1152846.0,-1565392.0,210861.0,974445.0,2718238.0,0.0,-14968115.0,11360208.0,11298103.0,-6.614211289089073,0.2163908686483075,0.019148264382233188,-0.014101899077036295,0.541011856839287,-6.614211289089073,0.5356683821049296,0.0,-3.386937394085609,-7.257101096722099,0.0,0.0,0.0,0.0,0.08638763603897603,-0.7273573400089864,-48.57218352766127,0.0,-0.5594713656387665,-0.653748284611286,0.0,0.23866394188263151,1.0,-0.6882483334574894,-0.9621056755347143,-0.7421534656477786,0.0,0.4601025977917126,Medical Care Facilities,Healthcare,NVOS
2011Q1,2011,Q1,2011-03-31,2010-12-31,-496687.0,0.0,-423731.0,-2.27,-2121168.0,0.0,1187072.0,-1492089.0,237155.0,1082134.0,2679161.0,0.0,-14133147.0,6345838.0,6217574.0,-6.818733948140498,0.21915492905684508,0.0,0.0,,-6.818733948140498,0.33288027724887725,0.0,-3.1940829939176987,-4.25298893028499,0.0,0.0,0.0,0.0,0.11852875891525448,-0.418413541891309,-26.407102551725284,0.0,-0.9912280701754388,0.5250900063633058,0.0,0.14249564770392223,0.0,-0.984453971209282,-4.192972780862042,0.7920043625866617,0.0,0.4629785310116424,Medical Care Facilities,Healthcare,NVOS
2010Q4,2010,Q4,2010-11-15,2010-09-30,-250289.0,0.0,-81597.0,-1.14,0.0,0.0,477805.0,-1266745.0,373664.0,235555.0,1744550.0,0.0,-13672937.0,8752880.0,8439461.0,-5.788928901115976,1.5863131752669228,0.07122989504086395,-0.026867285838902067,,-5.788928901115976,0.19758435991458423,0.0,-8.742773354002773,-6.909741108115682,0.0,0.0,0.0,0.0,1.475039799622169,-0.523830851497996,-31.12079785248262,0.0,0.7949640287769785,0.44371478757534527,0.0,0.17555245283189136,0.0,0.7906839824812439,0.9302584378854196,0.8163264038889664,0.0,0.4639584733509691,Medical Care Facilities,Healthcare,NVOS
2010Q3,2010,Q3,2010-08-16,2010-06-30,-1195747.0,0.0,-1169991.0,-5.56,0.0,0.0,469729.0,-1241390.0,359187.0,276026.0,1711119.0,0.0,-13422648.0,15909186.0,15608667.0,-5.774202401053077,1.3012795896038778,0.08555571403937164,-0.03237338789582645,,-5.774202401053077,0.9632323443881455,0.0,-3.3262023655505724,-12.815622809914693,0.0,0.0,0.0,0.0,1.2343293747690436,-2.545610341281888,-24.006835734139738,0.0,-0.6899696048632218,0.26121303684881914,0.0,-0.07718853687451283,0.0,-0.8035970973439581,-0.7878425769580465,0.09994370998538059,0.0,0.46671353753269035,Medical Care Facilities,Healthcare,NVOS
2010Q2,2010,Q2,2010-05-17,2010-03-31,-662979.0,0.0,-654415.0,-3.29,0.0,0.0,921777.0,-666718.0,913175.0,131304.0,1588495.0,0.0,-12226902.0,19361952.0,18584094.0,-3.305706366796075,6.954662462682021,0.014544732619711708,-0.020108951610725973,,-3.305706366796075,0.9943919318212497,0.0,-7.301118134963551,-29.040691866726263,0.0,0.0,0.0,0.0,6.0262063608115515,-0.7192401198988475,-40.80358091191867,0.0,0.47275641025641024,0.20817731159095348,0.0,-0.3636041745597316,1.0,0.3263428606847134,0.1669880766445053,0.6588731697898427,0.0,0.562305213567893,Medical Care Facilities,Healthcare,NVOS
2010Q1,2010,Q1,2010-04-14,2009-12-31,-984149.0,0.0,-785601.0,-6.24,-1871243.0,0.0,621800.0,-885715.0,613601.0,205600.0,1507515.0,0.0,-11563923.0,12299430.0,11695915.0,-5.61698956780924,2.984440661478599,0.000138308137664844,-9.709669588976138e-05,,-5.61698956780924,1.1111350716652648,0.0,-3.1243820803557187,-13.886442027062882,0.0,0.0,0.0,0.0,2.9358025291828795,-1.5827420392409135,-34.70493792325056,0.0,-0.5483870967741935,-0.305840012119908,0.0,0.2936235615247026,0.0,-0.5480052787796519,-0.34975336449995104,0.25084414653527815,0.0,0.2414667623586654,Medical Care Facilities,Healthcare,NVOS
2009Q4,2009,Q4,2009-11-20,2009-09-30,-635753.0,0.0,-582033.0,-4.03,0.0,0.0,306791.0,-1191372.0,298073.0,118964.0,1498163.0,0.0,-10679048.0,15768500.0,15501827.0,-7.555392079145131,2.505573114555664,0.007826174822599098,-0.0020153235093656723,,-7.555392079145131,0.5336309733651622,0.0,-6.200717888865643,-13.23558049039259,0.0,0.0,0.0,0.0,2.2618102955515953,-2.072267439396853,-62.96796195207271,0.0,-0.2916666666666667,-0.9608517995735512,0.0,-0.07602366067127603,0.0,-0.5224590081492781,-0.8220987383777354,0.5535035775599081,0.0,-0.5835073517911082,Medical Care Facilities,Healthcare,NVOS
2009Q3,2009,Q3,2009-08-14,2009-06-30,-417583.0,0.0,-319430.0,-3.12,0.0,0.0,63197.0,-1435983.0,54133.0,1089843.0,1499180.0,0.0,-10043295.0,2405700.0,2354772.0,-10.74435465768799,0.04967045712088806,0.05071443264711933,-0.0022319205728758627,,-10.74435465768799,0.29079940361410966,0.0,-1.4402525964897996,-1.6752983844516265,0.0,0.0,0.0,0.0,0.04967045712088806,-6.607639603145719,-20.184756343133305,0.0,-0.223529411764706,0.584979059958062,0.0,-1.0043799765773742,0.0,-0.42453187417487387,0.9139311012308529,0.28837501972686425,0.0,-0.03281523098435098,Medical Care Facilities,Healthcare,NVOS
2009Q2,2009,Q2,2009-05-15,2009-03-31,-293137.0,0.0,-3711329.0,-2.55,0.0,0.0,83938.0,-1339362.0,74526.0,970612.0,1423300.0,0.0,-9625712.0,2303360.0,2289442.0,-11.629636704640177,0.07678248362888569,0.690342872119898,-0.04326388235592767,,-11.629636704640177,0.21886316022106048,0.0,-1.964405721556815,-1.7197441767050283,0.0,0.0,0.0,0.0,0.0740398841143526,-3.4923038433129214,-10.111991570998969,0.0,0.28571428571428575,0.38688083812301555,0.0,-3.7972261899445043,0.0,0.1645209926438105,-9.96164797060613,-0.18804842691303517,0.0,-0.3386421115173085,Medical Care Facilities,Healthcare,NVOS
2009Q1,2009,Q1,2009-03-31,2008-12-31,-350861.0,0.0,-338574.0,-3.57,0.0,0.0,20158.0,-1438841.0,7157.0,1020796.0,1458999.0,0.0,-9292006.0,1473150.0,1519749.0,-14.650656755931168,0.00701119518493411,2.453417997817244,-0.03437210921846125,,-14.650656755931168,0.24384973739280436,0.0,-1.0496678171697624,-1.023844886266099,0.0,0.0,0.0,0.0,0.0027987962335275607,-17.405546185137414,-24.431563759391015,0.0,-0.30769230769230765,0.25252119199009715,0.0,-0.8424244189249978,0.0,-0.30642861132314336,-0.2577557032419601,0.25252119199009715,0.0,-0.8424244189249978,Medical Care Facilities,Healthcare,NVOS
2008Q4,2008,Q4,2008-11-14,2008-09-30,-268565.0,0.0,-269189.0,-2.73,0.0,0.0,85894.0,-1231643.0,68379.0,932810.0,1317537.0,0.0,-8941145.0,3633770.0,3666637.0,-12.540912330719886,0.07330431706349631,0.9237199338719817,-0.06441964108106002,,-12.540912330719886,0.21805425760549121,0.0,-3.3825796362146963,-2.9503435654649928,0.0,0.0,0.0,0.0,0.04982257908898918,-3.1267026800475004,-37.148275368541576,0.0,-0.3448275862068967,-0.3299656922535796,0.0,-0.7860513727019705,0.0,-0.4564104510797063,-0.5160196662592995,-0.3299656922535796,0.0,-0.7860513727019705,Medical Care Facilities,Healthcare,NVOS
2008Q3,2008,Q3,2008-08-14,2008-06-30,-184402.0,0.0,-177563.0,-2.03,0.0,0.0,120446.0,-1138329.0,98417.0,862826.0,1258775.0,0.0,-8672580.0,3085738.0,3115045.0,-12.54260277444164,0.11406355394946374,0.6459741294854126,-0.06835018698460639,,-12.54260277444164,0.16199358884821524,0.0,-4.183438899795013,-2.710761124420093,0.0,0.0,0.0,0.0,0.05620832010161956,-1.5309931421549907,-26.362337784384586,0.0,0.0,0.7301131911972769,0.0,-1.3398466130551567,0.0,-0.03104277327369304,0.0031718764034851343,0.7301131911972769,0.0,-1.3398466130551567,Medical Care Facilities,Healthcare,NVOS
2008Q2,2008,Q2,2008-05-20,2008-03-31,-178850.0,0.0,-178128.0,-2.03,0.0,0.0,27992.0,-1077378.0,1449.0,771907.0,1105370.0,0.0,-8488179.0,2638290.0,2639242.0,-12.250867038877455,0.0018771691408420962,0.08577450700200057,-0.002228558593177139,,-12.250867038877455,0.16600487479788895,0.0,-3.6878529493989376,-2.4488062685519845,0.0,0.0,0.0,0.0,0.0018771691408420962,-6.389325521577594,-81.37094038182771,0.0,0.8139321723189735,0.510115449512337,0.0,-4.053483758867699,0.0,0.7903206329890067,0.7911739431674437,0.510115449512337,0.0,-4.053483758867699,Medical Care Facilities,Healthcare,NVOS
2008Q1,2008,Q1,2008-04-15,2007-12-31,-852969.0,0.0,-852997.0,-10.91,0.0,0.0,36209.0,-992448.0,5152.0,686582.0,1028657.0,0.0,-8309329.0,6252960.0,6250138.0,-12.69732094879865,0.007503837851851636,0.0,0.0,,-12.69732094879865,0.8594596391952022,0.0,-1.8327043538510779,-6.300541690849293,0.0,0.0,0.0,0.0,0.004110215531429604,-23.556822889336907,-36.238959593852144,0.0,-0.7512038523274477,-1.283269012479005,0.0,-0.5967785308685081,0.0,-0.7524011644748871,-0.7524478886318532,-1.283269012479005,0.0,-0.5967785308685081,Medical Care Facilities,Healthcare,NVOS
2007Q4,2007,Q4,2007-11-14,2007-09-30,-486743.0,0.0,-486746.0,-6.23,0.0,0.0,82641.0,-844103.0,57865.0,924843.0,926744.0,0.0,-7456360.0,11567976.0,11516352.0,-10.799403802359203,0.06256737630062616,0.023003109836521825,-0.0022520948272900347,,-10.799403802359203,0.5766393437767666,0.0,-5.941521501079626,-13.704460237672416,0.0,0.0,0.0,0.0,0.05787468792000372,-5.889848864365145,-115.50765359614175,0.0,-0.008090614886731507,-2.028661844723568,0.0,-0.5380292499388941,0.0,-0.06861167399575403,-0.0330208600831517,-2.028661844723568,0.0,-0.5380292499388941,Medical Care Facilities,Healthcare,NVOS
2007Q3,2007,Q3,2007-08-10,2007-06-30,-455491.0,0.0,-471187.0,-6.18,0.0,0.0,37502.0,-798101.0,8906.0,833702.0,835603.0,0.0,-6969619.0,5896800.0,5894136.0,-10.827581060914394,0.010682474073469898,0.05069062983307557,-0.0023819040447261687,,-10.827581060914394,0.5707184930228129,0.0,-3.2365074172705937,-7.388538543367319,0.0,0.0,0.0,0.0,0.005475577604467784,-12.145778891792437,-65.46689907075373,0.0,0.3589211618257262,0.17917693443464416,0.0,-1.0199060217857006,0.0,0.3253494403474186,0.30161202825644234,0.17917693443464416,0.0,-1.0199060217857006,Medical Care Facilities,Healthcare,NVOS
2007Q2,2007,Q2,2007-05-15,2007-03-31,-675151.0,0.0,-674678.0,-9.64,0.0,0.0,83449.0,-529161.0,66638.0,610709.0,612610.0,0.0,-6514128.0,9108320.0,9043583.0,-7.552537679835579,0.10911579819521244,0.02278038083140601,-0.0035924794155275993,,-7.552537679835579,1.2758895685812068,0.0,-3.3726973669593914,-17.21275755393916,0.0,0.0,0.0,0.0,0.10911579819521244,-8.090582271806733,-57.08541201835092,0.0,-0.1572629051620649,-1.3211973327375914,0.0,-2.1154224743575893,0.0,-0.30363700960420775,-0.304312859703016,-1.3211973327375914,0.0,-2.1154224743575893,Medical Care Facilities,Healthcare,NVOS
2007Q1,2007,Q1,2007-03-28,2006-12-31,-517898.0,0.0,-517267.0,-8.33,0.0,0.0,3684.0,-460336.0,1082.0,462119.0,464020.0,0.0,-5838977.0,,,,,,,,,,,,,,,,,,,,,,,,,,,,,,,Medical Care Facilities,Healthcare,NVOS
