Quarters,Year,Quarter,FillingDate,Date,NetIncome,Revenue,OperatingIncome,EPSDiluted,GrossProfit,GrossProfitRatio,TotalAssets,CommonStockEquity,CurrentAssets,CurrentLiability,TotalLiability,Inventory,RetainedEarnings,MarketCap,EnterpriseValue,bookValuePerShare,currentRatio,debtToAssets,debtToEquity,roic,shareholdersEquityPerShare,roe,priceToSalesRatio,peRatio,pbRatio,payoutRatio,inventoryTurnover,dividendYield,assetTurnover,quickRatio,returnOnAssets,priceToFreeCashFlowsRatio,grossProfitMargin,epsdilutedGrowth,fiveYNetIncomeGrowthPerShare,fiveYRevenueGrowthPerShare,fiveYShareholdersEquityGrowthPerShare,grossProfitGrowth,netIncomeGrowth,operatingIncomeGrowth,threeYNetIncomeGrowthPerShare,threeYRevenueGrowthPerShare,threeYShareholdersEquityGrowthPerShare,Industry,Sector,Symbol
2023Q1,2023,Q1,2023-05-04,2023-03-31,121400000.0,1354100000.0,196100000.0,1.95,302800000.0,0.2236171627,14890900000.0,7177500000.0,2812700000.0,1328000000.0,7713400000.0,948700000.0,3724600000.0,22049226000.0,26861426000.0,115.57971014492753,2.1179969879518072,0.33856919326568574,0.7024172762103796,0.012303996596457723,115.57971014492753,0.016913967258794845,16.283306993575067,45.406149093904446,3.0719924764890285,0.342668863261944,1.1081479919890376,0.0018866875417758427,0.0909347319503858,0.7726656626506024,0.008152630129810825,-1645.4646268656716,0.22361716269108634,-0.33898305084745767,11.279293534693071,0.7116959717196667,0.5559391723515014,-0.14511575381140598,-0.33877995642701525,0.28253760627861346,3.7023545284414845,0.41772180191589775,0.35940190338291933,Building Materials,Basic Materials,MLM
2022Q4,2022,Q4,2023-02-24,2022-12-31,183600000.0,1476500000.0,152900000.0,2.95,354200000.0,0.2398916356,14993600000.0,7172800000.0,2876900000.0,1445600000.0,7820800000.0,873700000.0,3719400000.0,20987937000.0,25669937000.0,115.50402576489533,1.9901079136690647,0.33614342119304236,0.7026544724514834,0.009769813647638148,115.50402576489533,0.025596698639304038,14.214654249915341,28.578345588235297,2.926045198527772,0.2233115468409586,1.2845370264392812,0.0019535031003761827,0.09847534948244584,0.7912977310459325,0.012245224629175116,81.4117028704422,0.23989163562478835,-0.37632135306553915,-0.5069628870036446,0.541014772078765,0.5525265451346091,-0.2738827388273883,-0.3782593972231629,-0.6233062330623306,0.4095719947414136,0.3494375987066607,0.34819455654711506,Building Materials,Basic Materials,MLM
2022Q3,2022,Q3,2022-11-02,2022-09-30,295300000.0,1811700000.0,405900000.0,4.73,487800000.0,0.2692498758,14729700000.0,6935700000.0,2847300000.0,1419700000.0,7791900000.0,823400000.0,3577000000.0,20066207000.0,25372507000.0,111.3274478330658,2.00556455589209,0.3694576264282368,0.7846360136684113,0.024967278814579292,111.3274478330658,0.04257681272258027,11.075899431473202,16.987984253301725,2.893176896347881,0.1391804944124619,1.6078455185814913,0.002048219675995568,0.1229963950385955,0.8081989152637882,0.020047930371969558,107.82486297689414,0.26924987580725285,-0.19283276450511944,0.9672246107899495,0.6815096301899831,0.6166460125005181,0.14722483537158984,-0.19427012278308323,-0.15190137902214793,0.19198542584442782,0.2799239384814915,0.3125453631299719,Building Materials,Basic Materials,MLM
2022Q2,2022,Q2,2022-07-28,2022-06-30,366500000.0,1641700000.0,478600000.0,5.86,425200000.0,0.2589998173,14542800000.0,6770000000.0,2760300000.0,761400000.0,7770700000.0,835200000.0,3423100000.0,18672576000.0,23355476000.0,108.49358974358974,3.6252955082742315,0.3750997056962896,0.8057607090103397,0.02923344564846648,108.49358974358974,0.05413589364844904,11.373927026862399,12.737091405184174,2.7581353028064997,0.10395634379263302,1.4565373563218391,0.0020404254881597485,0.11288747696454603,2.3623588127134227,0.025201474269054103,527.4738983050847,0.25899981726259363,14.025641025641027,1.5948313948343822,0.5549716386760262,0.6245979268765647,1.7238949391415759,14.020491803278688,6.989983305509182,0.939344841177207,0.28646313550952635,0.33226306139317563,Building Materials,Basic Materials,MLM
2022Q1,2022,Q1,2022-05-03,2022-03-31,24400000.0,1230800000.0,59900000.0,0.39,156100000.0,0.1268280793,14241500000.0,6428900000.0,1987500000.0,712900000.0,7810400000.0,782400000.0,3094900000.0,24017136000.0,29345736000.0,103.02724358974359,2.7879085425725907,0.3874732296457536,0.8583427958126585,0.003914585981563231,103.02724358974359,0.0037953615704086237,19.513435164120896,246.0772131147541,3.7358079920359626,1.5942622950819672,1.3735940695296525,0.0016196768840381303,0.08642348067268195,1.3309019497825783,0.0017133026717691255,797.9114950166113,0.12682807929801754,-0.8433734939759036,-0.4180891154954556,0.47256190356992733,0.5934519901353983,-0.5497548312662244,-0.8439897698209718,-0.7162482235907153,-0.4289326600716702,0.31468417767761186,0.2967100507354112,Building Materials,Basic Materials,MLM
2021Q4,2021,Q4,2022-02-22,2021-12-31,156400000.0,1496400000.0,211100000.0,2.49,346700000.0,0.2316893879,14393000000.0,6535300000.0,2025600000.0,752600000.0,7855400000.0,752600000.0,3161900000.0,27488448000.0,32764148000.0,104.7323717948718,2.6914695721498805,0.3844994094351421,0.8468012180007038,0.015727890446896348,104.7323717948718,0.023931571618747417,18.36971932638332,43.93933503836317,4.206149373402904,0.24360613810741688,1.527637523252724,0.0013860367817055369,0.10396720628083096,1.3717778368323146,0.01086639338567359,107.54478873239437,0.23168938786420742,-0.3882063882063882,0.6048530166980501,0.5998721482140272,0.6013512957352393,-0.21543335596288754,-0.3857030636292223,-0.40851779209862704,0.664407043980457,0.4731388480018675,0.3269926216754018,Building Materials,Basic Materials,MLM
2021Q3,2021,Q3,2021-11-02,2021-09-30,254600000.0,1557300000.0,356900000.0,4.07,441900000.0,0.2837603544596417,13786200000.0,6355900000.0,4000700000.0,601200000.0,7428000000.0,717500000.0,3043400000.0,21320832000.0,24482132000.0,101.8573717948718,6.654524284763806,0.4020469745107426,0.8720558850831511,0.023175580261395642,101.8573717948718,0.040057269623499425,13.6908957811597,20.935616653574233,3.3544945641057917,0.14886095836606442,1.5545644599303137,0.0017776041760471635,0.11296078687383035,5.294910179640719,0.018467743105424265,92.37795493934142,0.2837603544596417,0.12742382271468156,0.6245909557097866,0.4355928691487315,0.5565406347734331,0.14749415736172422,0.1275465013286094,0.16065040650406504,0.4247542084725321,0.2877381692706298,0.29774788603518404,Building Materials,Basic Materials,MLM
2021Q2,2021,Q2,2021-07-29,2021-06-30,225800000.0,1377900000.0,307500000.0,3.61,385100000.0,0.27948327164525727,11223100000.0,6125900000.0,1616300000.0,758000000.0,5094900000.0,729100000.0,2827200000.0,21952944000.0,25205944000.0,98.17147435897436,2.132321899736148,0.29457992889665063,0.5396921268711536,0.02441593988570442,98.17147435897436,0.036859889975350564,15.93217504898759,24.30573959255979,3.5836275486051026,0.15810451727192207,1.361678782060074,0.0016262055786230767,0.1227735652359865,1.0225593667546173,0.02011921839776889,149.74723055934516,0.27948327164525727,2.471153846153846,0.8826438625991275,0.43476186776822817,0.5532485804725887,1.204350314825415,2.4578866768759573,2.096676737160121,0.23018035803130502,0.15735968290805352,0.27736779368270764,Building Materials,Basic Materials,MLM
2021Q1,2021,Q1,2021-05-04,2021-03-31,65300000.0,982400000.0,99300000.0,1.04,174700000.0,0.1778298045602606,10659300000.0,5923900000.0,1675700000.0,448800000.0,4732600000.0,690000000.0,2637200000.0,20921586000.0,23680486000.0,95.08667736757624,3.73373440285205,0.2882740892929179,0.5187123347794528,0.00846167136011465,95.08667736757624,0.01102314353719678,21.296402687296418,80.09795558958652,3.5317250460001013,0.552833078101072,1.1705797101449276,0.0017254906009515722,0.09216365052114116,1.9552139037433156,0.006126105841847026,256.39198529411766,0.1778298045602606,-0.6450511945392492,0.4945875073337762,0.28268661238911424,0.54732717822322,-0.46312231100184387,-0.6431693989071038,-0.587281795511222,5.58372116523649,0.23784936390841743,0.2800610582899432,Building Materials,Basic Materials,MLM
2020Q4,2020,Q4,2021-02-19,2020-12-31,183000000.0,1179600000.0,240600000.0,2.93,325400000.0,0.27585622244828756,10580800000.0,5890700000.0,1668300000.0,499300000.0,4687500000.0,709000000.0,2607700000.0,17691331000.0,20568831000.0,94.55377207062601,3.3412777889044665,0.2915469529714199,0.5236729081433446,0.02241691311449304,94.55377207062601,0.031065917463119833,14.997737368599525,24.168484972677597,3.003264637479417,0.19398907103825136,1.2047954866008463,0.002006632513969695,0.11148495387872373,1.566993791307831,0.017295478602752153,68.78433514774494,0.27585622244828756,-0.3779193205944798,1.3129131330493802,0.46845135917513875,0.5264576181075822,-0.19555006180469717,-0.37839673913043476,-0.39940089865202194,-0.5101517305727362,0.22718960516741213,0.2709274859480247,Building Materials,Basic Materials,MLM
2020Q3,2020,Q3,2020-10-29,2020-09-30,294400000.0,1321400000.0,400600000.0,4.71,404500000.0,0.30611472680490387,10435400000.0,5756400000.0,1652800000.0,506200000.0,4676500000.0,714500000.0,2460500000.0,14662928000.0,17645728000.0,92.39807383627608,3.265112603713947,0.29700826034459626,0.5384267945243555,0.03362751547055199,92.39807383627608,0.05114307553331943,11.096509762373241,12.451535326086956,2.547239246751442,0.12024456521739131,1.2832750174947516,0.0024142517783624115,0.1266266745884202,1.586131963650731,0.028211664143204862,62.21013152312261,0.30611472680490387,0.3495702005730658,1.6855037050979935,0.30916843344680756,0.45197898512902557,0.06307490144546649,0.35294117647058826,0.3074412532637076,0.9612290058129399,0.22644302331127866,0.3417623464622147,Building Materials,Basic Materials,MLM
2020Q2,2020,Q2,2020-07-28,2020-06-30,217600000.0,1270600000.0,306400000.0,3.49,380500000.0,0.2994648197701873,10226600000.0,5491100000.0,1587100000.0,595300000.0,4733000000.0,712900000.0,2201700000.0,12869311000.0,16025811000.0,88.13964686998395,2.6660507307240047,0.3155105313593961,0.5876053978255723,0.026003834233856438,88.13964686998395,0.03962776128644534,10.128530615457263,14.785513556985293,2.343667206934858,0.15900735294117646,1.2485622106887362,0.002688566621787289,0.1242446169792502,1.2775071392575172,0.021277844053742202,66.03032837352488,0.2994648197701873,7.51219512195122,1.8730645380504782,0.4918444314403705,0.378724801477571,1.6720505617977528,7.401544401544402,4.301038062283737,0.543087662286126,0.20540799631073567,0.3198151883352977,Building Materials,Basic Materials,MLM
2020Q1,2020,Q1,2020-05-05,2020-03-31,25900000.0,958200000.0,57800000.0,0.41,142400000.0,0.14861198079732832,10503400000.0,5296900000.0,1833000000.0,1075600000.0,5204000000.0,700500000.0,2018600000.0,11789029000.0,14628829000.0,85.02247191011236,1.7041651171439196,0.31073747548412894,0.6161717230833129,0.006367241596374166,85.02247191011236,0.004889652438218581,12.303307242746817,113.79371621621621,2.2256468878022995,1.3436293436293436,1.1645967166309779,0.002951897056152801,0.09122760249062209,0.9174414280401636,0.002465868195060647,4534.241923076923,0.14861198079732832,-0.8038277511961722,3.5739837935196084,0.49944981089223645,0.3202228941436607,-0.44930428258734173,-0.8022885670882984,-0.6867802855826808,-0.3813244381358942,0.1482561566977794,0.31498448712148747,Building Materials,Basic Materials,MLM
2019Q4,2019,Q4,2020-02-21,2019-12-31,130999000.0,1100432000.0,184535000.0,2.09,258582000.0,0.23498226151184262,10131600000.0,5350800000.0,1426700000.0,838500000.0,4778300000.0,690800000.0,2077200000.0,17465195840.0,20217795840.0,85.673113872166,1.7014907573047109,0.2737573532314738,0.5183523959034163,0.017971956064938607,85.673113872166,0.02448213351274576,15.871217703592771,33.33078084565531,3.264034506989609,0.2639180451759174,1.2186595251881875,0.0019795369211273615,0.1086138418413676,0.7092426952892069,0.012929744561569742,84.86489718172983,0.23498226151184262,-0.47222222222222227,1.2071628364606506,0.3846536108641377,0.32511620186331003,-0.38527261705238386,-0.47299586037099767,-0.4655233836234986,0.3430027994816584,0.1754690879704712,0.30993645572708534,Building Materials,Basic Materials,MLM
2019Q3,2019,Q3,2019-10-30,2019-09-30,248573000.0,1420246000.0,345263000.0,3.96,420645000.0,0.2961775636051783,10223485000.0,5301972000.0,1578398000.0,688982000.0,4919047000.0,649716000.0,2021647000.0,17133991000.000002,20007763000.0,84.81798112302032,2.290913260433509,0.2858965411501068,0.5512777132734764,0.03129487358877291,84.81798112302032,0.0468831219780112,12.064100867032895,17.232353272479312,3.2316260817673124,0.13924279789035818,1.5385199071594358,0.0020200781008931313,0.1389199475521312,1.1799510001712672,0.024313920351034895,71.23698554388183,0.2961775636051783,0.3156146179401994,3.964837853396334,0.5188773998913323,0.3013949751795388,0.17871644057870298,0.3119039451114923,0.2077115733064691,0.5833417969599135,0.3069460918545783,0.29615198047034275,Building Materials,Basic Materials,MLM
2019Q2,2019,Q2,2019-07-31,2019-06-30,189475000.0,1279468000.0,285882000.0,3.01,356867000.0,0.2789182691556178,10163657000.0,5094853000.0,1533121000.0,822216000.0,5066387000.0,646342000.0,1814974000.0,14269994670.0,17333460670.0,81.4355609545578,1.864620732265001,0.30668695332792123,0.6118058754590172,0.026005383983955997,81.4355609545578,0.03718949300401798,11.153068830170039,18.828334437260853,2.800864847327293,0.15949333685182743,1.4274192300670543,0.002117730293447965,0.1258865780299355,0.9294394660283916,0.01864240400871458,103.05403059124293,0.2789182691556178,3.4264705882352935,1.3609245680021884,0.4179394543007883,1.4149117678809036,1.49719747808015,3.4215107460387837,3.1299894540674074,0.5756624123263916,0.3287968137535984,0.28845645110852713,Building Materials,Basic Materials,MLM
2019Q1,2019,Q1,2019-05-01,2019-03-31,42853000.0,938955000.0,69221000.0,0.68,142907000.0,0.1521979221581439,10048407000.0,4972474000.0,1370111000.0,757637000.0,5072911000.0,646176000.0,1705717000.0,12767136000.0,15891063000.0,79.45279943755592,1.8084003289174104,0.31460548920838893,0.6357567681600749,0.009078362801261808,79.45279943755592,0.00861804405613785,13.597175583494417,74.48215994212774,2.5675621431102504,0.7092852309056542,1.2319368097855692,0.0023807218784228507,0.09344316964868163,0.7760497441386839,0.004264656079316851,-1047.1732283464567,0.1521979221581439,-0.5466666666666666,2.466504473626266,0.6206189084539819,1.4381635646953272,-0.3712403864768308,-0.5459380993250474,-0.5292401439054414,-0.023630674298266423,0.22039864426870925,0.29292009521378204,Building Materials,Basic Materials,MLM
2018Q4,2018,Q4,2019-02-25,2018-12-31,94377000.0,1020218000.0,147041000.0,1.5,227284000.0,0.22277983725047,9551419000.0,4946363000.0,1365816000.0,786750000.0,4602007000.0,663035000.0,1693259000.0,10771436640.0,13847025640.0,78.92460748021445,1.7360228789323164,0.3267033934957727,0.6308637275509299,0.014841385263077543,78.92460748021445,0.019080079646398778,10.557975491512599,28.533002320480627,2.1776478273026063,0.3204806255761467,1.1959157510538658,0.0028079819815010304,0.10681323895433757,0.722170956466476,0.009880940203754018,71.90017181648878,0.22277983725047,-0.4736842105263158,0.9349653093293533,0.38295199030890237,1.3761388760830218,-0.2738159139125323,-0.47632628827939033,-0.38901446842459547,0.1857384226639783,0.2625025843484746,0.27414343929437673,Building Materials,Basic Materials,MLM
2018Q3,2018,Q3,2018-11-07,2018-09-30,180221000.0,1219640000.0,240662000.0,2.85,312984000.0,0.2566199862254436,9588171000.0,4939394000.0,1454808000.0,772686000.0,4645843000.0,651295000.0,1669126000.0,11602143520.0,14757880520.0,78.48779635161762,1.8827932691934368,0.3347560238548103,0.6498161515359981,0.025430675433861856,78.48779635161762,0.03648645967501277,9.512760749073497,16.094327963999756,2.3489001930196296,0.16865404142691473,1.3920819290797566,0.0026197745224927193,0.12720257075098057,0.9043725394274,0.018796181252920915,89.50889924394383,0.2566199862254436,-0.023972602739725974,0.8435168517899307,0.34705379257506747,1.4857666268882184,-0.009284084110699963,-0.027813590682770787,-0.08823919409894944,0.6274582568780135,0.1962154148471304,0.23338751729360094,Building Materials,Basic Materials,MLM
2018Q2,2018,Q2,2018-07-27,2018-06-30,185377000.0,1202403000.0,263953000.0,2.92,315917000.0,0.2627380337540741,9596752000.0,4843448000.0,1457153000.0,709133000.0,4741282000.0,650917000.0,1579674000.0,14074479930.0,17259622930.0,76.85450881452215,2.0548373859346554,0.3354178580419709,0.6645930750159803,0.025506338768762737,76.85450881452215,0.03827376695279892,11.705293424916604,18.980887502225197,2.9058802592698423,0.1505580519697697,1.3619032841360728,0.0019830217627089257,0.1252927031979153,1.0003045973040319,0.019316639629741394,343.19629188002926,0.2627380337540741,17.25,2.2827462694720397,0.5631572308998537,1.5268503216869316,1.8617744039423147,17.495161129402373,5.753998106496764,1.4196084737198675,0.39562099524068983,0.20219698139094183,Building Materials,Basic Materials,MLM
2018Q1,2018,Q1,2018-05-08,2018-03-31,10023000.0,802004000.0,39081000.0,0.16,110392000.0,0.13764519877706347,8948050000.0,4676630000.0,2601930000.0,650979000.0,4268220000.0,606794000.0,1422207000.0,13050986100.0,14656721100.0,74.2829232650857,3.9969492103431907,0.3384098211342136,0.6474978777452995,0.004075076216050166,74.2829232650857,0.002143209961018939,16.27296883806066,325.5259428314876,2.7906817729861033,2.782101167315175,1.1397805515545638,0.002136620159299687,0.08962891356217276,2.901534458100799,0.001120132319332145,1491.0300582657374,0.13764519877706347,-0.973109243697479,1.2630618718152773,0.5220524253928005,1.4909147750597154,-0.5739438522280801,-0.9734266920831532,-0.7869246622395237,0.7516067470580676,0.24192772717978173,0.15345994694396442,Building Materials,Basic Materials,MLM
2017Q4,2017,Q4,2018-02-23,2017-12-31,377183000.0,970478000.0,183414000.0,5.95,259102000.0,0.26698389865612615,8992511000.0,4679600000.0,2631160000.0,694216000.0,4310034000.0,600591000.0,1440069000.0,13903416000.0,15484255000.0,74.39745627980922,3.79011719695311,0.336636007451089,0.646893537909223,0.05489780810966748,74.39745627980922,0.08060154714078126,14.326358763413493,9.215298674648645,2.9710693221642877,0.07394553837262019,1.184459973592678,0.002006053764053381,0.10792069089490132,2.785306014266453,0.04194412439417644,100.82245105148658,0.26698389865612615,1.4895397489539748,11.781724187268908,0.40493432204718915,1.4209388876237503,-0.11168480310479365,1.488901059744236,-0.19188065067587812,5.310184041118936,0.21251507613030535,0.15071427006718663,Building Materials,Basic Materials,MLM
2017Q3,2017,Q3,2017-11-02,2017-09-30,151546000.0,1087732000.0,226964000.0,2.39,291678000.0,0.26815244931655957,7566785000.0,4331221000.0,1277989000.0,468503000.0,3232803000.0,576429000.0,1090778000.0,12971042080.0,14659410080.0,68.8632186466548,2.727813909409331,0.22778326594451936,0.3979448289523901,0.027804071691306692,68.8632186466548,0.03498920974016334,11.924851047868408,21.397862827128396,2.9947772417985594,0.18361421614559276,1.3810096299804486,0.0021452401301592264,0.14375087966685984,1.3185635951103836,0.020027792516901167,134.91405593750974,0.26815244931655957,0.062222222222222276,0.756115124821191,0.3354230639552381,1.2078133166030522,0.0641531737287208,0.06513259159819791,0.06629958844643226,2.008306387826632,0.15613226878742043,0.05659490517068354,Building Materials,Basic Materials,MLM
2017Q2,2017,Q2,2017-08-01,2017-06-30,142279000.0,1063524000.0,212852000.0,2.25,274094000.0,0.2577224397380783,7515860000.0,4197771000.0,1244297000.0,534325000.0,3315329000.0,549865000.0,967058000.0,13990933640.0,15739986640.0,66.78180979350282,2.3287268984232443,0.23760088665834647,0.4254102951304395,0.026051593670577,66.78180979350282,0.03389394037931083,13.155258969238117,24.583623795500394,3.332943516928389,0.18678090231165526,1.4356796668273122,0.0018994443604551327,0.14150396627930803,1.1366490431853273,0.018930501632547704,336.65231694699105,0.2577224397380783,2.3582089552238807,1.8208277196268536,0.4199881862254023,1.2196968723161397,0.8637355763019576,2.360868332782161,1.7589371354504213,0.7645257763099506,0.1730933162842788,0.9803655363865706,Building Materials,Basic Materials,MLM
2017Q1,2017,Q1,2017-05-10,2017-03-31,42334000.0,843859000.0,77150000.0,0.67,147067000.0,0.17427911534983925,7393791000.0,4073368000.0,1123242000.0,631558000.0,3317837000.0,537000000.0,851354000.0,13749750000.0,15540626000.0,64.65663492063491,1.7785254877620107,0.2497087082932152,0.45325980859082704,0.009701421779688581,64.65663492063491,0.010392873906801449,16.293895070147975,81.19803231445174,3.3755236452979456,0.6273916946189824,1.2975642458100558,0.0019316714849360896,0.11413076187844638,0.8465303265891652,0.005725614911214017,-490.20464187671575,0.17427911534983925,-0.567741935483871,1.836027148163705,0.5537189537577886,1.1731692275981835,-0.3465518543696654,-0.5717782723042687,-0.5037117089299729,2.4391770820025056,0.446867552273626,0.9841145006249377,Building Materials,Basic Materials,MLM
2016Q4,2016,Q4,2017-02-24,2016-12-31,98860000.0,948815000.0,155454000.0,1.55,225063000.0,0.23720430220854435,7300905000.0,4139978000.0,1086385000.0,546588000.0,3158315000.0,521624000.0,935574000.0,14022849000.0,15659000000.0,65.40249605055293,1.9875756511302847,0.23095616228399082,0.4072941933507859,0.01933096094201115,65.40249605055293,0.023879353948257697,14.779328952430136,35.461382257738215,3.3871795937079856,0.27049362735181065,1.3874975077833842,0.0019069591350516575,0.12995854623502154,0.9293069002612571,0.01354078706680884,86.13543611793612,0.23720430220854435,-0.3775100401606426,3.8101401401593233,1.078242816120546,1.1208043231529712,-0.23073268436739494,-0.3801064716984681,-0.3532316781427472,1.0067693783770002,0.2734019428488754,0.969036253966085,Building Materials,Basic Materials,MLM
2016Q3,2016,Q3,2016-11-02,2016-09-30,159479000.0,1103901000.0,240355000.0,2.49,292568000.0,0.2650310127448023,7373201000.0,4155332000.0,1191525000.0,604909000.0,3214803000.0,508199000.0,932679000.0,11373485000.0,13077636000.0,65.43829921259842,1.9697590877305513,0.23935804815303421,0.42471576278381606,0.028108484020311658,65.43829921259842,0.03837936415188967,10.302993656134019,17.82912640535745,2.7370821392851403,0.16822277541243674,1.596486809301081,0.0023588196581786494,0.1497180125701171,1.036699735001463,0.021629547329579106,83.76715153747008,0.2650310127448023,0.3105263157894739,1.3349062249511918,0.4856514646785998,1.0678252783226256,0.18592141904572743,0.3066479861042834,0.28024096898935774,0.6167505942012272,0.20831791661676266,1.0724793899714355,Building Materials,Basic Materials,MLM
2016Q2,2016,Q2,2016-08-04,2016-06-30,122052000.0,977298000.0,187742000.0,1.9,246701000.0,0.2524317045568496,7233305000.0,4013452000.0,1121929000.0,601604000.0,3216805000.0,504877000.0,800028000.0,12192000000.0,13949764000.0,63.203968503937006,1.864896177552011,0.2469631793488592,0.44509315173072955,0.022517156109620375,63.203968503937006,0.030410728719316937,12.475212268929232,24.972962343918983,3.03778393263455,0.2099105299380592,1.4470791895847899,0.0021013779527559056,0.13511085181670066,0.9359229659377265,0.016873614481900043,608.626198083067,0.2524317045568496,1.7536231884057971,1.4483027612833068,0.4236836398631008,1.0405063590340764,0.7056916077824025,1.7126283504467261,1.241187073977247,1.145052530290981,0.26093060997208906,1.0780429230443052,Building Materials,Basic Materials,MLM
2016Q1,2016,Q1,2016-05-05,2016-03-31,44994000.0,788734000.0,83769000.0,0.69,144634000.0,0.18337487670114386,7058287000.0,3942651000.0,998315000.0,492131000.0,3112651000.0,485367000.0,743593000.0,10233842580.0,11959357580.0,61.452211727298234,2.0285554049633125,0.24832611652090655,0.4445630617571781,0.010232013730850746,61.452211727298234,0.01141211839445084,12.975024000486856,56.862262635018,2.5956754934687343,0.5744543716940036,1.3270370667968774,0.0025256397875918863,0.111745810279463,0.9657794367759803,0.006374634525345881,-375.9677656135195,0.18337487670114386,-0.45238095238095244,2.8357675067946366,0.5718750643813124,1.0106370396524589,-0.21755595107357897,-0.45910921440163494,-0.390167729536123,2.158798668354044,0.468847969886032,1.0606650280222851,Building Materials,Basic Materials,MLM
2015Q4,2015,Q4,2016-02-23,2015-12-31,83185000.0,844556000.0,137364000.0,1.26,184849000.0,0.21887121753915667,6961732000.0,4057284000.0,1082168000.0,367191000.0,2901555000.0,469141000.0,874436000.0,8945990000.0,10360711000.0,61.94326717557252,2.9471528441601236,0.2274046171268874,0.3901945242186645,0.01654698456721005,61.94326717557252,0.02050263180985112,10.592536196534036,26.885826771653544,2.2049208288106033,0.3154775500390695,1.4062019733939264,0.0029334931069674793,0.12131406379906609,1.577734748400696,0.011948894326871531,60.53299681298084,0.21887121753915667,-0.27586206896551724,2.9108072687968654,0.37333059192129736,0.9808774069278945,-0.29582674615721605,-0.29230756142380726,-0.2347324204169406,1.7070214544441351,0.17410820943208652,1.015671930607516,Building Materials,Basic Materials,MLM
2015Q3,2015,Q3,2015-11-05,2015-09-30,117544000.0,1082249000.0,179498000.0,1.74,262505000.0,0.24255508667598677,7438448000.0,4250882000.0,1641971000.0,575392000.0,3185868000.0,464525000.0,1079764000.0,10150260000.0,11418983000.0,63.635958083832335,2.853656289972749,0.22923491567058074,0.40112898923094076,0.021467627077038805,63.635958083832335,0.02765167322922631,9.378858284923341,21.588213775267132,2.3878009316654754,0.22913972640032668,1.7646929659329422,0.00265352808696526,0.14549392561459057,1.7620213697792113,0.0158022211084893,93.9377897883446,0.24255508667598677,0.42622950819672134,0.5408617686726949,0.4482181646253872,1.0476917205193572,0.3115216859102786,0.43454807293319336,0.3103574140045553,0.28249457031393493,0.25103864263270065,1.0402229003146317,Building Materials,Basic Materials,MLM
2015Q2,2015,Q2,2015-08-07,2015-06-30,81938000.0,921419000.0,136984000.0,1.22,200153000.0,0.21722256649797758,7499654000.0,4308773000.0,1765249000.0,363834000.0,3189221000.0,479856000.0,1146821000.0,9537774000.0,11151606000.0,63.92838278931751,4.851797797896843,0.22107699901888808,0.38479655345036745,0.015566028958861073,63.92838278931751,0.019016550651426753,10.351180082025659,29.100582147477358,2.213570777574033,0.316470990260929,1.5030884265279585,0.002718768551236379,0.12286153467879984,1.4886926455471452,0.01092557069966161,475.9605768750936,0.21722256649797758,16.428571428571427,0.015997494171950625,0.23163576489423085,1.1127385186507133,1.6952640012927378,12.375448906301012,4.357005983340503,0.5150319089401635,0.1473482611657245,1.1248545340183724,Building Materials,Basic Materials,MLM
2015Q1,2015,Q1,2015-05-05,2015-03-31,6126000.0,691347000.0,25571000.0,0.07,74261000.0,0.10741494502760553,7417646000.0,4340566000.0,1281729000.0,343555000.0,3075463000.0,505047000.0,1190807000.0,9422520000.0,10947177000.0,64.40008902077152,3.7307825530118905,0.2131434959284927,0.3642435110997045,0.0049740422651706985,64.40008902077152,0.001411336678212012,13.629219480232068,384.5298726738492,2.170804452691193,4.628468821416911,1.2218387595609914,0.0030091737666781285,0.093203018855308,1.2741919052262374,0.0008258684763333273,-449.5477099236641,0.10741494502760553,-0.925531914893617,1.1706540707306479,0.36586880684426804,1.1945369645265653,-0.5508316699933467,-0.9042139003987179,-0.7843438219493477,1.1130807604427095,0.18981465166134306,1.1645464829141465,Building Materials,Basic Materials,MLM
2014Q4,2014,Q4,2015-02-24,2014-12-31,63955000.0,856373000.0,118573000.0,0.94,165330000.0,0.19305839861835905,7464392000.0,4351166000.0,1288816000.0,396648000.0,3111644000.0,484919000.0,1213035000.0,7424536000.0,8901463000.0,64.6532838038633,3.2492688731570563,0.21241890833171678,0.3644030128935554,0.012867610478735018,64.6532838038633,0.014698359014572187,8.66974554312198,29.022500195449926,1.7063325094928576,0.42281291533109217,1.425068929037633,0.0036421131232982104,0.11472776349366431,1.335319981444505,0.008568011969360667,85.91522501359687,0.19305839861835905,0.18987341772151886,14.683314883487931,0.5452109725625052,1.1499949347333758,-0.15472435107595875,0.19001544387176003,0.02256890544689365,1.9268486979837922,0.7642753165694813,1.0965096453090197,Building Materials,Basic Materials,MLM
2014Q3,2014,Q3,2014-11-03,2014-09-30,53743000.0,1003723000.0,115956000.0,0.79,195593000.0,0.194867508266723,7338858000.0,4373220000.0,1212798000.0,436998000.0,2963245000.0,475293000.0,1176121000.0,8651874000.0,10196552000.0,65.17466467958272,2.7752941661060233,0.22050774112266514,0.37004198279528583,0.010645849921605048,65.17466467958272,0.012289114199605782,8.619782549567958,40.246515825316784,1.978376116454237,0.5025584727313325,1.7002775130288055,0.0031217514263383863,0.13676828193160298,1.36734035396043,0.0073230739714544146,111.7351224300031,0.194867508266723,-0.3779527559055118,-0.3562075247784598,0.3669224619289847,1.2182571754731664,0.44240497927759176,-0.09707498193914753,0.20485032366662856,-0.25537253640255253,0.2783562226672423,1.0594945277045884,Building Materials,Basic Materials,MLM
2014Q2,2014,Q2,2014-08-04,2014-06-30,59521000.0,669225000.0,96241000.0,1.27,135602000.0,0.20262542493182412,3356043000.0,1564699000.0,876701000.0,244725000.0,1789044000.0,348168000.0,1149388000.0,6127120000.000001,7177592000.000001,33.72196120689655,3.582392481356625,0.32323811107307027,0.6932969216443546,0.025935311883002552,33.72196120689655,0.038039904160480704,9.155545593783856,25.73511869760253,3.915845795261581,0.3133347894020598,1.5326595206911606,0.0030438444162999906,0.19940894678643867,1.5450526100725304,0.017735470016325774,384.7001946380361,0.20262542493182412,3.7021276595744683,0.4706651176399602,0.3790030011993031,0.1904682085408192,4.248771047029224,3.7533074289943564,7.053654547741854,0.633977928491549,0.334179875385503,0.08869550299656671,Building Materials,Basic Materials,MLM
2014Q1,2014,Q1,2014-05-05,2014-03-31,-21618000.0,428629000.0,-15898000.0,-0.47,25835000.0,0.0602735699171078,3255257000.0,1508785000.0,758214000.0,193758000.0,1710964000.0,354718000.0,1108516000.0,5942605000.0,6974748000.0,32.587149028077754,3.9132010033134117,0.3280674920597667,0.7078172171648048,-0.0045230881172004045,32.587149028077754,-0.014328085181122559,13.864215906996494,-68.72288139513368,3.9386691940866325,-0.8605791470071237,1.1355330149583613,0.0031306135945431343,0.1316728602380703,1.4367819651317624,-0.006640950315136409,-196.11910498003365,0.0602735699171078,-1.6103896103896103,-2.3911023437347776,0.033300607197054966,0.09994413969738064,-0.7442889381582073,-1.599950045791358,-1.2530279639031687,-0.22221726219637578,0.18369234588331046,0.0662094497637442,Building Materials,Basic Materials,MLM
2013Q4,2013,Q4,2014-02-24,2013-12-31,36033000.0,544996000.0,62831000.0,0.77,101032000.0,0.18538117710955676,3259826000.0,1537877000.0,755366000.0,210549000.0,1684907000.0,347307000.0,1148738000.0,4627222000.0,5618262000.0,33.21548596112311,3.5876019358914077,0.31703440613087935,0.6720153822444838,0.017366225669019773,33.21548596112311,0.023430352362380086,8.49037791103054,32.10405739183526,3.008837507811093,0.5153886714955735,1.278304209244271,0.004013423172694114,0.1671856105203161,1.3671781865503991,0.011053657465153048,51.17759221368136,0.18538117710955676,-0.5,0.28973129940270226,0.045142990177807735,0.3609615786866809,-0.2940157084160215,-0.4983991313547525,-0.42273733726560275,1.396525880793821,0.2537191700184628,0.062194629063191564,Building Materials,Basic Materials,MLM
2013Q3,2013,Q3,2013-11-07,2013-09-30,71836000.0,665320000.0,108843000.0,1.54,143108000.0,0.21509649491973787,3337105000.0,1460149000.0,845669000.0,226432000.0,1838222000.0,350438000.0,1131276000.0,4539773480.0,5606330480.0,31.57488539053715,3.7347592213114753,0.3367583579180158,0.7696461114584882,0.03198621388687512,31.57488539053715,0.04919771886293796,6.823443576023568,15.799089175343838,3.10911659015621,0.25833843755220226,1.4901694450944247,0.004087869159498239,0.19937041237839384,1.714735549745619,0.021526442829937924,70.02257307235513,0.21509649491973787,0.7303370786516854,-0.03072747540468071,-0.006337058148965599,0.2153165942508057,0.340263729677081,0.7390336012394694,0.5680266228714669,0.36027409008994976,0.28605175393540694,0.0160235397945123,Building Materials,Basic Materials,MLM
2013Q2,2013,Q2,2013-08-05,2013-06-30,41308000.0,562682000.0,69414000.0,0.89,106776000.0,0.1897626012561269,3231119000.0,1402138000.0,806485000.0,192533000.0,1790452000.0,348873000.0,1077998000.0,4617376000.0,5666983000.0,30.415140997830804,4.188814385066456,0.338371629147673,0.7797513511508853,0.020397389052015012,30.415140997830804,0.02946072355217532,8.206013343238277,27.944804880410576,3.2930966852050223,0.44942868209547787,1.306796456016946,0.004020681876459703,0.1741446229618903,1.7203959840650693,0.012784425457558202,2601.338591549296,0.1897626012561269,2.459016393442623,-0.4195266781633721,-0.15734225315210218,0.23640584205124682,7.483038055136252,2.483817665864435,3.9466400645243453,-0.25114037321807037,0.09963137296572999,0.0051754343306712365,Building Materials,Basic Materials,MLM
2013Q1,2013,Q1,2013-05-06,2013-03-31,-27839000.0,385000000.0,-23557000.0,-0.61,12587000.0,0.0326935064935065,3154775000.0,1371791000.0,715733000.0,168690000.0,1744718000.0,347641000.0,1055256000.0,4687860000.0,5729127000.0,29.82154347826087,4.242889323611358,0.3418712903455872,0.7862181629708899,-0.007458417678730795,29.82154347826087,-0.02029390774542186,12.17625974025974,-42.097956104745144,3.4173281498420676,-0.6646431265490859,1.0712574178534753,0.003947003536795041,0.12203722927942563,1.4192305412294741,-0.00882440110625956,-1418.4145234493192,0.0326935064935065,-2.3260869565217392,-2.1986145868064817,-0.2381113247453517,0.2900990273199862,-0.8352788755987123,-2.2927927927927927,-1.5901199929857963,-0.13630614593447693,0.11448877490017488,0.016217221084449646,Building Materials,Basic Materials,MLM
2012Q4,2012,Q4,2013-02-22,2012-12-31,21534000.0,504071000.0,39919000.0,0.46,76414000.0,0.15159372390000614,3160926000.0,1410545000.0,700401000.0,173335000.0,1710627000.0,332311000.0,1101598000.0,4327452000.0,5349917000.0,30.73082788671024,4.040736146767819,0.3315038061631307,0.7428752716148722,0.013301783107771283,30.73082788671024,0.015266439567684831,8.585004890184122,50.239760378935635,3.0679290628799505,0.8574811925327389,1.2869179774367987,0.004266945075300662,0.15946940864797216,1.4390861626330516,0.006812560623057927,77.88369958425571,0.15159372390000614,-0.661764705882353,-0.6571296969646527,-0.14444518822578375,0.3423587221597675,-0.3816837131020197,-0.6577667588442834,-0.5617871452878863,7.75528856219515,0.3335794923878858,0.021929906871059286,Building Materials,Basic Materials,MLM
2012Q3,2012,Q3,2012-11-06,2012-09-30,62922000.0,593901000.0,91095000.0,1.36,123584000.0,0.20808855347945196,3243204000.0,1430405000.0,785107000.0,217109000.0,1773183000.0,335092000.0,1098529000.0,3764188800.0,4827657800.0,31.190689053641517,3.61618818197311,0.3388285164917162,0.7682369678517622,0.02973877819763416,31.190689053641517,0.04398894019525938,6.338074527572777,14.955773815199771,2.631554559722596,0.293077143129589,1.4035458918744703,0.004899063511373287,0.18312169077245835,1.5308808018092295,0.019401184754335526,68.83402761269086,0.20808855347945196,0.7000000000000001,-0.3643806014667953,-0.126849286998949,0.32110149182770026,0.21056343546743986,0.7121166770972218,0.5371310935997166,0.10284627030979912,0.18340263083805383,0.06159303068677671,Building Materials,Basic Materials,MLM
2012Q2,2012,Q2,2012-08-06,2012-06-30,36751000.0,545717000.0,59263000.0,0.8,102088000.0,0.18707132084945127,3226533000.0,1377939000.0,760331000.0,199066000.0,1809729000.0,331984000.0,1054048000.0,3609955999.9999995,4716162000.0,30.086004366812226,3.819492027769684,0.35567558118884884,0.8328373026672443,0.01910504785692868,30.086004366812226,0.02667099196698838,6.615069715621832,24.556855595766102,2.6198227933166853,0.5017822644281789,1.336296327533857,0.005108372512019538,0.1691341759095599,1.5914771985170748,0.011390244575214325,1109.0494623655914,0.18707132084945127,1.9876543209876543,-0.589288981663937,-0.14989835287509712,0.4125172069771705,3.2841915313273744,2.0005172601546337,2.6776978824595177,-0.08004785604599331,0.13923426936601127,0.06210998526934185,Building Materials,Basic Materials,MLM
2012Q1,2012,Q1,2012-05-09,2012-03-31,-36732000.0,393979000.0,-35324000.0,-0.81,23829000.0,0.060482919140360275,3182117000.0,1359677000.0,701944000.0,185371000.0,1783835000.0,333487000.0,1035739000.0,3913291000.0,5005098000.0,29.75223194748359,3.786698027199508,0.3572329364382265,0.8360492970021557,-0.011174037667688676,29.75223194748359,-0.027015239648828362,9.932740069902202,-26.634072470870084,2.8781034024992698,-0.5014701078079059,1.1099383184352014,0.0047070355871822464,0.12381034386856297,1.3864196665066273,-0.011543258780239696,-93.53660635322801,0.060482919140360275,-3.4947432268499803,-2.0853611471681295,-0.1690626162507861,0.3239236061284536,-0.6733829516016283,-3.4755357864941367,-2.4051473805640637,-4.837605616692761,-0.03776090477485428,0.0042545650542963895,Building Materials,Basic Materials,MLM
2011Q4,2011,Q4,2012-02-29,2011-12-31,14838000.0,329608000.0,25139000.0,0.3246827133479212,72957000.0,0.22134474891386133,3147822000.0,1409321000.0,657850000.0,173712000.0,1698958000.0,322607000.0,1090891000.0,3446237000.0,4480299000.0,30.838533916849016,3.7870152896748643,0.3367674538140975,0.752194851279446,0.009425603766415274,30.838533916849016,0.010528474350414136,10.455562364991142,58.064378622455855,2.445317283997045,1.2411376196252863,0.7955531033114595,0.005343799628406288,0.10470985970617144,1.3227065487703786,0.004713735401811157,198.298923988722,0.22134474891386133,-0.6965582118243727,-0.7684505888927865,-0.3934819801156752,0.09555477229777852,-0.3454716727223792,-0.6981446822361461,-0.6817807820352156,-0.46192975619001525,-0.3596094239210848,0.263569042854927,Building Materials,Basic Materials,MLM
2011Q3,2011,Q3,2011-11-07,2011-09-30,49156000.0,534756000.0,78999000.0,1.07,111465000.0,0.20844085900859458,3158558000.0,1446220000.0,767416000.0,197746000.0,1673007000.0,337730000.0,1094469000.0,2889154000.0,3877799000.0,31.645951859956238,3.8808168053968224,0.3310007288135915,0.7229086860920192,0.02502300278046569,31.645951859956238,0.0339892962343212,5.4027519092819905,14.693801367076247,1.9977278698953131,0.37470502075026446,1.2533414265833653,0.0063752226430297595,0.16930384055002315,1.6011095041113348,0.015562797960335065,32.681258766571645,0.20844085900859458,0.3717948717948718,-0.36057169175109877,-0.12303137322619667,0.13525436026489707,0.1556645343231278,0.37311098075365234,0.2540519088816573,-0.32885016394388017,-0.19182879412670883,0.21805194098323494,Building Materials,Basic Materials,MLM
2011Q2,2011,Q2,2011-08-08,2011-06-30,35799000.0,492952000.0,62995000.0,0.78,96451000.0,0.1956600236939905,3148919000.0,1412444000.0,745568000.0,262898000.0,1698320000.0,336365000.0,1063732000.0,3646632000.0,4706448000.0,30.97464912280702,2.8359591932993022,0.34485326551746803,0.7688198611767971,0.018472670276235052,30.97464912280702,0.02534542962411253,7.397539719891592,25.466018603871618,2.581788729323074,0.5143439760887175,1.1787819779109003,0.005049316739391307,0.15654642116866138,1.1239682310249604,0.01136866334129268,499.8125,0.1956600236939905,2.9999999999999996,-0.5270027820987354,-0.16140219232900324,0.1600203421634293,3.569188497797148,3.05575973354772,11.25476151717402,-0.4914249220062098,-0.2536734166357369,0.25915040583430043,Building Materials,Basic Materials,MLM
2011Q1,2011,Q1,2011-05-03,2011-03-31,-17414000.0,356512000.0,-6143000.0,-0.39,21109000.0,0.059209788169823176,3208606000.0,1393209000.0,840361000.0,158762000.0,1773860000.0,331679000.0,1046346000.0,4087517280.0,5079307280.0,30.563553001053002,5.293212481576195,0.3642139296629128,0.8387966198897653,-0.001761303154108055,30.563553001053002,-0.012499201483768766,11.46530069114083,-58.68148156655564,2.9338866458657673,-1.056621109452165,1.011227723190193,0.004501510021750905,0.11111118036929434,2.3939670702057168,-0.0054272790115084246,-437.26115532734275,0.059209788169823176,-2.2009565628588796,-1.5636826317450714,-0.26066213155758655,0.1780027676020896,-0.702039664055332,-2.1763831655745456,-1.176868593803985,-1.7566061507899124,-0.2880486119503245,0.322198833432105,Building Materials,Basic Materials,MLM
2010Q4,2010,Q4,2011-02-25,2010-12-31,14803000.0,427981000.0,34732000.0,0.32474113724113723,70845000.0,0.16553304936434093,3074743000.0,1425440000.0,696211000.0,385493000.0,1606484000.0,331894000.0,1082160000.0,4204668160.0,5167227160.0,31.27062127062127,1.8060276062081542,0.3359246610204495,0.7246057357728141,0.012003094245185893,31.27062127062127,0.010384863621057358,9.824427159149588,71.01040599878402,2.949733527893142,1.2425184084307235,1.0760544029117731,0.004374423688170436,0.13919244632803457,0.6580768003569455,0.004814386112920657,101.79562183754993,0.16553304936434093,-0.7126184626184625,-0.6889039064052569,-0.1394258015992096,0.2189313402315527,-0.37743310338767083,-0.7152721677245624,-0.585729791624423,-0.762668625014091,-0.2685563592391035,0.36593753232812165,Building Materials,Basic Materials,MLM
2010Q3,2010,Q3,2010-11-02,2010-09-30,51990000.0,509303000.0,83839000.0,1.13,113795000.0,0.22343280915290112,3115783000.0,1414808000.0,732116000.0,426835000.0,1658555000.0,323820000.0,1085750000.0,3504136220.0,4474766220.0,31.076923076923077,1.715220167043471,0.3309373598867444,0.7288119660052813,0.027149420263777903,31.076923076923077,0.03674703564017167,6.880258353082546,16.850049144066165,2.476757425742574,0.3538757453356415,1.2213822493978137,0.0052503666652548115,0.1634590727274653,0.7265383579134794,0.016686014398306942,46.80544198968824,0.22343280915290112,-0.04237288135593224,-0.306831123921336,-0.08508210331167271,0.1987846603394068,-0.033161141225849206,-0.044283902277615396,-0.075114729503133,-0.47095940467960185,-0.2457315413598833,0.316282861456839,Building Materials,Basic Materials,MLM
2010Q2,2010,Q2,2010-08-03,2010-06-30,54399000.0,504630000.0,90648000.0,1.18,117698000.0,0.23323623248716882,3096392000.0,1375644000.0,708466000.0,414626000.0,1679595000.0,319842000.0,1052159000.0,3855717030.0,4883110030.0,30.258539911576445,1.7086868647889906,0.3421685626367721,0.7701760048384612,0.028221518594095624,30.258539911576445,0.03954438793757687,7.640681350692587,17.71961354988143,2.80284508928182,0.33818636371992133,1.2097598189105871,0.004771356366885668,0.16297355115243806,0.6990782054188595,0.017568511997188986,246.82907816400999,0.23323623248716882,3.185185185185185,-0.09352399676786088,-0.053919341127977874,0.2377228003381407,5.001019731810533,3.2497518610421836,8.046641791044776,-0.38755725117257606,-0.208075411218156,0.420617632105855,Building Materials,Basic Materials,MLM
2010Q1,2010,Q1,2010-05-04,2010-03-31,-24180000.0,340944000.0,-12864000.0,-0.54,19613000.0,0.05752557604767938,3244902000.0,1332292000.0,854711000.0,395346000.0,1872007000.0,322027000.0,1016156000.0,3793170000.0,4823543000.0,29.345638766519823,2.161931573861883,0.38565602289375767,0.9392955898556773,-0.004148409151361759,29.345638766519823,-0.01814917450528863,11.125492749542447,-39.218052109181144,2.8471010859481254,-0.759387923904053,0.9978386905445816,0.004840805974949712,0.1050706616101195,1.0703130928351368,-0.007451688833745981,1806.2714285714285,0.05752557604767938,-6.775451950523312,-4.541768487356511,-0.09841489127504988,0.23466442006723834,-0.6720069568707461,-6.668886774500476,-1.8850361197110423,-1.719194469556253,-0.27616659166396595,0.30583090265266216,Building Materials,Basic Materials,MLM
2009Q4,2009,Q4,2010-02-26,2009-12-31,-3153000.0,373866000.0,14535000.0,-0.06944933920704846,59797000.0,0.15994233227947982,3239283000.0,1365240000.0,856860000.0,373553000.0,1832872000.0,332569000.0,1058698000.0,4059214000.0,5046971000.0,30.07136563876652,2.293811052246937,0.3863040061643271,0.9165773050892151,0.003731522389966274,30.07136563876652,-0.0023094840467610092,10.85740345471372,-321.8533143038376,2.9732603791274794,-5.782746590548684,0.944372446018721,0.004491756285822822,0.11541628193646557,1.1414872856060585,-0.0009733635498966901,90.13865387604646,0.15994233227947982,-1.0564628774041045,-1.0883593898017443,-0.11046628582820846,0.226964392558748,-0.4921698513800425,-1.0567964837698598,-0.8370789665415008,-1.0495282099541445,-0.3074960050523282,0.06830072479750014,Building Materials,Basic Materials,MLM
2009Q3,2009,Q3,2009-11-03,2009-09-30,55514000.0,488311000.0,89215000.0,1.23,117750000.0,0.24113730798609903,3232681000.0,1311040000.0,844966000.0,394785000.0,1880705000.0,329781000.0,1080084000.0,4108347539.9999995,5179572540.0,29.381022813858635,2.140319414364781,0.39133462287185156,0.9649286062972907,0.02729166731493826,29.381022813858635,0.042343483036368076,8.413383151311356,18.50140297942861,3.1336553728337804,0.3244406816298591,1.1236578214026884,0.004384001067251482,0.15105449625249134,1.1058196233392859,0.01717274299567449,44.56053385685,0.24113730798609903,0.43023255813953487,0.11079856705670124,0.0424166619661575,0.21338901216899037,0.05342732917031974,0.42849055632751787,0.22202284743719694,-0.2604202477515142,-0.17985230885870038,0.054003191500827746,Building Materials,Basic Materials,MLM
2009Q2,2009,Q2,2009-08-04,2009-06-30,38862000.0,465989000.0,73006000.0,0.86,111778000.0,0.23987261501880947,3207193000.0,1262065000.0,802123000.0,389064000.0,1905650000.0,333887000.0,1042581000.0,3514419520.0,4664689520.0,28.326637338959465,2.0616736578043717,0.40024095837076223,1.0171029225911503,0.020669061228219366,28.326637338959465,0.03079239183401806,7.541850816220983,22.608328958880136,2.784658096056859,0.4660851217127271,1.0608708934459863,0.005153909457001878,0.1452949666577596,0.9895904015791747,0.012117137945861068,201.16883342873498,0.23987261501880947,7.142857142857142,-0.05957621540393701,0.07145186649834626,0.2105714730060626,1.305794500484766,7.742192921582235,5.703333027270223,-0.4744779045763816,-0.18865998292679284,0.060850613932678606,Building Materials,Basic Materials,MLM
2009Q1,2009,Q1,2009-05-05,2009-03-31,-5764000.0,375063000.0,10891000.0,-0.14,48477000.0,0.12925028595196006,3253099000.0,1240241000.0,891939000.0,347652000.0,1968912000.0,324949000.0,1021832000.0,3319735900.0,4436199900.0,29.626185414327686,2.5656087121604365,0.41144367263338744,1.0791991233961786,0.0031548887029951064,29.626185414327686,-0.00464748383580288,8.851142074798101,-143.98576943095074,2.676686144063936,-2.9182859125607217,1.0050377136104436,0.005066969333313533,0.11529406267685059,1.3453482217850035,-0.0017718489354304925,135.84319093215484,0.12925028595196006,-1.2320106092395393,-0.016776956767944745,0.2333560782732306,0.3127868787964157,-0.5345195114456905,-1.2281778235224259,-0.8202894246159431,-1.2031618550799457,-0.15305520019880134,0.14187406190531182,Building Materials,Basic Materials,MLM
2008Q4,2008,Q4,2009-02-17,2008-12-31,25261000.0,471484000.0,60603000.0,0.6034206817476053,104144000.0,0.22088554436629876,3032502000.0,1021704000.0,665031000.0,348639000.0,2010798000.0,318018000.0,1044417000.0,4064060040.0,5385887040.0,24.4058954207773,1.9075060449347319,0.4483495806433104,1.3307386483756547,0.017034166833594502,24.4058954207773,0.024724382012794314,8.619719948078831,40.22069633031155,3.9777274435648677,0.6652151537943866,1.155091850146847,0.004134781433986886,0.1554768966351877,0.7195523162927843,0.008330085190380749,112.02855914215618,0.22088554436629876,-0.6180881761091106,-0.006134079474086357,0.30805288673208875,0.04403926163459659,-0.3131067961165049,-0.6191387992642403,-0.47282027192776427,-0.4219339795359421,0.032316515441383815,-0.048656227282939876,Building Materials,Basic Materials,MLM
2008Q3,2008,Q3,2008-10-29,2008-09-30,66326000.0,599210000.0,114957000.0,1.58,151616000.0,0.2530264848717478,3063632000.0,1075215000.0,673661000.0,424556000.0,1988417000.0,305550000.0,1036944000.0,4634292300.0,5982298300.0,25.980790141355563,1.5867423849857263,0.44453837797751167,1.26663225494436,0.03387121914286662,25.980790141355563,0.06168626739768326,7.734003604746249,17.46785687362422,4.310107559883373,0.25306817839158097,1.4648797250859107,0.0036219122388978357,0.19558811241036783,0.7435202894317828,0.021649467037816554,56.80950647249191,0.2530264848717478,0.03947368421052635,0.7224650304112036,0.3838772473950576,0.13188474934266067,0.08733630717594917,0.039527302363488184,0.09589315334896757,-0.027208923950209362,0.18413570254621836,0.0022025863970455196,Building Materials,Basic Materials,MLM
2008Q2,2008,Q2,2008-08-07,2008-06-30,63804000.0,598698000.0,104898000.0,1.52,139438000.0,0.2329020641458632,3071582000.0,1016777000.0,690847000.0,492518000.0,2054805000.0,297371000.0,987403000.0,4281685470.0,5713426470.0,24.59964193259623,1.4026837597813684,0.470408082870651,1.421055944420458,0.029365437853157976,24.59964193259623,0.06275122273615552,7.151661555575599,16.776712549369947,4.211036903863876,0.22705473011096483,1.5444007653738931,0.0033834806646832,0.19491519353870415,0.6825902809643506,0.020772357697108525,-177.0681721186055,0.2329020641458632,2.04,0.9039971683642608,0.5011751881722711,0.10776661921708917,0.853932883050577,2.058090490797546,1.4434091914933265,0.16943062830068742,0.23459373362830843,0.006246097435778987,Building Materials,Basic Materials,MLM
2008Q1,2008,Q1,2008-05-06,2008-03-31,20864000.0,453934000.0,42931000.0,0.5,75212000.0,0.16568928522648668,2760108000.0,955187000.0,620880000.0,544508000.0,1804921000.0,296466000.0,938085000.0,4387156740.0,5574574740.0,23.115701079328204,1.140258728981025,0.4351260892689706,1.2573401857437339,0.015060597705311062,23.115701079328204,0.021842843338529525,9.664745844109497,52.56850004792945,4.592982044353619,0.6918615797546013,1.277455087598578,0.003290285908499362,0.1644624050942934,0.4675890896001528,0.007559124498026889,-431.2549631377175,0.16568928522648668,-0.6345837533825012,2.1815853787261137,0.6568563627318161,0.08027342497551147,-0.42763648539640503,-0.630993438389841,-0.5771719539460077,2.357654198405001,0.3188363548720175,-0.027448886199826876,Building Materials,Basic Materials,MLM
2007Q4,2007,Q4,2008-02-25,2007-12-31,56541000.0,530411000.0,101533000.0,1.368302599099753,131406000.0,0.24774373080497952,2683805000.0,945991000.0,626010000.0,506616000.0,1737814000.0,286885000.0,931656000.0,5479297200.0,6589932200.0,22.893156187987028,1.2356696195935384,0.4212947661994817,1.1952259588093332,0.032151506044213185,22.893156187987028,0.05976906757041029,10.330285759533645,24.22709715074017,5.792124026549935,0.25889177764807836,1.3908186207016748,0.002671510499558228,0.1976339562673145,0.5289094698943578,0.021067476959019005,99.9671087920308,0.24774373080497952,-0.3545742457076637,13.616053506527338,0.5656959900737742,0.03348003029911908,-0.21485845392732097,-0.3736179735448563,-0.2586018050646961,0.7408716065699357,0.38654344839356414,-0.06591912674112203,Building Materials,Basic Materials,MLM
2007Q3,2007,Q3,2007-10-30,2007-09-30,90266000.0,620217000.0,136948000.0,2.12,167366000.0,0.2698507135405834,2721950000.0,987283000.0,690860000.0,316631000.0,1734667000.0,285252000.0,963622000.0,5748582990.0,6851059990.0,23.609608532415045,2.1819089097403603,0.4147372288249233,1.1434350637051383,0.04807354054616366,23.609608532415045,0.09142869876215837,9.268664015981503,15.921230003545078,5.822629367668642,0.16206545100037667,1.5875471512907886,0.002544801044961517,0.22785760208673927,1.0756811556670067,0.033162255001010305,113.13435782885932,0.2698507135405834,0.10416666666666677,1.707329911913807,0.4947700170404192,0.05573595376285218,-0.05985777038792958,0.08817147265888707,0.0025842820015373916,0.9273169754902568,0.4128129334742789,-0.024961120096508357,Building Materials,Basic Materials,MLM
2007Q2,2007,Q2,2007-08-07,2007-06-30,82952000.0,595101000.0,136595000.0,1.92,178022000.0,0.29914585927430803,2667727000.0,904337000.0,691283000.0,353371000.0,1763390000.0,297800000.0,861299000.0,6879045160.0,8030821160.0,21.299566630552548,1.9562527768266214,0.44332347350384804,1.3077713286086934,0.044668934480521276,21.299566630552548,0.0917268673072096,11.55945824322258,20.73200513550005,7.606727536305603,0.14304658115536695,1.4005339153794494,0.0017249486991302147,0.2230741751311135,0.9320289440842627,0.031094635995362344,266.27874738716423,0.29914585927430803,1.63013698630137,0.783064941694833,0.4359114325591982,-0.021566567627908022,0.8982938792919599,1.51445892694756,1.3624587073453363,1.1064564578021303,0.43586909685371816,-0.08973848742450365,Building Materials,Basic Materials,MLM
2007Q1,2007,Q1,2007-05-09,2007-03-31,32990000.0,462186000.0,57819000.0,0.73,93780000.0,0.20290532383066556,2560527000.0,1001117000.0,621208000.0,627674000.0,1559410000.0,281467000.0,974106000.0,6022889599.999999,6971422599.999999,22.472770943701175,0.9896984740486303,0.3775164253296294,0.9655624667246685,0.019457271835445836,22.472770943701175,0.032953191285334284,13.03131120371452,45.641782358290385,6.0161695386253555,0.3782055168232798,1.3088781278089439,0.002071596995568373,0.18050424775837162,0.4316141818842265,0.012884066444134352,-7417.3517241379295,0.20290532383066556,-0.4793961515064195,4.408579833381529,0.5181203563135693,0.0871650307261061,-0.3165071752898905,-0.471872698748119,-0.43508549096238397,6.468726137137902,0.42824653223960835,-0.004193134806324453,Building Materials,Basic Materials,MLM
