Quarters,Year,Quarter,FillingDate,Date,NetIncome,Revenue,OperatingIncome,EPSDiluted,GrossProfit,GrossProfitRatio,TotalAssets,CommonStockEquity,CurrentAssets,CurrentLiability,TotalLiability,Inventory,RetainedEarnings,MarketCap,EnterpriseValue,bookValuePerShare,currentRatio,debtToAssets,debtToEquity,roic,shareholdersEquityPerShare,roe,priceToSalesRatio,peRatio,pbRatio,payoutRatio,inventoryTurnover,dividendYield,assetTurnover,quickRatio,returnOnAssets,priceToFreeCashFlowsRatio,grossProfitMargin,epsdilutedGrowth,fiveYNetIncomeGrowthPerShare,fiveYRevenueGrowthPerShare,fiveYShareholdersEquityGrowthPerShare,grossProfitGrowth,netIncomeGrowth,operatingIncomeGrowth,threeYNetIncomeGrowthPerShare,threeYRevenueGrowthPerShare,threeYShareholdersEquityGrowthPerShare,Industry,Sector,Symbol
2023Q1,2023,Q1,2023-05-02,2023-03-31,7375000.0,21873000.0,77549000.0,0.05,21873000.0,1.0,5383772000.0,1309057000.0,198118000.0,2736000.0,4074715000.0,0.0,-409770000.0,561999547.56,4409957547.559999,16.910607599706942,72.41154970760233,0.7447347324515229,3.0628780870504495,0.014225958355723623,16.910607599706942,0.005633826487311095,25.693757031957205,19.050832120677963,0.4293163304271701,2.9985084745762713,0.0,0.03934878612627188,0.004062764916493492,107.58881578947368,0.0013698574159529786,23.942382633664206,1.0,-0.8936170212765958,-0.770892516352005,-0.48235116695822894,-0.14364831035204378,-0.014995947041340179,-0.7962369453500581,-0.1152225756763141,1.0312941298886715,64.87182345851728,0.05007422800249674,REIT—Mortgage,Real Estate,TRTX
2022Q4,2022,Q4,2023-02-21,2022-12-31,36194000.0,35497000.0,87648032.0,0.47,22206000.0,0.6255739922,5545138000.0,1321996000.0,5275132000.0,1459000.0,4223142000.0,0.0,-395027000.0,520499373.2399999,4426966373.24,17.245655425335247,3615.5805346127486,0.750299992534,3.147147949010436,0.015898107332241486,17.245655425335247,0.027378297665045886,14.663193318872015,3.595204821517378,0.39372235108124376,0.603939879538045,0.0,0.04199620811055408,0.006401463768800704,3727.745030843043,0.006527159468348668,40.36130375620346,0.6255739921683523,1.3175675675675675,0.15176286704260566,-0.11113957676205746,-0.13301914705571605,0.3344951923076923,1.315809680036996,2.2053306929603806,0.09714082586239416,-0.1619324552327054,-0.12318156326635876,REIT—Mortgage,Real Estate,TRTX
2022Q3,2022,Q3,2022-11-01,2022-09-30,-114607000.0,29931000.0,-72717000.0,-1.48,16640000.0,0.555945341,5663638000.0,1306394000.0,5573782000.0,1653000.0,4357244000.0,0.0,-409103000.0,541824409.0,4604734409.0,16.87771508278432,3371.9189352692074,0.759053456453255,3.290740771926387,-0.012986838374891056,16.87771508278432,-0.08772774522846859,18.10244926664662,-1.1819182270716448,0.4147480844216982,-0.19086094217630686,0.0,0.040371012521143175,0.005284765728318088,3379.369026013309,-0.02023558002824333,31.019889448674643,0.5559453409508537,-20.02272727272727,-5.179358191805991,-0.1757830906480201,-0.17992476149466724,-0.5565031982942431,-20.090725064409273,-4.764209545501605,-4.323407317965789,-0.3438935350318275,-0.14676614910853944,REIT—Mortgage,Real Estate,TRTX
2022Q2,2022,Q2,2022-08-02,2022-06-30,-5434000.0,50811000.0,19318000.0,-0.0704,37520000.0,0.7384227825,5395089000.0,1441928000.0,5086192000.0,1064000.0,3953161000.0,0.0,-272637000.0,695466501.91,4239781501.91,18.68065714785679,4780.255639097744,0.722936915405844,2.70492632087039,0.0036963549846597216,18.68065714785679,-0.0037685654207422286,13.687321680541615,-31.996066521439086,0.48231707956985365,-4.020794994479205,0.0,0.03141632262660362,0.009418009600953757,5024.450187969925,-0.001007212299926841,21.42797947713828,0.7384227824683631,-1.2427586206896553,-1.1097404845010472,-0.16540971615842698,-0.26536754473565655,-0.013669821240799159,-1.2285017450906186,-0.5833674811827377,-1.1628754595075672,0.16453630829805477,-0.05671470420800812,REIT—Mortgage,Real Estate,TRTX
2022Q1,2022,Q1,2022-05-03,2022-03-31,23781000.0,38040000.0,46367000.0,0.29,38040000.0,1.0,5515056000.0,1467908000.0,382003000.0,3269000.0,4047148000.0,0.0,-245329000.0,911542532.1700001,4563552532.17,19.01830454222501,116.85622514530438,0.7259367810589774,2.727406622213381,0.008444109651754489,19.01830454222501,0.01620060657752393,23.962737438748686,9.582676634393003,0.6209806964537288,1.1479752743787057,0.0,0.02994923334516291,0.006897482092656901,116.85622514530438,0.0043120142388400045,27.94685385443174,1.0,-0.47272727272727283,-0.20345352967263391,0.02690757628744405,0.18488230007239317,-0.29317328774759377,-0.47009670662685504,-0.3011334519036566,-0.25939183172927766,-0.09380070354653995,-0.1002383099715645,REIT—Mortgage,Real Estate,TRTX
2021Q4,2021,Q4,2022-02-23,2021-12-31,44878000.0,53818000.0,66346000.0,0.55,53818000.0,1.0,5218020000.0,1464706000.0,5196469000.0,1366000.0,3753314000.0,0.0,-247265000.0,949381972.0,4396643972.0,19.0072894284957,3804.1500732064424,0.7105946316802159,2.531495740442109,0.012923179531179663,19.0072894284957,0.030639595932562574,17.64060299528039,5.288682494763581,0.6481723786206924,0.4844467222246981,0.0,0.022900160990206794,0.01031387384486836,3804.278916544656,0.00860058029674091,27.01405565672661,1.0,0.7187500000000001,0.8446813717767073,0.7974164361907976,0.1883755969812812,0.0,0.5303665814151748,0.0,0.3923750215118042,0.31615884643141223,-0.02190539750393341,REIT—Mortgage,Real Estate,TRTX
2021Q3,2021,Q3,2021-11-02,2021-09-30,29325000.0,38640000.0,0.0,0.32,0.0,0.0,5200945000.0,1445467000.0,0.0,0.0,3755478000.0,0.0,-264840000.0,954005585.5000001,4399540585.5,18.757627556888135,0.0,0.7142544287624653,2.5699638940217935,0.0,18.757627556888135,0.020287561044285342,24.689585546066255,8.133039944586532,0.6599981774056413,0.6549360613810742,0.0,0.020131957602673806,0.00742941907672548,0.0,0.005638398406443444,26.527419444985128,0.0,-0.2402900064832824,-0.13858778060348975,-0.1108322393416413,0.0,0.0,-0.09465592294155784,0.0,-0.08784639143210717,-0.07207943127642251,-0.09244290711036497,REIT—Mortgage,Real Estate,TRTX
2021Q2,2021,Q2,2021-08-03,2021-06-30,32391000.0,39727000.0,0.0,0.4212133613231959,0.0,0.0,5202996000.0,1437191000.0,0.0,0.0,3765805000.0,0.0,-271866000.0,1034295181.5,4523713181.5,18.68926714128756,0.0,0.7167333974502383,2.594756716400256,0.0,18.68926714128756,0.022537714193868456,26.035068882623907,7.9828901662498835,0.7196643880319317,0.6709888549288383,0.0,0.021013343568399873,0.0076354085223206015,0.0,0.006225451643629939,29.789607762096775,0.0,0.40404453774398646,-0.02837333852125775,-0.11209948509320067,0.0,-1.0,0.013644187138163042,0.0,-0.04127879831276618,-0.09316377132877779,-0.05644655161608056,REIT—Mortgage,Real Estate,TRTX
2021Q1,2021,Q1,2021-05-04,2021-03-31,31955000.0,37626000.0,0.0,0.3,37626000.0,1.0,5269260000.0,1478231000.0,302362000.0,1682000.0,3791029000.0,0.0,-282534000.0,861230888.0,4315547888.0,19.223866016287143,179.76337693222354,0.7127991406762999,2.540823457226915,0.0,19.223866016287143,0.02161705443871763,22.88924913623558,6.737841401971522,0.5826091375434557,1.1141292442497261,0.0,0.04133850805406784,0.00714066111750037,197.2461355529132,0.006064418912712601,32.6966927866363,1.0,0.6666666666666666,0.552116278788756,0.48815576016246615,0.0,0.0,1.1903488930015764,0.0,-0.0006586835072116705,-0.1035775839243521,-0.026505106481288697,REIT—Mortgage,Real Estate,TRTX
2020Q4,2020,Q4,2021-02-24,2020-12-31,14589000.0,40255000.0,0.0,0.18,0.0,0.0,4908743000.0,1466451000.0,320454000.0,1418000.0,3442292000.0,0.0,-292858000.0,816631431.3,3885705431.3,19.070671325016388,225.9901269393512,0.690348425248582,2.310846390366947,0.0,19.070671325016388,0.009948508337475988,20.286459602533846,13.993958312769893,0.5568760437955308,1.4846802385358833,0.0,0.026523593349228956,0.008200673777380482,245.72425952045134,0.0029720439631897616,27.25102383621984,0.0,-0.5384615384615385,-0.3990448099911382,0.347316670399807,0.19233836607568228,0.0,-0.6205425650896038,0.0,-0.537191979341415,0.004871691701689233,-0.04127117909979958,REIT—Mortgage,Real Estate,TRTX
2020Q3,2020,Q3,2020-11-04,2020-09-30,38447000.0,48090000.0,0.0,0.39,0.0,0.0,5152642000.0,1486001000.0,226189000.0,191000.0,3666641000.0,0.0,-271750000.0,649359237.0600001,4049920237.06,19.359959391535387,1184.235602094241,0.7037389750733701,2.4401834184499203,0.0,19.359959391535387,0.025872795509558875,13.502999315034312,4.222431119853304,0.43698438766864894,1.42747158425885,0.0,0.08451716225441014,0.009333076119008462,1465.6178010471203,0.00746160901533621,20.65326284342101,0.0,-0.25,0.13383818268592848,0.11100747287990108,0.0,0.0,-0.10438408497950057,0.0,0.4138611902502229,0.3354294103404873,-0.05931441326074514,REIT—Mortgage,Real Estate,TRTX
2020Q2,2020,Q2,2020-07-29,2020-06-30,42928000.0,44140000.0,0.0,0.52,0.0,0.0,5296304000.0,1468053000.0,196273000.0,1800656000.0,4025083000.0,0.0,-288540000.0,659138726.8,2363251726.8,19.154170869755063,0.10900083080832763,0.3588068207565125,1.2944696138354679,0.0,19.154170869755063,0.02924145109202461,14.932911798821928,3.8386293724375697,0.4489883722181692,0.05255311218784942,0.0,0.0034226482351484254,0.008334113751778598,0.170190197350299,0.008105274923795916,19.882921383970316,0.0,1.1704918032786886,0.291991219480421,-0.010183461856115975,0.0,0.0,1.184406546672967,0.0,-0.12690612315907748,-0.26983508833238157,-0.24674622186857562,REIT—Mortgage,Real Estate,TRTX
2020Q1,2020,Q1,2020-05-11,2020-03-31,-232790000.0,328000.0,0.0,-3.05,0.0,0.0,5826301000.0,1231413000.0,708429000.0,1899019000.0,4594888000.0,0.0,-313765000.0,419794617.78000003,2809825617.78,16.10420211138325,0.3730499800159977,0.32419402979695006,1.533889929698647,0.0,16.10420211138325,-0.18904299369910826,1279.8616395731708,-0.45082973686584477,0.34090481242280213,-0.1410498732763435,0.0,0.0782168198669181,5.6296439198730035e-05,0.4065730779944803,-0.039955024637415744,11.186766982358899,0.0,-8.093023255813954,-12.370689628570402,-0.9869541844092112,0.0,0.0,-8.07417874616343,0.0,-8.870600032998528,-0.9910622703981121,0.0033272943022322763,REIT—Mortgage,Real Estate,TRTX
2019Q4,2019,Q4,2020-02-19,2019-12-31,32907000.0,42250000.0,0.0,0.43,0.0,0.0,5892870000.0,1503954000.0,894841000.0,2371777000.0,4388916000.0,0.0,-28108000.0,1549952076.94,4141456076.94,19.668445259407918,0.3772871564232219,0.31956143610838184,1.2521220728825482,0.0,19.668445259407918,0.02188032346734009,36.68525625893491,11.775245973045248,1.0305847631908955,0.9719816452426535,0.0,0.02063612190071485,0.007169681326755893,0.38406899130904804,0.005584205998096004,45.85792706707299,0.0,-0.02272727272727275,0.3631445455324256,0.42204591353059223,0.22971244609981145,0.0,-0.0035730507191521575,0.0,0.3631445455324256,0.42204591353059223,0.22971244609981145,REIT—Mortgage,Real Estate,TRTX
2019Q3,2019,Q3,2019-10-28,2019-09-30,33025000.0,43688000.0,0.0,0.44,0.0,0.0,5862961000.0,1466295000.0,762061000.0,866488000.0,4396666000.0,0.0,-28177000.0,1470677497.6,2885904497.6,19.78087843696127,0.879482462538431,0.15056300050435267,0.6020241493014707,0.0,19.78087843696127,0.022522752924888922,33.663191210401024,11.133062056018169,1.0029888239406122,0.9685389856169568,0.0,0.02174915986149104,0.007451524920598994,0.9737861343723168,0.0056328193211587115,42.16996408888889,0.0,0.023255813953488393,0.008487051986980456,0.04511299203391253,0.0,0.0,0.033031999749757575,0.0,0.008487051986980456,0.04511299203391253,0.0,REIT—Mortgage,Real Estate,TRTX
2019Q2,2019,Q2,2019-07-29,2019-06-30,31969000.0,41809000.0,0.0,0.43,0.0,0.0,5824634000.0,1464757000.0,780143000.0,1219596000.0,4359877000.0,0.0,-29220000.0,1434149104.43,2919145104.4300003,19.803825238442123,0.6396733016507106,0.2669760881112873,1.061635479468608,0.0,19.803825238442123,0.02182546319969797,34.30240150278648,11.215154559338734,0.9791037724550898,0.9884888485720542,0.0,0.02203466843327965,0.007177961739741931,0.2578042236937478,0.0054885852055253604,53.19938810112026,0.0,0.023809523809523832,-0.0029662972945106365,-0.028474872464276053,0.0,0.0,0.12519358017738982,0.0,-0.0029662972945106365,-0.028474872464276053,0.0,REIT—Mortgage,Real Estate,TRTX
2019Q1,2019,Q1,2019-04-29,2019-03-31,28412000.0,37143000.0,0.0,0.42,0.0,0.0,5119061000.0,1443549000.0,388195000.0,1341057000.0,3675512000.0,0.0,-29200000.0,1345406299.2,2840312299.2,21.13704634570957,0.2894694259826391,0.3028557385817438,1.0739760132839273,0.0,21.13704634570957,0.019682047509298264,36.22233796946935,11.8383631845699,0.9320129065241292,1.022032943826552,0.0,0.021583071238232242,0.007255822894081551,0.06715523650374294,0.005550236654730233,51.68080125993931,0.0,0.0,0.5538231304561904,0.6540615300970325,0.0,0.0,-0.0053562051461578854,0.0,0.5538231304561904,0.6540615300970325,0.0,REIT—Mortgage,Real Estate,TRTX
2018Q4,2018,Q4,2019-02-26,2018-12-31,28565000.0,36239000.0,0.0,0.42,0.0,0.0,4526790000.0,1327170000.0,134832000.0,1093882000.0,3199620000.0,0.0,-25915000.0,1248427774.0800002,2864512774.08,19.43297650348923,0.12326009569587945,0.36577906198432003,1.2476208775062727,0.0,19.43297650348923,0.021523241182365486,34.44984061591104,10.926201418519168,0.9406690733515677,1.0123577805006125,0.0,0.02316353464765749,0.00800545198694881,0.14348256941790796,0.006310210988360406,42.306678439798034,0.0,0.0,0.32484520569307596,0.36565312087082086,0.21499044565687628,0.0,0.06490456307784075,0.0,0.32484520569307596,0.36565312087082086,0.21499044565687628,REIT—Mortgage,Real Estate,TRTX
2018Q3,2018,Q3,2018-11-05,2018-09-30,26824000.0,34744000.0,0.0,0.42,0.0,0.0,4302153000.0,1328886000.0,140955000.0,1698360000.0,2973267000.0,0.0,-25070000.0,1276275064.0500002,2066319064.0500002,20.668261758788532,0.08299477142655268,0.19437872153779748,0.6292842275409629,0.0,20.668261758788532,0.020185328162084633,36.73368247898918,11.894898822416494,0.960409744741084,0.965963316433045,0.0,0.020302049871425597,0.008075956387418114,0.04011281471537248,0.006235017676033372,49.03281201928619,0.0,-0.0454545454545455,-0.05562811865761078,-0.04176306611946981,0.0,0.0,0.014600196686587488,0.0,-0.05562811865761078,-0.04176306611946981,0.0,REIT—Mortgage,Real Estate,TRTX
2018Q2,2018,Q2,2018-08-06,2018-06-30,26438000.0,34281000.0,0.0,0.44,0.0,0.0,4122589000.0,1191913000.0,278715000.0,1616600000.0,2930676000.0,0.0,-22828000.0,1222763579.3600001,2114770579.3600001,19.807322174803968,0.172408140541878,0.22667818693544275,0.784034572993163,0.0,19.807322174803968,0.022181149127495043,35.66884219713544,11.5625574869506,1.0258832476531425,0.9572206672214237,0.0,0.020696560174981494,0.008315405683176276,0.06026970184337498,0.006412960399399504,42.597581583696225,0.0,0.047619047619047665,0.013461118590885834,-0.020881073302694574,0.0,0.0,0.05271959863024608,0.0,0.013461118590885834,-0.020881073302694574,0.0,REIT—Mortgage,Real Estate,TRTX
2018Q1,2018,Q1,2018-05-07,2018-03-31,25114000.0,32966000.0,0.0,0.42,0.0,0.0,3841899000.0,1192613000.0,242195000.0,1593400000.0,2649286000.0,0.0,-23355000.0,1201233040.02,2100662040.02,19.747269497020373,0.15199887034015314,0.2534712651217536,0.816535623877989,0.0,19.747269497020373,0.02105796264169517,36.43854395498392,11.957802819343794,1.007227860185995,0.9186509516604284,0.0,0.019206098426676543,0.008580652432560044,0.059314045437429394,0.006536871479442849,51.216553254029165,0.0,0.024390243902439046,0.5531393060340428,0.6601054742442793,0.0,0.0,0.014379190564665967,0.0,0.5531393060340428,0.6601054742442793,0.0,REIT—Mortgage,Real Estate,TRTX
2017Q4,2017,Q4,2018-02-26,2017-12-31,24758000.0,31463000.0,0.0,0.41,0.0,0.0,3355385000.0,1201331000.0,177793000.0,1866200000.0,2154054000.0,0.0,-14808000.0,1150502232.9,1363351232.9,19.891622019988866,0.09527006751687922,0.08579820199470403,0.23963920018712578,0.0,19.891622019988866,0.020608808063722655,36.56683192638973,11.617479530858713,0.9576896233427757,0.8134744325066645,0.0,0.017505398446063285,0.009376867334150924,0.049436823491587185,0.007378586957979487,48.07782001253657,0.0,0.17142857142857143,0.2984977856556822,0.34078478031181075,0.2436659252155721,0.0,0.19080371314511085,0.0,0.2984977856556822,0.34078478031181075,0.2436659252155721,REIT—Mortgage,Real Estate,TRTX
2017Q3,2017,Q3,2017-11-06,2017-09-30,20791000.0,27533000.0,0.0,0.35,0.0,0.0,3042682000.0,1207798000.0,164747000.0,1573000000.0,1834884000.0,0.0,-8968000.0,1160221804.83,1357295804.83,20.5806910028714,0.10473426573426574,0.08606716048538757,0.21682019675475533,0.0,20.5806910028714,0.017213971210417636,42.13931663204155,13.951010110504544,0.9606091455938824,0.9869655139242942,0.0,0.017686273361330825,0.009048924600073225,0.08250603941513032,0.006833116309887133,78.79265228047538,0.0,-0.45312500000000006,-0.1980555159836705,-0.16805226522858036,0.0,0.0,-0.1791298168035376,0.0,-0.1980555159836705,-0.16805226522858036,0.0,REIT—Mortgage,Real Estate,TRTX
2017Q2,2017,Q2,2017-08-24,2017-06-30,25328000.0,31141000.0,0.0,0.64,0.0,0.0,2586662000.0,1003972000.0,0.0,0.0,1582690000.0,0.0,-3073000.0,1009950532.04,1210899532.04,25.42857590076784,0.0,0.15525878526069506,0.4000131477770296,0.0,25.42857590076784,0.025227795197475627,32.43153823062843,9.968715769504106,1.0059548792595807,0.8404927353126974,0.0,0.021078260097551857,0.01203906811172082,0.0,0.009791770242884459,36.71879774731867,0.0,0.6537467700258398,0.4797849964945081,0.3556068257008531,0.0,0.0,0.07893503727369543,0.0,0.4797849964945081,0.3556068257008531,0.0,REIT—Mortgage,Real Estate,TRTX
2017Q1,2017,Q1,2017-03-31,2017-03-31,23475000.0,29127000.0,0.0,0.387,0.0,0.0,2863902000.0,974115000.0,0.0,0.0,1889787000.0,0.0,-7874000.0,1552437716.9599998,2195615716.96,16.050796388015115,0.0,0.2533117404156986,0.7447375309896676,0.0,16.050796388015115,0.024098797369920388,53.29892254471795,16.532883034717784,1.5936903927770334,0.7815122470713525,0.0,0.01181754333817999,0.01017038990859324,0.0,0.00819685869139377,62.34188888282065,0.0,0.209375,0.44470428949473795,0.4596341768980204,0.0,0.0,0.22520876826722339,0.0,0.44470428949473795,0.4596341768980204,0.0,REIT—Mortgage,Real Estate,TRTX
2016Q4,2016,Q4,2016-12-31,2016-12-31,19160000.0,23581000.0,0.0,0.32,0.0,0.0,2665583000.0,970689000.0,0.0,0.0,1694894000.0,0.0,-10068000.0,1552437716.9599998,3111960716.96,15.994345118477803,0.0,0.62374685012622,1.7128544775927201,0.0,15.994345118477803,0.019738556839523268,65.83426135278401,20.25623325887265,1.5993152461395976,0.8863778705636743,0.0,0.010939569307331885,0.008846469984239845,0.0,0.007187920991392877,86.69446121405036,0.0,-0.2755181743057992,0.0,0.0,0.0,0.0,0.0984978786836372,0.0,0.0,0.0,0.0,REIT—Mortgage,Real Estate,TRTX
2016Q3,2016,Q3,2016-09-30,2016-09-30,17442000.0,22265000.0,0.0,0.441695,0.0,0.0,,,,,,,,1009950532.04,,,0.0,0.0,0.0,0.0,,0.0,45.360455065798334,14.475841819172112,0.0,0.9320032106409816,0.0,0.016095837849765267,0.0,0.0,0.0,35.561638452112675,0.0,0.019348689509382413,0.0,0.0,0.0,0.0,0.019046506193035755,0.0,0.0,0.0,0.0,REIT—Mortgage,Real Estate,TRTX
2016Q2,2016,Q2,2016-06-30,2016-06-30,17116000.0,22972000.0,0.0,0.433311,0.0,0.0,,,,,,,,1009950532.04,,,0.0,0.0,0.0,0.0,,0.0,43.96441459341807,14.75155603003038,0.0,0.893491469969619,0.0,0.015142325801947602,0.0,0.0,0.0,47.51366823673315,0.0,0.6184021812205873,0.0,0.0,0.0,0.0,0.053357129669518125,0.0,0.0,0.0,0.0,REIT—Mortgage,Real Estate,TRTX
2016Q1,2016,Q1,2016-03-31,2016-03-31,16249000.0,19955000.0,0.0,0.26774,0.0,0.0,,,,,,,,1552437716.9599998,,,0.0,0.0,0.0,0.0,,0.0,77.79692893811074,23.885127037971564,0.0,1.5140008615914826,0.0,0.01584669048634939,0.0,0.0,0.0,85.43490820318088,0.0,0.0,0.0,0.0,0.0,0.0,0.0,0.0,0.0,0.0,0.0,REIT—Mortgage,Real Estate,TRTX
