Quarters,Year,Quarter,FillingDate,Date,NetIncome,Revenue,OperatingIncome,EPSDiluted,GrossProfit,GrossProfitRatio,TotalAssets,CommonStockEquity,CurrentAssets,CurrentLiability,TotalLiability,Inventory,RetainedEarnings,MarketCap,EnterpriseValue,bookValuePerShare,currentRatio,debtToAssets,debtToEquity,roic,shareholdersEquityPerShare,roe,priceToSalesRatio,peRatio,pbRatio,payoutRatio,inventoryTurnover,dividendYield,assetTurnover,quickRatio,returnOnAssets,priceToFreeCashFlowsRatio,grossProfitMargin,epsdilutedGrowth,fiveYNetIncomeGrowthPerShare,fiveYRevenueGrowthPerShare,fiveYShareholdersEquityGrowthPerShare,grossProfitGrowth,netIncomeGrowth,operatingIncomeGrowth,threeYNetIncomeGrowthPerShare,threeYRevenueGrowthPerShare,threeYShareholdersEquityGrowthPerShare,Industry,Sector,Symbol
2023Q1,2023,Q1,2023-05-05,2023-03-31,29031000.0,4030327000.0,51499000.0,0.7,222064000.0,0.0550982588,2924746000.0,759288000.0,950848000.0,773038000.0,2165458000.0,385303000.0,0.0,1054245720.0,2568425720.0,22.341199317365973,1.2300145659074975,0.5201306369852288,2.003521720348537,0.01871709345981662,22.341199317365973,0.03823450390365711,0.2615782094107997,9.078620440219076,1.3884661946455101,2.027418965932968,9.883813518192175,0.05582948916311465,1.3780092356737987,0.5812456826184482,0.009925990154358704,-30.553418924793508,0.05509825877652111,-0.5454545454545455,-0.5131314040957129,0.4237866027818715,0.0,-0.2112972197360383,-0.4949022200570673,-0.34846031223906276,7.830953555752002,0.5476646241790105,0.0,Oil & Gas Midstream,Energy,GLP
2022Q4,2022,Q4,2023-02-27,2022-12-31,57476000.0,4426951000.0,79042000.0,1.54,281556000.0,0.0636004329,3160885000.0,788444000.0,1169259000.0,971481000.0,2372441000.0,566731000.0,0.0,1180198110.0,2607703110.0,23.22847126064284,1.2035840124510928,0.45289373071149375,1.8156584361096033,0.02879228581100206,23.22847126064284,0.07289801178016447,0.26659389498551034,5.133438783144269,1.4968699235456167,0.4543461618762614,7.314572522060731,0.022126793610947233,1.400541620463889,0.49950230627258796,0.018183515059864562,-8.559727512728644,0.06360043289388113,-0.5064102564102564,2.070572049545387,0.8279939773543138,0.0,-0.14258828975056262,-0.4842380136218021,-0.4405967571852198,70.25798934587839,0.31890886976174304,0.0,Oil & Gas Midstream,Energy,GLP
2022Q3,2022,Q3,2022-11-04,2022-09-30,111439000.0,4626747000.0,141297000.0,3.12,328379000.0,0.0709740559,2975262000.0,749460000.0,1001101000.0,825241000.0,2225802000.0,427731000.0,105949000.0,839445750.0,2102023750.0,22.096883568711856,1.2131013849287662,0.4295635140703575,1.7053131588076749,0.05223100512405235,22.096883568711856,0.14869239185546926,0.18143325105090033,1.8831956272041208,1.1200674485629654,0.2263390733944131,10.049231877044217,0.03004720674325887,1.5550721247406112,0.5441283213025043,0.0374551888203459,4.987764481494465,0.07097405585392934,-0.32321041214750545,6.429897882617642,1.1250211975990076,0.0,0.16663232389262317,-0.3155146891718415,0.2849387072132698,6.378524323576927,0.42333560678762616,0.0,Oil & Gas Midstream,Energy,GLP
2022Q2,2022,Q2,2022-08-05,2022-06-30,162807000.0,5323650000.0,109964000.0,4.61,281476000.0,0.0528727471,3009568000.0,665297000.0,1077205000.0,933595000.0,2344271000.0,431029000.0,187588000.0,797308000.0,2157509000.0,19.6090839424664,1.1538247312806946,0.4544113972503695,2.055596222439001,0.04378780484867963,19.6090839424664,0.2447132633996546,0.149767171019883,1.2243146793442543,1.1984241624417367,0.1522109000227263,11.697992478464325,0.031080837016560725,1.768908361598741,0.5615004364847712,0.05409646833033844,2.3642083851014557,0.0528727470814197,4.179775280898877,66.82321925294201,1.519688914303435,0.0,0.36481152842832065,4.340560931605708,1.069482083709726,10.179297514954511,0.5100339644466692,0.0,Oil & Gas Midstream,Energy,GLP
2022Q1,2022,Q1,2022-05-06,2022-03-31,30485000.0,4500538000.0,53136000.0,0.89,206238000.0,0.045825188,3153072000.0,-3409000.0,1200401000.0,907933000.0,2620466000.0,511905000.0,0.0,925898310.0,2691453310.0,-0.10040349895443701,1.3221250907280604,0.5633835827408953,-521.0880023467292,0.023222860341259224,-0.10040349895443701,-8.942505133470226,0.20573058376576311,7.593064703952764,-271.6040803754767,0.7983270460882401,8.388861214483157,0.02628474394774519,1.4273502159164142,0.5938433783109547,0.009668348835675177,167.28063414634147,0.04582518801085559,0.56140350877193,0.31294144238113175,0.9586406072343678,0.0,0.06788244066111594,0.5781436040793084,0.34144555805205623,3.2527965533309455,0.5015399920425812,0.0,Oil & Gas Midstream,Energy,GLP
2021Q4,2021,Q4,2022-02-28,2021-12-31,19317000.0,4091895000.0,39611000.0,0.57,193128000.0,0.047197692,2831165000.0,-1902000.0,1065085000.0,839600000.0,2303398000.0,509517000.0,0.0,797555970.0,2359115970.0,-0.05601861396636527,1.2685624106717484,0.5553929212885862,-826.7134595162986,0.01920723341572588,-0.05601861396636527,-10.156151419558359,0.19491115241226864,10.321944013045503,-419.324905362776,1.2374592328001242,7.651887964484011,0.02997156425272574,1.445304318187036,0.5040281086231538,0.006822986297160356,-9.383121801432958,0.04719769202288915,-0.33720930232558144,1.2911565744305118,0.7476847332811565,0.0,-0.048902284076470764,-0.42572167553586826,-0.26213140100217946,-0.634465895787712,0.24222854307240912,0.0,Oil & Gas Midstream,Energy,GLP
2021Q3,2021,Q3,2021-11-05,2021-09-30,33637000.0,3323910000.0,53683000.0,0.86,203058000.0,0.06109010171755553,2676991000.0,0.0,924151000.0,679542000.0,2142945000.0,413387000.0,0.0,717938460.0,2167753460.0,0.0,1.3599615623464039,0.5473234687752032,0.0,0.028004761595672653,0.0,0.0,0.2159921478018358,5.335928144602669,0.0,0.7099027856229747,7.549468173890325,0.033260510935714464,1.2416590119279445,0.5572635686977405,0.012565227152425988,5.706484011731884,0.06109010171755553,2.7391304347826084,1.278323120074965,0.6195564974347014,0.0,0.1404869555449465,1.7709860779306368,0.6271520368574199,3.404285195022622,-0.03564486950231988,0.0,Oil & Gas Midstream,Energy,GLP
2021Q2,2021,Q2,2021-08-06,2021-06-30,12139000.0,3279145000.0,32992000.0,0.23,178045000.0,0.05429616561634207,2709819000.0,0.0,958948000.0,718472000.0,2179200000.0,490952000.0,0.0,879698880.0,2429349880.0,0.0,1.3347047623289425,0.5741446199912245,0.0,0.015826697122170757,0.0,0.0,0.268270808396701,18.117202405469975,0.0,1.9054287832605652,6.316503446365429,0.026293087925722946,1.210097427171335,0.49875986816466056,0.004479634986690993,28.77371798645864,0.05429616561634207,2.15,2.6400027989380965,0.5089320658623774,0.0,0.22762562744773568,3.824994181987433,1.0708009038413255,0.8768670497049892,0.039928806515889544,0.0,Oil & Gas Midstream,Energy,GLP
2021Q1,2021,Q1,2021-05-07,2021-03-31,-4297000.0,2553327000.0,15932000.0,-0.2,145032000.0,0.056801185277091416,2684084000.0,0.0,925019000.0,674895000.0,2139390000.0,468841000.0,0.0,725535120.0,2289119120.0,0.0,1.3706117247868186,0.5868601727814777,0.0,0.007630841787103851,0.0,0.0,0.2841528405879858,-42.211724458924834,0.0,-4.888526879218059,5.136698795540492,0.028952423419558244,0.9512843115193116,0.48940501855844243,-0.0016009186001630352,-5.904227726962013,0.056801185277091416,-4.333333333333334,0.3963450045277096,0.43904664476740307,0.0,-0.1274276225543282,-1.9673570463755066,-0.5125891027013798,-1.0721037715818935,-0.09748606208626927,0.0,Oil & Gas Midstream,Energy,GLP
2020Q4,2020,Q4,2021-03-05,2020-12-31,4442000.0,2195547000.0,32687000.0,0.06,166212000.0,0.07570414115480106,2540500000.0,0.0,781430000.0,497531000.0,2045001000.0,384432000.0,0.0,564514920.0,2047364920.0,0.0,1.5706157003282208,0.5875079708718756,0.0,0.0165193952178886,0.0,0.0,0.25711812136110046,31.77143854119766,0.0,4.271274200810446,5.278787926083156,0.03360938626741699,0.8642184609328872,0.48125845424707203,0.0017484747097028144,22.09624706434946,0.07570414115480106,-0.8723404255319149,2.919603162475772,-0.001972204466363517,0.0,-0.017897554375121867,-0.756335710367526,-0.1865263053108357,-0.7628532761435767,-0.09402001588526136,0.0,Oil & Gas Midstream,Energy,GLP
2020Q3,2020,Q3,2020-11-05,2020-09-30,18230000.0,2061382000.0,40182000.0,0.47,169241000.0,0.08210074600437958,2486304000.0,0.0,737154000.0,409432000.0,1977239000.0,328706000.0,0.0,444743640.0,1927013640.0,0.0,1.8004308407745364,0.5981291909597539,0.0,0.018589672324472555,0.0,0.0,0.21575022970026905,6.099062534284146,0.0,0.9528250137136588,5.756332406466569,0.03905620775150377,0.8290949135745267,0.6094760546317826,0.007332168552196353,6.31845825993067,0.08210074600437958,-0.783410138248848,1.1942048924236426,-0.180476626717397,0.0,-0.29467340704405554,-0.7609556528808581,-0.6005368326871459,0.21518579466569435,-0.05342207769714003,0.0,Oil & Gas Midstream,Energy,GLP
2020Q2,2020,Q2,2020-08-06,2020-06-30,76262000.0,1469577000.0,100590000.0,2.17,239947000.0,0.16327623527042134,2522278000.0,0.0,768976000.0,427096000.0,2013772000.0,344026000.0,0.0,331577510.0,1858843510.0,0.0,1.8004757712551744,0.6096171793910108,0.0,0.048568349654958265,0.0,0.0,0.2256278575399588,1.0869683131834988,0.0,0.19811964018777373,3.5742356682343774,0.04556702292625335,0.5826387892214895,0.5869546893438478,0.030235366601143888,23.63346471846044,0.16327623527042134,42.4,8.682080185058693,-0.4975178319300531,0.0,0.6464271500912596,22.27899877899878,4.348540437071303,30.825072533419124,-0.3032360675068504,0.0,Oil & Gas Midstream,Energy,GLP
2020Q1,2020,Q1,2020-05-08,2020-03-31,3276000.0,2595093000.0,18807000.0,0.05,145738000.0,0.05615906636101288,2461185000.0,0.0,679002000.0,369502000.0,2021093000.0,214408000.0,0.0,298715760.0,1836249760.0,0.0,1.837613869478379,0.6468115968527356,0.0,-0.010139837189977883,0.0,0.0,0.11510792098780274,22.79576923076923,0.0,6.076007326007326,11.423804149098915,0.06663525218756453,1.0544079376397955,0.6887432273708938,0.0013310661327775035,2.3664965498665103,0.05615906636101288,1.625,-0.9026863516559178,-0.21298466485491144,0.0,-0.0348540738140807,4.956521739130435,-0.09065854366115463,-0.8585536799978497,0.13222267905259275,0.0,Oil & Gas Midstream,Energy,GLP
2019Q4,2019,Q4,2020-03-06,2019-12-31,-828000.0,3348911000.0,20682000.0,-0.08,151001000.0,0.045089582852455616,2808427000.0,0.0,1004512000.0,753887000.0,2349188000.0,450482000.0,0.0,682738560.0,2333465560.0,0.0,1.3324437216718155,0.5920641697291757,0.0,0.008097497623611115,0.0,0.0,0.2038688278070095,-206.1408695652174,0.0,-23.22463768115942,7.098862995635786,0.02816597908282784,1.1924507918489602,0.5744362218741005,-0.00029482696185444737,-15.007551931066319,0.045089582852455616,-1.2105263157894737,-1.0245176285748436,-0.21661667695624306,0.0,-0.1958150706453142,-1.0549071618037136,-0.5934901822041394,0.9874878625247726,0.4340241556192854,0.0,Oil & Gas Midstream,Energy,GLP
2019Q3,2019,Q3,2019-11-07,2019-09-30,15080000.0,3245653000.0,50877000.0,0.38,187769000.0,0.05785245680915366,2678245000.0,0.0,871382000.0,620568000.0,2196498000.0,393695000.0,0.0,664092650.0,2256768650.0,0.0,1.4041684392363125,0.5968296403054986,0.0,0.02345432900171139,0.0,0.0,0.20460987357551777,11.00949353448276,0.0,1.2603448275862068,7.767139536951193,0.028619500607332423,1.2118581384451386,0.5623299944566913,0.005630552843373179,5.511279533930305,0.05785245680915366,0.05555555555555561,-0.7152413175652428,-0.3568026321032833,0.0,0.12340331333050143,0.04078956449720478,0.3432871287128713,1.1248945691244516,0.5829205478044658,0.0,Oil & Gas Midstream,Energy,GLP
2019Q2,2019,Q2,2019-08-08,2019-06-30,14489000.0,3507540000.0,37875000.0,0.36,167143000.0,0.04765248578776008,2763915000.0,0.0,931408000.0,701168000.0,2277908000.0,426029000.0,0.0,666323700.0,2365015700.0,0.0,1.3283663829495926,0.6183757459979775,0.0,0.01682641790051129,0.0,0.0,0.1899689525992576,11.497061563945062,0.0,1.3384636620884809,7.84077375014377,0.02910447279602992,1.2690477094990258,0.5549055290600826,0.005242201731963537,19.713718934911242,0.04765248578776008,1.4,1.9194290138389984,-0.38048003728365865,0.0,0.06566397184463543,1.033258490036486,0.2720830254584537,2.968162803463681,0.6228285089698113,0.0,Oil & Gas Midstream,Energy,GLP
2019Q1,2019,Q1,2019-05-09,2019-03-31,7126000.0,2979626000.0,29774000.0,0.15,156844000.0,0.05263882111379079,2845990000.0,0.0,1009184000.0,780169000.0,2356468000.0,464866000.0,0.0,657170910.0,2372271910.0,0.0,1.293545372861521,0.6056728941422844,0.0,0.013511545798026877,0.0,0.0,0.22055483137816626,23.055392576480493,0.0,2.6658714566376647,6.07224877706694,0.028907244235749877,1.0469558923256934,0.5347392680303883,0.0025038738716580172,-6.7564298932823394,0.05263882111379079,-0.8979591836734695,-0.8990458491042781,-0.5296925562859824,0.0,-0.2929986837597591,-0.864344184275652,-0.6377902945219645,2.007428134119454,0.6899544560847832,0.0,Oil & Gas Midstream,Energy,GLP
2018Q4,2018,Q4,2019-03-08,2018-12-31,52530000.0,3274301000.0,82201000.0,1.47,221844000.0,0.06775308684204659,2424291000.0,0.0,874908000.0,582752000.0,1925097000.0,386442000.0,0.0,550125000.0,1829756000.0,0.0,1.5013384767448246,0.5311870563393586,0.0,0.05081928553695918,0.0,0.0,0.16801295910180525,2.6181467732724157,0.0,0.34563106796116505,7.898874863498274,0.03300340831629175,1.3506220994096831,0.5977379743012465,0.021668190823626372,2.910021423470602,0.06775308684204659,4.340909090909091,1.7050526271060407,-0.4483391101038151,0.0,0.6436054351208381,4.730823863636363,9.093443025540275,23.846039925990848,0.4979217510537557,0.0,Oil & Gas Midstream,Energy,GLP
2018Q3,2018,Q3,2018-11-08,2018-09-30,-14080000.0,3468835000.0,8144000.0,-0.44,134974000.0,0.038910469941637466,2575330000.0,0.0,1018861000.0,798286000.0,2108848000.0,481457000.0,0.0,627356460.0,2080712460.0,0.0,1.2763107457728182,0.569172494398776,0.0,0.005049919176377119,0.0,0.0,0.18085508823567567,-11.13914169034091,0.0,-1.1594460227272727,6.92452493161383,0.02602188873611025,1.3469477698003751,0.5327639467559245,-0.005467260506420536,-13.647381061149906,0.038910469941637466,-3.3157894736842106,-4.311198201289866,-0.373099184400402,0.0,-0.09571823852178399,-3.195540308747856,-0.7051305260871139,-2.6852625680931546,0.3713898059638326,0.0,Oil & Gas Midstream,Energy,GLP
2018Q2,2018,Q2,2018-08-09,2018-06-30,6413000.0,3126575000.0,27619000.0,0.19,149261000.0,0.0477394593125065,2278957000.0,0.0,877877000.0,608024000.0,1848975000.0,338320000.0,0.0,573766600.0,1862623600.0,0.0,1.4438196518558477,0.5688299515962785,0.0,0.01914371944622981,0.0,0.0,0.18351282153794488,22.367324185248716,0.0,2.4682675814751285,8.800289666587846,0.027587872838886054,1.3719324234726675,0.7150441429943555,0.00281400658283592,8.211093779068936,0.0477394593125065,-0.8901734104046243,-0.3995371057384298,-0.4666218829507738,0.0,0.03416476131088478,-0.8913824057450629,-0.6513060714330804,-0.18056743698159156,0.07594148456846042,0.0,Oil & Gas Midstream,Energy,GLP
2018Q1,2018,Q1,2018-05-09,2018-03-31,59042000.0,2802891000.0,79207000.0,1.73,144330000.0,0.05149326177864212,2355184000.0,0.0,936180000.0,662640000.0,1916790000.0,392950000.0,0.0,516558200.0,1865292200.0,0.0,1.4128033321260414,0.5776308772478074,0.0,0.053259040321339164,0.0,0.0,0.18429478706093103,2.187248907557332,0.0,0.2658107787676569,6.765647028884082,0.030381862101889003,1.190094277135035,0.6535086925027164,0.02506895427278718,-4.560374676660398,0.05149326177864212,2.145454545454545,2.233581863289148,-0.5928308760494346,0.0,-0.08402033394893665,2.182170960439797,4.308780160857909,0.7651011301544609,-0.14450958415356832,0.0,Oil & Gas Midstream,Energy,GLP
2017Q4,2017,Q4,2018-03-09,2017-12-31,18554000.0,2400492000.0,14920000.0,0.55,157569000.0,0.06564029373978335,2320169000.0,0.0,878135000.0,668657000.0,1925851000.0,350743000.0,0.0,561871500.0,1781821500.0,0.0,1.3132816974921373,0.5322060591275894,0.0,-0.03573629219245669,0.0,0.0,0.23406514164596257,7.570759674463726,0.0,0.8456397542308937,6.394776232169994,0.027924534346376352,1.0346194609099595,0.6518947681696295,0.007996831265308691,-17.43913529283963,0.06564029373978335,0.2500000000000001,-0.3281043488162457,-0.6137912572028021,0.0,0.0498021240022919,0.24707621992203252,-0.5658120653027966,-0.44699501225703764,-0.4347841262140132,0.0,Oil & Gas Midstream,Energy,GLP
2017Q3,2017,Q3,2017-11-08,2017-09-30,14878000.0,2159746000.0,34363000.0,0.44,150094000.0,0.06949613519367555,2148178000.0,0.0,722930000.0,476602000.0,1756410000.0,280510000.0,0.0,585405600.0,1717322600.0,0.0,1.5168421450182752,0.5319726763797041,0.0,0.027926653423794464,0.0,0.0,0.2710529849343395,9.836765694313751,0.0,1.0547788681274364,7.164279348329828,0.026807054800979016,1.0053850286149473,0.7289961015690241,0.006925869271540813,4.176218468211391,0.06949613519367555,5.285714285714286,0.7521297100749721,-0.6202878152302054,0.0,0.1088340893308314,5.267059814658804,0.38153821412776906,-0.7172102634667259,-0.5691874900100503,0.0,Oil & Gas Midstream,Energy,GLP
2017Q2,2017,Q2,2017-08-09,2017-06-30,2374000.0,2089530000.0,24873000.0,0.07,135362000.0,0.06478107517001432,2197580000.0,0.0,730780000.0,460964000.0,1804915000.0,370364000.0,0.0,605649700.0,1862469700.0,0.0,1.5853298739164012,0.5746057026365365,0.0,0.011861869714089934,0.0,0.0,0.2898497269720942,63.779454507160914,0.0,6.587615838247683,5.276344353122874,0.02582185708999773,0.9508322791434214,0.5871911906352774,0.0010802792162287608,7.437490175852245,0.06478107517001432,-0.8970588235294118,-0.8953877145342123,-0.5646639495093133,0.0,-0.03331500353503253,-0.8965397019088295,-0.45487420005259926,1.1515494339962569,-0.6287255224071872,0.0,Oil & Gas Midstream,Energy,GLP
2017Q1,2017,Q1,2017-05-09,2017-03-31,22946000.0,2270784000.0,45628000.0,0.68,140027000.0,0.06166460570446154,2328329000.0,0.0,856065000.0,577476000.0,1923021000.0,433952000.0,0.0,654303000.0,1980048000.0,0.0,1.4824252436464893,0.5754646357967452,0.0,0.030799306297694864,0.0,0.0,0.2881396909613596,7.12872613963218,0.0,0.6815131177547284,4.910121395914755,0.02390024193683966,0.9752848502080247,0.5704081208569707,0.009855136451936131,5.992499107036552,0.06166460570446154,1.3505154639175259,12.505824938904453,-0.5990179316297202,0.0,-0.09354730123383265,1.3501762632197414,1.9886890574214517,-0.672995724626425,-0.6394512435392331,0.0,Oil & Gas Midstream,Energy,GLP
2016Q4,2016,Q4,2017-03-10,2016-12-31,-65527000.0,2312430000.0,-46150000.0,-1.94,154478000.0,0.06680331945183206,2564020000.0,0.0,1075466000.0,799225000.0,2166179000.0,521878000.0,0.0,652236300.0,2095102300.0,0.0,1.3456360849573024,0.5666469060303742,0.0,-0.028057741446710478,0.0,0.0,0.2820566676612914,-2.4884257634257634,0.0,-0.23852762983197764,4.134974074400531,0.02396370763172795,0.9018767404310419,0.5436904501235572,-0.02555635291456385,-4.331292209818908,0.06680331945183206,0.4519774011299435,-5.219605141937564,-0.6356277137982679,0.0,0.16489582312176215,0.45189082483626236,0.6510344201802674,-4.396073026447458,-0.6078875723545492,0.0,Oil & Gas Midstream,Energy,GLP
2016Q3,2016,Q3,2016-11-07,2016-09-30,-119551000.0,2030198000.0,-132248000.0,-3.54,132611000.0,0.06531924472391362,2384520000.0,0.0,853449000.0,576051000.0,1907035000.0,438254000.0,0.0,541190340.0,1835922340.0,0.0,1.4815511126618996,0.549240518007817,0.0,-0.09230343529099155,0.0,0.0,0.2665702261552814,-1.1317143729454375,0.0,-0.13163419795735712,4.329879476285441,0.029078493899207438,0.8514074111351551,0.5178117909698967,-0.05013629577441162,9.290661791213886,0.06531924472391362,-15.09090909090909,-42.385741064636335,-0.6532404636317053,0.0,0.025274079571987445,-15.354445964432285,-12.092769669518537,-29.60367766430071,-0.6267156972947605,0.0,Oil & Gas Midstream,Energy,GLP
2016Q2,2016,Q2,2016-08-08,2016-06-30,-7310000.0,2146199000.0,11922000.0,-0.22,129342000.0,0.060265613766477384,2702969000.0,0.0,951223000.0,679867000.0,2054937000.0,443994000.0,0.0,459531780.0,1843374780.0,0.0,1.3991310065056841,0.5151509321786525,0.0,0.007250664714633151,0.0,0.0,0.2141142456966945,-15.715861149110808,0.0,-2.123529411764706,4.542532106289725,0.03378003584431092,0.7940153956630653,0.5451036746893142,-0.002704433532164076,-15.921688725660037,0.060265613766477384,-0.047619047619047665,-4.545394786467874,-0.5953746639776647,0.0,-0.005512882614813277,-0.04071753986332574,-0.16189806678383128,-1.6871872545216136,-0.6324054069540308,0.0,Oil & Gas Midstream,Energy,GLP
2016Q1,2016,Q1,2016-05-09,2016-03-31,-7024000.0,1750812000.0,14225000.0,-0.21,130059000.0,0.07428496034982625,2655438000.0,0.0,887501000.0,604855000.0,1983753000.0,402872000.0,0.0,452479500.0,1792768500.0,0.0,1.4672954675087417,0.5111616238074472,0.0,0.008796414207452872,0.0,0.0,0.2584397982193405,-16.104765802961275,0.0,-2.2252277904328017,4.0229973788200715,0.03454300139564334,0.6593307770695456,0.5437832207719205,-0.0026451380148962244,-6.467041605328226,0.07428496034982625,-1.9999999999999996,-1.516117398967934,-0.6995614211114033,0.0,-0.01934039087947883,-2.0780017528483787,-0.13933930300096806,-1.386236260464537,-0.7446394036011912,0.0,Oil & Gas Midstream,Energy,GLP
2015Q4,2015,Q4,2016-02-29,2015-12-31,-2282000.0,2169445000.0,16528000.0,-0.07,132624000.0,0.06113268600955544,2663675000.0,0.0,867035000.0,594734000.0,1969691000.0,388952000.0,0.0,588524720.0,1850862720.0,0.0,1.4578534269101817,0.4743273860362094,0.0,0.006173751341977605,0.0,0.0,0.2712789307864454,-64.47466257668712,0.0,-11.541191936897459,5.236689874328966,0.044750881492284636,0.8144555923676875,0.5297292571132641,-0.000856711122790881,18.688070621110125,0.06113268600955544,-1.4375,-1.190972344874929,-0.5745294768529533,1.0,-0.12918666570364876,-1.2778860204578666,-0.4399376503676595,-1.0830056209357888,-0.6494111764920419,0.0,Oil & Gas Midstream,Energy,GLP
2015Q3,2015,Q3,2015-11-06,2015-09-30,8212000.0,2486203000.0,29511000.0,0.16,152299000.0,0.06125766882269871,2714742000.0,0.0,910482000.0,603661000.0,1996242000.0,383933000.0,0.0,949933230.0,2225813230.0,0.0,1.5082670571728172,0.47026384091011225,0.0,0.01983951955782692,0.0,0.0,0.3820819257317283,28.91905839016074,0.0,3.170969313200195,6.078935647626018,0.027412452978405652,0.9158155728979034,0.6336321213396261,0.0030249651716443035,33.34971317230726,0.06125766882269871,0.06666666666666674,7.6581773423888615,-0.1882832222942709,0.0,0.05625294754071074,0.1377112773621502,0.26407093292212797,-0.02964251814103467,-0.5614192558135525,0.0,Oil & Gas Midstream,Energy,GLP
2015Q2,2015,Q2,2015-08-07,2015-06-30,7218000.0,2680088000.0,23346000.0,0.15,144188000.0,0.05379972597914695,2781710000.0,0.0,967933000.0,654511000.0,2044134000.0,429039000.0,0.0,1006840279.9999999,2285139280.0,0.0,1.4788643735552192,0.4635587462388243,0.0,0.01869371596174209,0.0,0.0,0.37567433606657685,34.87255056802438,0.0,3.153366583541147,5.9106514792361535,0.022606366125916218,0.963467794989413,0.5989738904311769,0.002594806791505944,26.80261626514042,0.05379972597914695,-0.8369565217391304,4.448060253887694,-0.04550592289773113,0.0,-0.14457931394534818,-0.7626828867335197,-0.48506771361771583,-0.656138607695774,-0.39634383512351157,0.0,Oil & Gas Midstream,Energy,GLP
2015Q1,2015,Q1,2015-05-08,2015-03-31,30415000.0,2979116000.0,45338000.0,0.92,168558000.0,0.05657987134438538,2568784000.0,0.0,958028000.0,635378000.0,1925799000.0,371627000.0,0.0,1064845199.9999999,2219616200.0,0.0,1.5078079505428266,0.4520099782620882,0.0,0.037844707473284146,0.0,0.0,0.3574366355657181,8.752631925036988,0.0,0.7350649350649351,7.562846617710769,0.020995540009007885,1.1597378370466338,0.6627094422532729,0.011840232576970271,-8.321703657392934,0.05657987134438538,-0.01075268817204302,-0.0832161213466904,-0.3260063127693249,0.0,0.19104585185237527,0.08975277678251523,0.10926795850459972,17.723826759044414,-0.42313577457985396,0.0,Oil & Gas Midstream,Energy,GLP
2014Q4,2014,Q4,2015-03-13,2014-12-31,27910000.0,3532948000.0,40872000.0,0.93,141521000.0,0.040057481740461504,2039977000.0,0.0,961223000.0,707491000.0,1403821000.0,336813000.0,0.0,923324120.0,1520722120.0,0.0,1.3586363642788388,0.2954131345598504,0.0,0.06710811903213984,0.0,0.0,0.26134664874773134,8.27054926549624,0.0,0.6856323898244356,10.069168945379186,0.02072511654953842,1.7318567807382141,0.6598967336686968,0.013681526801527665,7.1366393049823,0.040057481740461504,-0.37999999999999995,0.15032883033191166,-0.019264113021781205,0.0,-0.08951651815871586,-0.34341770960760326,-0.2726107848371596,1.153400744526751,-0.3329974679301138,0.0,Oil & Gas Midstream,Energy,GLP
2014Q3,2014,Q3,2014-11-07,2014-09-30,42508000.0,4050458000.0,56190000.0,1.5,155435000.0,0.038374672691335154,2177694000.0,0.0,1115714000.0,864140000.0,1680538000.0,455709000.0,0.0,1132715610.0,1973482610.0,0.0,1.2911264378457195,0.3886276033271892,0.0,0.06602464463386748,0.0,0.0,0.2796512419089397,6.661779018067188,0.0,0.4384115931118848,8.547171550265631,0.016452496845170164,1.859975735801265,0.6227034971185225,0.019519730503918364,9.84661853680587,0.038374672691335154,4.0,8.857304502998288,0.5046413696543206,0.0,0.780714416643754,4.342086642031607,905.2903225806451,17.151700429180572,-0.14661840570115073,0.0,Oil & Gas Midstream,Energy,GLP
2014Q2,2014,Q2,2014-08-08,2014-06-30,-12719000.0,4569620000.0,62000.0,-0.5,87288000.0,0.01910180715245469,2207882000.0,0.0,1153165000.0,882817000.0,1735331000.0,490521000.0,0.0,1106923720.0,2041266720.0,0.0,1.3062333416778336,0.4307689450794925,0.0,6.569150060825346e-05,0.0,0.0,0.24223539812938494,-21.75728673637865,0.0,-1.4322666876326755,9.137900314155765,0.016457321919165307,2.069684883521855,0.6392933076730511,-0.005760724531474055,-31.902577168054876,0.01910180715245469,-1.2463054187192117,-7.692272871368892,0.8235692184078923,0.0,-0.44880368272491333,-1.22310121031398,-0.9990959858857151,-10.870671454749946,0.05991343340971381,0.0,Oil & Gas Midstream,Energy,GLP
2014Q1,2014,Q1,2014-04-01,2014-03-31,57010000.0,5116928000.0,68583000.0,2.03,158361000.0,0.030948451883630178,2306503000.0,0.0,1263430000.0,1008913000.0,1803038000.0,460478000.0,0.0,996662160.0000001,1877171160.0,0.0,1.252268530586879,0.3874146272517313,0.0,0.07632143633229092,0.0,0.0,0.19477744459175508,4.370558498509034,0.0,0.3116997018067006,10.768303806045022,0.01782951205852944,2.2184787966891872,0.6531246995528851,0.02471707168817903,24.87240548027252,0.030948451883630178,0.6916666666666665,0.44912986920377457,0.5024572409757115,0.0,0.36706664364640884,2.633756134871566,1.1107657269481719,4.150369584762518,0.07956512693705164,0.0,Oil & Gas Midstream,Energy,GLP
2013Q4,2013,Q4,2014-04-01,2013-12-31,15689000.0,4795236000.0,32492000.0,1.2,115840000.0,0.024157309462975337,2427922000.0,0.0,1374311000.0,972572000.0,1964742000.0,572806000.0,0.0,964979130.0,1869430130.0,0.0,1.4130686468456835,0.376316866851571,0.0,0.035635471121774176,0.0,0.0,0.20123704651866978,15.37668318567149,0.0,1.1044680986678566,8.169251020415288,0.01795686503603451,1.9750370893298879,0.7166698198179672,0.006461904459863208,-50.35899853877466,0.024157309462975337,12.333333333333332,-0.40569797772594407,0.33295039760782524,-1.0,0.20315745741587038,3.6049310243616084,1.3536399855124954,0.612893506046264,0.15527774893398183,1.0,Oil & Gas Midstream,Energy,GLP
2013Q3,2013,Q3,2013-11-07,2013-09-30,3407000.0,4433426000.0,13805000.0,0.09,96280000.0,0.02171683930215594,2364641000.0,0.0,1319871000.0,1050143000.0,1900411000.0,402221000.0,0.0,950368410.0000001,1818463410.0,0.0,1.2568488291594573,0.37348713821675256,0.0,0.006550234069518463,0.0,0.0,0.21436433358761375,69.73645509245671,0.0,4.975931904901673,10.782992434507397,0.01783834544753018,1.8748833332417056,0.7602431287929359,0.0014408106769695696,-10.505255123471803,0.02171683930215594,-0.689655172413793,0.6457294933751964,-0.06687988927489073,-1.0,-0.016115351993214587,-0.6081205429031517,-0.22163960306720795,3.4066532101147624,0.7756877748049321,0.0,Oil & Gas Midstream,Energy,GLP
2013Q2,2013,Q2,2013-08-08,2013-06-30,8694000.0,4771756000.0,17736000.0,0.29,97857000.0,0.020507544811595564,2223295000.0,0.0,1180235000.0,1018071000.0,1751845000.0,354161000.0,0.0,1113566100.0,1873151100.0,0.0,1.1592855508112891,0.34599906894946464,0.0,0.023055983818172837,0.0,0.0,0.2333661025417058,32.0211093857833,0.0,1.9289164941338854,13.19710244775681,0.01505972568669251,2.1462540958352356,0.7434835094998286,0.003910412248487043,41.056155292556134,0.020507544811595564,-0.43137254901960786,4.308075878732918,-0.009084626878618612,-1.0,0.020917664733130243,-0.41355817875210793,-0.17028443113772454,5.705457869731896,0.9254253999221275,0.0,Oil & Gas Midstream,Energy,GLP
2013Q1,2013,Q1,2013-05-09,2013-03-31,14825000.0,5589190000.0,21376000.0,0.51,95852000.0,0.01714953329552225,2433647000.0,0.0,1387783000.0,1204765000.0,1956786000.0,432578000.0,0.0,985540610.0,1756755610.0,0.0,1.1519117836258523,0.32221312293853627,0.0,0.031362110989743855,0.0,0.0,0.17632977408175424,16.6195718381113,0.0,1.0980101180438449,12.69906930079662,0.016516823188036867,2.296631352040785,0.7114814922412255,0.006091680510772516,3.643134001182907,0.01714953329552225,-0.3776617164333915,-0.1771545843927473,-0.01734279915484232,-1.0,-0.08602704197417854,-0.3479217066197493,-0.34523845988911694,-0.4995592105800832,0.4161072287908668,0.0,Oil & Gas Midstream,Energy,GLP
2012Q4,2012,Q4,2013-03-15,2012-12-31,22735000.0,5117259000.0,32647000.0,0.81949,104874000.0,0.020494174713454997,2329752000.0,0.0,1506933000.0,1045195000.0,1893291000.0,634667000.0,0.0,702195000.0,1542718000.0,0.0,1.4417721095106655,0.3633433944900573,0.0,0.03640681247255005,0.0,0.0,0.13722092237269992,7.721519683307676,0.0,0.657796349241258,7.897661293245119,0.021297502830410354,2.1964822865266345,0.6736025334985337,0.009758549407833966,24.39278146385521,0.020494174713454997,2.414541666666667,-0.02237393999434088,0.09898181875661749,-1.0,0.2693536673928831,2.2982736109096185,0.9423488814850072,-0.05321967838708328,0.43530539287338654,0.0,Oil & Gas Midstream,Energy,GLP
2012Q3,2012,Q3,2012-11-09,2012-09-30,6893000.0,4617194000.0,16808000.0,0.24,82620000.0,0.017893984961428955,2207296000.0,0.0,1398956000.0,997802000.0,1777681000.0,593727000.0,0.0,717733080.0,1565760080.0,0.0,1.402037678818042,0.38467881063527504,0.0,0.018022383665232896,0.0,0.0,0.15544789324425182,26.031230233570287,0.0,2.1350645582474974,7.6374731147480235,0.020504837257884222,2.0917874177273914,0.6842920739786049,0.0031228253936037577,-18.999207983693783,0.017893984961428955,-0.6363636363636364,0.3039440883177999,0.38244318024022916,-1.0,-0.08883374689826302,-0.6277072643802323,-0.38235402197479146,0.5909464506551088,0.7071306929180694,0.0,Oil & Gas Midstream,Energy,GLP
2012Q2,2012,Q2,2012-08-08,2012-06-30,18515000.0,3916063000.0,27213000.0,0.66,90675000.0,0.02315463259911804,1869794000.0,0.0,1061920000.0,648375000.0,1433269000.0,504086000.0,0.0,623077760.0,1425216760.0,0.0,1.6378176209755158,0.43143790171537616,0.0,0.03457403881298443,0.0,0.0,0.15910820637972373,8.413148258169054,0.0,0.7549014312719416,7.588760647984669,0.02243219209108025,2.0943820549215584,0.7022109118951224,0.009902160344936394,2.5586622699852577,0.02315463259911804,12.0,12.66503716310086,0.27380302174309973,-1.0,0.6391294130407275,14.225,2.4359848484848485,8.694943201830219,0.5552231618667851,0.0,Oil & Gas Midstream,Energy,GLP
2012Q1,2012,Q1,2012-05-09,2012-03-31,-1400000.0,3975481000.0,7920000.0,-0.06,55319000.0,0.013915045751696461,2161743000.0,0.0,1354190000.0,724474000.0,1727498000.0,671860000.0,0.0,547182650.0,1579320650.0,0.0,1.869204415893462,0.48090823007175226,0.0,0.007618314736437091,0.0,0.0,0.13763935735072058,-97.71118750000001,0.0,-7.87,5.83478998600899,0.020135872363643108,1.8390164788321275,0.7602577870289341,-0.0006476255503082467,-11.655327283958506,0.013915045751696461,-1.1301998567801574,-1.0204023751546618,0.2106840606726342,-1.0,-0.07023765504722848,-1.1393173450094536,-0.5562528014343344,-1.04118537048125,0.35095589703287133,0.0,Oil & Gas Midstream,Energy,GLP
2011Q4,2011,Q4,2012-03-12,2011-12-31,10049000.0,4106744000.0,17848000.0,0.46083,59498000.0,0.014487876527000466,1868851000.0,0.0,1412864000.0,771054000.0,1553562000.0,664144000.0,0.0,474579000.0,1264151000.0,0.0,1.8323800927042724,0.4248064719980352,0.0,0.02233031510916682,0.0,0.0,0.11556089203514999,11.806622549507415,0.0,1.0959299432779381,6.093928425160809,0.023205830852186884,2.197469996270436,0.8141764390042721,0.005377100689140012,-24.89398866974402,0.014487876527000466,4.760375,-0.5268207432026711,0.9544135063984331,-1.0,0.20737027942937153,4.4085037674919265,0.8202957674655788,-0.5216867456746593,0.4344296647402067,-1.0,Oil & Gas Midstream,Energy,GLP
2011Q3,2011,Q3,2011-11-04,2011-09-30,1858000.0,3765765000.0,9805000.0,0.08,49279000.0,0.013086052900273915,1617860000.0,0.0,1158452000.0,688148000.0,1300710000.0,598818000.0,0.0,379147859.99999994,1140275860.0,0.0,1.6834343774885636,0.4771735502453859,0.0,0.01270077720207254,0.0,0.0,0.10068282540200993,51.01558934337998,0.0,5.977933261571582,6.2063698820008755,0.029294639827322253,2.3276210549738545,0.6546251678418015,0.0011484306429480919,7.665127365356621,0.013086052900273915,3.0,-0.8440480760993425,0.9786915074401096,-1.0,0.10562922079378968,3.1910377358490565,0.4412759076877848,0.13744286655679055,0.004497507178309034,-1.0,Oil & Gas Midstream,Energy,GLP
2011Q2,2011,Q2,2011-08-05,2011-06-30,-848000.0,3412148000.0,6803000.0,-0.04,44571000.0,0.013062446294826602,1629176000.0,0.0,1163095000.0,543716000.0,1296493000.0,635709000.0,0.0,548537280.0,1347514280.0,0.0,2.139159046266801,0.49503552716219734,0.0,0.00843521388716677,0.0,0.0,0.16076010770927873,-161.715,0.0,-12.995283018867925,5.297356180264869,0.020089792256234616,2.0944010960141815,0.780959177217518,-0.0005205085270099731,-349.60948374760994,0.013062446294826602,-1.1025641025641024,-1.1275349246812454,0.7315420618192607,-1.0,-0.20762666666666665,-1.1022549137827082,-0.5793606628331169,0.5900620842355571,-0.09977181135923206,-1.0,Oil & Gas Midstream,Energy,GLP
2011Q1,2011,Q1,2011-05-06,2011-03-31,8293000.0,3551072000.0,16173000.0,0.39,56250000.0,0.015840287102035666,1633328000.0,0.0,1164396000.0,626410000.0,1286957000.0,618321000.0,0.0,531024000.0,1318177000.0,0.0,1.8588400568317875,0.4855117894262512,0.0,0.02039470365699874,0.0,0.0,0.14953906876571357,16.008199686482573,0.0,1.1648378150247196,5.652115972124512,0.018191268191268192,2.1741328134949014,0.7767053527242541,0.005077363517921691,-8.544919140719285,0.015840287102035666,0.19642911924410233,-0.6388569537346711,0.4523038778977009,-1.0,0.0839403399236906,0.28434257395075113,0.19481382978723405,-0.38422394420328704,-0.16478126813251384,-1.0,Oil & Gas Midstream,Energy,GLP
2010Q4,2010,Q4,2011-03-11,2010-12-31,6457000.0,2755274000.0,13536000.0,0.32597,51894000.0,0.01883442445288563,1672316000.0,-13762000.0,1197645000.0,751681000.0,1395500000.0,586831000.0,0.0,495940000.0,1264778000.0,-0.7603314917127072,1.5932889084598387,0.4704254459085484,-57.1646562999564,0.018733095816007045,-0.7603314917127072,-0.4691905246330475,0.17999661739630976,19.201641629239585,-36.03691323935474,1.3362242527489547,4.606743679185319,0.01739726579828205,1.647579763633189,0.7611712947380604,0.0038611123734987886,-8.079962202056079,0.01883442445288563,9.865666666666666,2.810957205642701,2.130758191602672,-1.1125929896780624,0.4786721755235789,12.480167014613778,1.102189781021898,-0.5750774374848666,-0.0944361079478159,-1.0621158741849845,Oil & Gas Midstream,Energy,GLP
2010Q3,2010,Q3,2010-11-05,2010-09-30,479000.0,1546839000.0,6439000.0,0.03,35095000.0,0.022688204784079017,1397205000.0,0.0,922095000.0,533874000.0,1168611000.0,531782000.0,0.0,420471220.0,1181579220.0,0.0,1.7271771991143978,0.5480226595238351,0.0,0.00840929868094554,0.0,0.0,0.2718261047206594,219.45262004175362,0.0,17.603340292275576,2.8427889623943647,0.020053691189613407,1.107095236561564,0.6053488276259942,0.0003428272873343568,-10.461564988057324,0.022688204784079017,1.4285714285714286,1.0779362117476092,-0.3970796155562817,-1.0,0.26646458085236907,1.4198071866783524,0.9613158696314347,-0.8538616325366419,-0.2530486304608021,-1.0,Oil & Gas Midstream,Energy,GLP
2010Q2,2010,Q2,2010-08-06,2010-06-30,-1141000.0,1530451000.0,3283000.0,-0.07,27711000.0,0.018106427451777287,1028892000.0,0.0,781036000.0,405288000.0,796025000.0,443296000.0,0.0,380463330.0,844592330.0,0.0,1.9271135587532817,0.45524700357277537,0.0,0.007008966695132366,0.0,0.0,0.2485955643140486,-83.36181638913233,0.0,-7.382997370727432,3.3899245650761567,0.022141424247114697,1.4874748758859044,0.6415931387063026,-0.0011089599297107956,-8.671726535077722,0.018106427451777287,-1.0660377358490567,-1.0732059486050949,-0.4669593400279138,-1.0,-0.389719646750501,-1.0774662230972911,-0.8314595205092664,-2.3627600328314617,-0.19440144746845386,-1.0,Oil & Gas Midstream,Energy,GLP
2010Q1,2010,Q1,2010-05-07,2010-03-31,14729000.0,1962384000.0,19479000.0,1.06,45407000.0,0.023138692529087068,962335000.0,0.0,774802000.0,394042000.0,713962000.0,443259000.0,0.0,303760600.0,644210600.0,0.0,1.966292933240619,0.35455428722845994,0.0,0.05565642317150474,0.0,0.0,0.1547916208040832,5.155825242718446,0.0,0.4399484011134497,4.324733395148209,0.021332588887433064,2.0391900949253636,0.693629105526822,0.015305480939589644,6.972743549719953,0.023138692529087068,0.1468882541331257,-0.03567813765182188,0.2065995870464974,-1.0,0.07978217445068012,0.2871624573975356,0.15698503207412687,-0.6278230938563137,0.03621196477083308,-1.0,Oil & Gas Midstream,Energy,GLP
2009Q4,2009,Q4,2010-03-12,2009-12-31,11443000.0,1698976000.0,16836000.0,0.92424,42052000.0,0.0247513796545684,1052703000.0,0.0,862858000.0,567635000.0,895283000.0,465923000.0,0.0,303072000.0,765010000.0,0.0,1.5200930175200613,0.4394401839835167,0.0,0.035370812051252566,0.0,0.0,0.17838509784717382,6.621340557546098,0.0,0.5665472341169274,3.5562185167935474,0.02139095660437124,1.6139176956843477,0.5956979396971646,0.010870112462869395,-3.4456445121535277,0.0247513796545684,5.1616,-0.2762087899204973,-0.27813945725553657,-1.0,0.4365456222457555,4.557552209810588,1.8055324112647892,-0.11421452978103666,0.32920470718768685,-1.0,Oil & Gas Midstream,Energy,GLP
2009Q3,2009,Q3,2009-11-06,2009-09-30,2059000.0,1285331000.0,6001000.0,0.15,29273000.0,0.02277467827353421,854252000.0,0.0,661051000.0,360143000.0,706933000.0,420301000.0,0.0,324475000.0,691491000.0,0.0,1.8355236669878354,0.430435047269424,0.0,0.014875450002486053,0.0,0.0,0.2524447010147581,39.39715881495872,0.0,3.156386595434677,2.9884725470555624,0.02002927806456584,1.5046274401464672,0.5579700285719839,0.0024102957909375687,83.71388028895768,0.02277467827353421,1.1428571428571426,1.4067081635808005,-0.1663365591290573,0.0,0.05340242542013027,1.2601536772777169,0.3189010989010989,-0.7128228509996765,0.12224676743586528,-1.0,Oil & Gas Midstream,Energy,GLP
2009Q2,2009,Q2,2009-08-07,2009-06-30,911000.0,1201149000.0,4550000.0,0.07,27789000.0,0.023135347904381556,825569000.0,0.0,630038000.0,349409000.0,672058000.0,369353000.0,0.0,242244450.0,675282450.0,0.0,1.803153324613848,0.528120605303736,0.0,0.009048043138785867,0.0,0.0,0.20167726901491823,66.47762074643249,0.0,7.172338090010977,3.1767983473804193,0.026972754174553845,1.4549347177522411,0.5570949803811579,0.0011034813564947327,-2.5526285563751316,0.023135347904381556,-0.95,-0.9242831509409142,-0.45805998379285967,-1.0,-0.4520448002523958,-0.951704394847055,-0.8052559493237459,-0.773780116412427,0.006424474217942628,-1.0,Oil & Gas Midstream,Energy,GLP
2009Q1,2009,Q1,2009-05-08,2009-03-31,18863000.0,1632955000.0,23364000.0,1.4,50714000.0,0.03105658147346375,757480000.0,0.0,561492000.0,319888000.0,600243000.0,227852000.0,0.0,160773300.0,419884300.0,0.0,1.7552768468964137,0.34601573638907956,0.0,0.08584220131192455,0.0,0.0,0.09845543814740762,2.130802364417113,0.0,0.34639240841859725,6.94416112213191,0.0406410765966737,2.1557730897185405,0.726557420097034,0.024902307651687175,1.4779946312673518,0.03105658147346375,0.44408800684910293,0.2835427664295003,0.043528279896751836,-1.0,0.425591724293023,0.4872664196168099,0.23065578087964184,0.2835427664295003,0.043528279896751836,-1.0,Oil & Gas Midstream,Energy,GLP
2008Q4,2008,Q4,2009-03-13,2008-12-31,12683000.0,1728343000.0,18985000.0,0.96947,35574000.0,0.020582719980929712,889262000.0,143468000.0,693307000.0,494712000.0,745794000.0,240346000.0,0.0,148077160.0,580632160.0,10.95175572519084,1.401435582722877,0.48748287906151394,3.0215797250954917,0.03082209841035858,10.95175572519084,0.0884029888198065,0.08567579467732968,2.9188117953165653,1.0321267460339587,0.5151777970511708,7.0430504356219785,0.04412564368468439,1.9435700614666993,0.5111681139733825,0.014262388362484847,3.5363398848900247,0.020582719980929712,11.118375,-0.19165262065487557,-0.2600563793766534,1.6678766161997312,0.3720302375809935,11.811111111111112,2.0115799492385786,9.342667361759135,1.9800363018217433,0.6217806743022551,Oil & Gas Midstream,Energy,GLP
2008Q3,2008,Q3,2008-11-07,2008-09-30,990000.0,2272079000.0,6304000.0,0.08,25928000.0,0.011411575037663744,984797000.0,147772000.0,788305000.0,598671000.0,837025000.0,359250000.0,0.0,123913080.0,591808080.0,11.305332415270446,1.3167582862707563,0.4757325621422486,3.170424708334461,0.010056561001101952,11.305332415270446,0.006699510056032266,0.05453731142271021,31.29118181818182,0.8385423490241725,6.6,6.2523340292275575,0.05273051077416524,2.307154672485802,0.5893136630970934,0.0010052833223496821,2.1618151049390253,0.011411575037663744,1.8888888888888888,1.1941753763392386,0.4632940945048868,0.0,0.14356282803334364,1.7894736842105263,1.1133087495809588,1.2086842698415985,0.1473317781196029,2.251731932140961,Oil & Gas Midstream,Energy,GLP
2008Q2,2008,Q2,2008-08-08,2008-06-30,-1254000.0,2297709000.0,2983000.0,-0.09,22673000.0,0.009867655129522495,1133425000.0,154141000.0,936801000.0,633739000.0,979284000.0,487411000.0,0.0,206913930.0,654393930.0,11.792594292709051,1.4782126395882216,0.3969384829168229,2.918756203735541,0.005609385642768419,11.792594292709051,-0.008135408489629625,0.09005227816055035,-41.25078349282297,1.3423678969255421,-5.2105263157894735,4.667592647683372,0.031578347576695295,2.027226327282352,0.6464064859508409,-0.0011063811015285527,-1.9498476224580183,0.009867655129522495,-1.1428571428571428,-1.1041292641409945,0.035739331269603165,1.5528083562432033,-0.3634040880503145,-1.1454925165332406,-0.7983642017033933,-1.1041292641409945,0.035739331269603165,1.5528083562432033,Oil & Gas Midstream,Energy,GLP
2008Q1,2008,Q1,2008-05-09,2008-03-31,8619000.0,2720992000.0,14794000.0,0.63,35616000.0,0.013089343886347332,942814000.0,159671000.0,744839000.0,570906000.0,783143000.0,328736000.0,0.0,235278000.0,641310000.0,12.21566827327672,1.3046613628162955,0.43439745273192804,2.564999279769025,0.02555963422581142,12.21566827327672,0.053979745852409014,0.08646772941633052,6.824399582318135,1.4735174201952765,0.7580925861468848,8.16879197897401,0.02777140234106036,2.886032663918864,0.660127936998385,0.009141781942143413,2.4865041956416056,0.013089343886347332,-0.2497231121008944,-0.4135156070690843,0.7388305871091503,0.6359946413482523,-0.09057018103822485,-0.21631205673758866,-0.18963628396143734,-0.4135156070690843,0.7388305871091503,0.6359946413482523,Oil & Gas Midstream,Energy,GLP
2007Q4,2007,Q4,2008-03-14,2007-12-31,10998000.0,2202107000.0,18256000.0,0.83969,39163000.0,0.017784331097444404,1159227000.0,160351000.0,960865000.0,789910000.0,998876000.0,484259000.0,0.0,341255000.0,835384000.0,12.240534351145039,1.2164233900064565,0.4280775033707807,3.0947047414733926,0.027058779488604183,12.240534351145039,0.06858703718717064,0.1549674924969586,7.7572058556101116,2.1281750659490744,0.5836515730132752,4.466502429485049,0.018809980806142032,1.8996339802299291,0.5640933777265764,0.009487356660947337,-3.2531458531935176,0.017784331097444404,3.4194210526315794,-0.2990456139684871,-0.057227051239241176,1.9818264929060354,0.6354031820269762,3.34703557312253,1.555431131019037,-0.2990456139684871,-0.057227051239241176,1.9818264929060354,Oil & Gas Midstream,Energy,GLP
2007Q3,2007,Q3,2007-11-09,2007-09-30,2530000.0,1598461000.0,7144000.0,0.19,23947000.0,0.01498128512362829,902637000.0,158414000.0,744816000.0,609770000.0,744223000.0,379174000.0,0.0,375137700.0,727930700.0,12.11950118583123,1.2214703904750972,0.3940908693084817,2.2455149166109054,0.01389518317173505,12.11950118583123,0.01597081066067393,0.23468680186754634,37.06894268774703,2.368084260229525,2.492094861660079,4.152484083824313,0.016807161743541105,1.7708791020088916,0.5590353739934729,0.0028028986181599025,-3.0712992148547196,0.01498128512362829,1.1484375,1.496225961755832,0.02946180198680405,0.0,0.10752936823605587,3.1475409836065573,1.0434782608695652,1.496225961755832,0.02946180198680405,0.0,Oil & Gas Midstream,Energy,GLP
2007Q2,2007,Q2,2007-08-09,2007-06-30,610000.0,1384090000.0,3496000.0,-1.28,21622000.0,0.015621816500372086,691300000.0,163005000.0,536601000.0,392793000.0,528295000.0,239477000.0,0.0,442960500.0,661935500.0,13.22555780933063,1.3661165041128533,0.3204137132937943,1.358866292445017,0.005700122224555931,13.22555780933063,0.00374221649642649,0.32003735306230086,181.54118852459015,2.7174657219103704,8.785245901639344,5.6893480375986005,0.012098144191186348,2.0021553594676695,0.7154557234981275,0.0008823954867640676,-10.645785767502224,0.015621816500372086,-1.7314285714285715,-0.9462811156466102,-0.33832967016010984,1.8630099241615432,-0.4882609107261195,-0.9814448669201521,-0.8452960438976901,-0.9462811156466102,-0.33832967016010984,1.8630099241615432,Oil & Gas Midstream,Energy,GLP
2007Q1,2007,Q1,2007-05-10,2007-03-31,32875000.0,1573176000.0,22598000.0,1.75,42252000.0,0.026857770522814992,443190000.0,117986000.0,395707000.0,249349000.0,325204000.0,142308000.0,0.0,404680100.0,527874100.0,10.455117412494461,1.5869604449987769,0.2824544777634874,1.0609818114013527,0.09147126014700871,10.455117412494461,0.2786347532758124,0.25723765173127483,3.077415209125475,3.4298993100876376,0.15936121673003803,10.757821064170672,0.012946028233164913,3.5496649292628444,0.971598041299544,0.07417811773731357,2.8929071321852637,0.026857770522814992,0.7815331365163393,1.5910308953341739,0.1644331739726118,0.4002112433689757,0.21960512642881885,1.9726919251288544,0.455494010047662,1.5910308953341739,0.1644331739726118,0.4002112433689757,Oil & Gas Midstream,Energy,GLP
