Quarters,Year,Quarter,FillingDate,Date,NetIncome,Revenue,OperatingIncome,EPSDiluted,GrossProfit,GrossProfitRatio,TotalAssets,CommonStockEquity,CurrentAssets,CurrentLiability,TotalLiability,Inventory,RetainedEarnings,MarketCap,EnterpriseValue,bookValuePerShare,currentRatio,debtToAssets,debtToEquity,roic,shareholdersEquityPerShare,roe,priceToSalesRatio,peRatio,pbRatio,payoutRatio,inventoryTurnover,dividendYield,assetTurnover,quickRatio,returnOnAssets,priceToFreeCashFlowsRatio,grossProfitMargin,epsdilutedGrowth,fiveYNetIncomeGrowthPerShare,fiveYRevenueGrowthPerShare,fiveYShareholdersEquityGrowthPerShare,grossProfitGrowth,netIncomeGrowth,operatingIncomeGrowth,threeYNetIncomeGrowthPerShare,threeYRevenueGrowthPerShare,threeYShareholdersEquityGrowthPerShare,Industry,Sector,Symbol
2023Q3,2023,Q3,2023-04-06,2023-02-28,-7025000.0,14090000.0,-6957000.0,-0.0746,3557000.0,0.2524485451,207607000.0,60850000.0,24390000.0,108600000.0,136212000.0,0.0,-94243000.0,249417851.6,262896851.6,0.646515471789911,0.22458563535911602,0.17533127495701012,0.5981922760887428,-0.06055988309348477,0.646515471789911,-0.11544782251437963,17.701763775727464,-8.876080128113879,4.098896493015612,0.0,0.0,0.0,0.06786861714682067,0.21181399631675873,-0.03383797270804934,974.2884828125,0.2524485450674237,0.7427586206896551,-7.626601685318339,0.0,0.0,5.736742424242424,0.7373831775700934,0.7392135547475354,-7.626601685318339,0.0,0.0,Capital Markets,Financial Services,APLD
2023Q2,2023,Q2,2023-01-10,2022-11-30,-26750000.0,12340000.0,-26677000.0,-0.29,528000.0,0.0427876823,167443000.0,63509000.0,20747000.0,70206000.0,95473000.0,0.0,-87218000.0,182173732.65,196892732.65,0.6798046469077494,0.29551605275902343,0.19584575049419803,0.5163520131005055,-0.2428192187291265,0.6798046469077494,-0.4212001448613582,14.762863261750406,-1.7025582490654203,2.8684711245650223,0.0,0.0,0.0,0.0736967206750954,0.26137367176594595,-0.15975585721708283,-6.51854340895266,0.04278768233387358,-4.8,-62.97704642509795,0.0,0.0,-0.36462093862815886,-4.741575445374544,-5.386641129997606,-62.97704642509795,0.0,0.0,Capital Markets,Financial Services,APLD
2023Q1,2023,Q1,2022-10-12,2022-08-31,-4659000.0,6924000.0,-4177000.0,-0.05,831000.0,0.120017331,145920000.0,68307000.0,42380000.0,48667000.0,69019000.0,0.0,-60601000.0,220660828.95000002,209017828.95000002,0.7336489705505568,0.8708159533153883,0.14862253289473684,0.3174930827001625,-0.04336637451449957,0.7336489705505568,-0.06820677236593614,31.868981650779897,-11.840568198647778,3.2304277592340465,0.0,0.0,0.0,0.04745065789473684,0.685885713111554,-0.03192845394736842,-15.34604833089923,0.12001733102253033,0.021526418786692696,-10.491231662602027,0.0,0.0,8.233333333333333,-0.5966415352981495,-0.04634268537074148,-10.491231662602027,0.0,0.0,Capital Markets,Financial Services,APLD
2022Q4,2022,Q4,2022-08-29,2022-05-31,-2918000.0,7523000.0,-3992000.0,-0.0511,90000.0,0.0119633125,119980000.0,72259000.0,49312000.0,28998000.0,40745000.0,0.0,-56070000.0,275894893.68,250640893.68,1.2650142427239142,1.7005310711083523,0.11288548091348558,0.18743685907637803,-0.03082013363506118,1.2650142427239142,-0.040382512904966854,36.67352036155789,-23.63732810829335,3.818138829488368,0.0,0.0,0.0,0.06270211701950325,1.345782467756397,-0.024320720120020005,-8.681673233267253,0.011963312508307856,0.5741666666666666,-0.2699058730406048,0.0,5.358497604792274,1.0859598853868195,0.5458365758754864,-0.6516342573438146,-0.2699058730406048,0.0,5.358497604792274,Capital Markets,Financial Services,APLD
2022Q3,2022,Q3,2022-05-13,2022-02-28,-6425000.0,1026000.0,-2417000.0,-0.12,-1047000.0,-1.0204678363,63494000.0,-8609000.0,18668000.0,22819000.0,72103000.0,0.0,-52524000.0,602317257.6,591576257.6,-0.1612265276723826,0.818090188001227,0.019214413960374207,-0.14171216169125334,1.0501878225828432,-0.1612265276723826,0.74631199907074,587.0538573099416,-23.436469167315174,-69.96367262167499,0.0,0.0,0.0,0.016159007150281915,0.5696568648932907,-0.10119066368475761,155.79856637351267,-1.0204678362573099,-5.56273764258555,-12.906953493139364,0.0,0.0,-2.054380664652568,-28.457264957264957,-3.1961805555555554,-12.906953493139364,0.0,0.0,Capital Markets,Financial Services,APLD
2022Q2,2022,Q2,2021-11-30,2021-11-30,234000.0,1426000.0,-576000.0,0.0263,993000.0,0.6963534362,53550000.0,-922000.0,15694000.0,6539000.0,54472000.0,0.0,-44837000.0,223733530.56,210888530.56,-0.10360127935219761,2.4000611714329407,0.022408963585434174,-1.3015184381778742,0.533295349334093,-0.10360127935219761,-0.25379609544468545,156.8958839831697,239.03154974358975,-242.66109605206074,0.0,0.0,0.0,0.026629318394024278,2.1478819391344244,0.004369747899159664,-12.108758486767332,0.6963534361851332,1.0152023121387284,6.874915175959032,0.0,0.0,2.7756653992395437,1.0151760814579416,0.9549119373776908,6.874915175959032,0.0,0.0,Capital Markets,Financial Services,APLD
2022Q1,2022,Q1,2021-08-31,2021-08-31,-15419000.0,612000.0,-12775000.0,-1.73,263000.0,0.4297385621,50366000.0,-750000.0,29530000.0,4982000.0,51116000.0,0.0,-44666000.0,223733530.56,196069530.56,-0.08427435955981367,5.927338418305901,0.025116149783584164,-1.6866666666666668,-7.850013709188265,-0.08427435955981367,20.558666666666667,365.5776643137255,-3.6275622699267136,-298.31137408,0.0,0.0,0.0,0.012151054282650994,5.806704134885588,-0.3061390620656792,-17.57115609518574,0.4297385620915033,-42.03482587064676,-396.8699825059539,0.0,0.0,0.0,-42.06983240223464,-37.4789156626506,-396.8699825059539,0.0,0.0,Capital Markets,Financial Services,APLD
2021Q4,2021,Q4,2021-05-31,2021-05-31,-358000.0,0.0,-332000.0,-0.0402,0.0,0.0,15052000.0,-2583000.0,11750000.0,2500000.0,17635000.0,0.0,-21623000.0,223733530.56,214118530.56,-0.2902408943239983,4.7,0.1418416157321286,-0.8265582655826558,0.7689958592132505,-0.2902408943239983,0.1385985288424313,0.0,-156.23849899441342,-86.6177044367015,0.0,0.0,0.0,0.0,4.7,-0.02378421472229604,-66.09557771344166,0.0,-3.620689655172414,0.0,0.0,0.0,0.0,-3.6493506493506493,0.0,0.0,0.0,0.0,Capital Markets,Financial Services,APLD
2021Q3,2021,Q3,2021-02-28,2021-02-28,-77000.0,0.0,0.0,-0.0087,0.0,0.0,,,,,,,,223733530.56,,,0.0,0.0,0.0,0.0,,0.0,0.0,-726.4075667532469,0.0,0.0,0.0,0.0,0.0,0.0,0.0,0.0,0.0,-0.9333333333333333,0.0,0.0,0.0,0.0,-0.04054054054054054,0.0,0.0,0.0,0.0,Capital Markets,Financial Services,APLD
2021Q2,2021,Q2,2020-11-30,2020-11-30,-74000.0,0.0,0.0,-0.0045,0.0,0.0,,,,,,,,415669863.42,,,0.0,0.0,0.0,0.0,,0.0,0.0,-1404.2900791216216,0.0,0.0,0.0,0.0,0.0,0.0,0.0,0.0,0.0,-0.02272727272727259,0.0,0.0,0.0,0.0,-0.027777777777777776,0.0,0.0,0.0,0.0,Capital Markets,Financial Services,APLD
2021Q1,2021,Q1,2020-08-31,2020-08-31,-72000.0,0.0,0.0,-0.0044,0.0,0.0,,,,,,,,415669863.42,,,0.0,0.0,0.0,0.0,,0.0,0.0,-1443.2981368750002,0.0,0.0,0.0,0.0,0.0,0.0,0.0,0.0,0.0,0.0,0.0,0.0,0.0,0.0,0.0,0.0,0.0,0.0,0.0,Capital Markets,Financial Services,APLD
2009Q3,2009,Q3,2009-04-13,2009-02-28,-434384.0,1531804.0,-430465.0,-0.29,208992.0,0.1364352097,4476436.0,2341747.0,1678816.0,2025055.0,2134689.0,121916.0,0.0,37479868.44,37335091.44,1.5707504329756394,0.8290224216132401,0.05473528494543427,0.10463085892711724,-0.16691810359075301,1.5707504329756394,-0.1854957004321987,24.467796428263668,-21.570700371100227,16.005088696601298,0.0,10.850191935430953,0.0,0.34219276227784784,0.7234983741182338,-0.09703791140988054,-83.72901113188705,0.13643520972657075,-0.035714285714285546,-47.18958089409742,0.03500191905610253,-0.8408538183388533,3.459828001963253,-0.04557216133791951,0.031339448054870475,-0.09580642976173248,0.5387393306185964,-0.7044682309571624,Capital Markets,Financial Services,APLD
2009Q2,2009,Q2,2009-01-16,2008-11-30,-415451.0,82858.0,-444392.0,-0.28,46861.0,0.5655579425,843040.0,385478.0,300604.0,457562.0,457562.0,0.0,-13403908.0,37371967.56,37389613.56,0.2593097862573442,0.6569688916474707,0.10082558360220156,0.22050545037589694,-0.8876945148733877,0.2593097862573442,-1.0777554101660796,451.0363219001183,-22.48879384091024,96.94967692060247,0.0,0.0,0.0,0.09828477889542608,0.394857964603704,-0.4928010533308028,-64.53556964276773,0.565557942504043,-0.16666666666666682,-0.14447303250428448,-0.9354027464634098,-0.9054101138757147,0.5716729272873625,-0.25669940621133797,-0.3192460806345795,-0.5141508576928548,-0.9497758077427068,-0.9535428895894108,Capital Markets,Financial Services,APLD
2009Q1,2009,Q1,2008-10-22,2008-08-31,-330589.0,54855.0,-336853.0,-0.24,29816.0,0.5435420654,1083972.0,665892.0,659151.0,418080.0,418080.0,0.0,-12961846.0,35228707.14,34814287.14,0.4751955504206448,1.5766145235361653,0.0,0.0,-0.5011197099729728,0.4751955504206448,-0.4964603869696587,642.2150604320482,-26.64086459319578,52.90453578057703,0.0,0.0,0.0,0.05060555069688147,1.4616413126674321,-0.3049792799075991,-76.00928443359894,0.5435420654452648,0.6,0.11900048052814952,-0.9377477777482139,-0.8470240695523409,-0.443990675990676,0.6090785250914663,0.6077156525708749,0.4884051527066883,-0.9560117911999197,-0.9181708937838062,Capital Markets,Financial Services,APLD
2008Q4,2008,Q4,2008-08-29,2008-05-31,-845666.0,89765.0,-858696.0,-0.6,53625.0,0.5973931933,1265276.0,787963.0,1127807.0,477313.0,477313.0,0.0,-12628125.0,35228707.14,34350808.14,0.5623081693369233,2.3628248130681544,0.0,0.0,-1.091793847780892,0.5623081693369233,-1.073230595852851,392.4548224809224,-10.414486079610628,44.708580402886945,0.0,0.0,0.0,0.07094499540021308,2.2360484629582684,-0.668364846879258,-87.48952506072091,0.5973931933381608,-0.111111111111111,-1.2683710333704536,-0.9042050878105716,-0.5847741019550625,-0.433235393590936,-0.12971317196723875,-0.13231999430342942,-0.7795415709815788,-0.8911452915126569,-0.908493815504829,Capital Markets,Financial Services,APLD
2008Q3,2008,Q3,2008-04-14,2008-02-29,-748567.0,125885.0,-758351.0,-0.54,94616.0,0.7516066251,2072261.0,1513089.0,1676410.0,559172.0,559172.0,108044.0,-11782459.0,35079300.12,34093239.12,1.0843733292818043,2.9980220754973423,0.0,0.0,-0.502828212547961,1.0843733292818043,-0.49472767299213727,278.6614776978989,-11.7154844255758,23.18389739136297,0.0,0.2894098700529414,0.0,0.06074765678647622,2.648026009886046,-0.36123200697209473,-49.284462046835216,0.7516066250943322,0.05263157894736828,-7.515372802565648,-0.5445554434436805,1.0138902132083332,1.3725770455628274,0.04506847847163399,0.06735545473663757,-0.7779304076053482,-0.8043020940674059,-0.8324938489425008,Capital Markets,Financial Services,APLD
2008Q2,2008,Q2,2008-01-14,2007-11-30,-783896.0,75144.0,-813119.0,-0.57,39879.0,0.530701054,2881391.0,2086403.0,2453454.0,794988.0,794988.0,108044.0,-11033891.0,34685356.32,32987523.32,1.5122281269388442,3.0861522438074536,0.0,0.0,-0.39050499663857563,1.5122281269388442,-0.37571648430336807,461.5851740657937,-11.06184886770694,16.62447586588018,0.0,0.32639480211765576,0.0,0.026079070837661394,2.781434436746215,-0.2720547124635289,-49.75614406396723,0.5307010539763654,0.13636363636363646,-0.5033333571060824,0.10582107540626393,-0.1699847886730638,10.559130434782608,0.1368390684993652,0.14099192988646483,-0.6044517392965851,-0.829739860098158,-0.7757772750350989,Capital Markets,Financial Services,APLD
2008Q1,2008,Q1,2007-10-12,2007-08-31,-908169.0,46201.0,-946579.0,-0.66,3450.0,0.0746737084,3541944.0,2803714.0,3101208.0,738230.0,738230.0,108044.0,-10249995.0,34570265.4,32475325.4,2.0389016151435158,4.20086964767078,0.0,0.0,-0.3382007705638729,2.0389016151435158,-0.3239164194350779,748.2579467976883,-9.516473640919257,12.33016826965946,0.0,0.3956813890637148,0.0,0.01304396681596321,3.8494561315579157,-0.2564041102851993,-58.1041183519869,0.07467370836129088,-0.06451612903225812,-1.4663115551542627,-0.9465701435627123,-0.3436325921155688,1.0667789326984496,-0.07319912174761825,-0.050034720912638636,-17.33189229288589,-0.9679641110479608,-0.7125299969165555,Capital Markets,Financial Services,APLD
2007Q4,2007,Q4,2007-09-10,2007-05-31,-846226.0,104118.0,-901474.0,-0.62,-51663.0,-0.4961966231,4219235.0,3626498.0,3786520.0,592737.0,592737.0,108044.0,-9341826.0,34570265.4,32130354.4,2.637242111540168,6.388195776541704,0.0,0.0,-0.24664559495786167,2.637242111540168,-0.23334522726884174,332.02967210280644,-10.213071153568904,9.53268563776955,0.0,1.4418292547480656,0.0,0.02467698528287711,5.897133129870415,-0.200563846289671,-52.433768786600595,-0.49619662306229473,-0.16981132075471692,-3.327195139919017,0.0,15.799355732496942,0.6589473267274444,-0.17374400628048872,-0.12969356413247934,-72.78845170877814,-0.9196606206669901,-0.63745200393893,Capital Markets,Financial Services,APLD
2007Q3,2007,Q3,2007-04-13,2007-02-28,-720963.0,182712.0,-797981.0,-0.53,-151481.0,-0.8290697929,4969544.0,4383097.0,4548999.0,586447.0,586447.0,108044.0,-8495600.0,34421788.56,31622564.560000002,3.201200843701888,7.756879990860214,0.0,0.0,-0.17764207309125837,3.201200843701888,-0.1644871194956443,188.39369368186,-11.936045455869442,7.853302940820156,0.0,3.0931194698456186,0.0,0.03676635119841982,7.269519666738852,-0.1450762886896665,-36.175086476244125,-0.8290697928981129,-0.12765957446808524,-53.16876075600503,103.9390688569905,274.11550775957465,-1.8142738883632923,-0.12268405333100792,-0.12462176998259472,-84.47334244134677,-0.865578216747043,-0.6756589205323504,Capital Markets,Financial Services,APLD
2007Q2,2007,Q2,2007-01-16,2006-11-30,-642178.0,654667.0,-709555.0,-0.47,186032.0,0.2841627881,6131463.0,5104060.0,5694676.0,1027403.0,1027403.0,108044.0,-7774637.0,,,,,,,,,,,,,,,,,,,,,,,,,,,,,,,Capital Markets,Financial Services,APLD
2007Q1,2007,Q1,2006-10-13,2006-08-31,-578504.0,605360.0,-645912.0,-0.42,225895.0,0.3731581208,6872389.0,5764903.0,6347721.0,1107486.0,1107486.0,108044.0,-7132459.0,,,,,,,,,,,,,,,,,,,,,,,,,,,,,,,Capital Markets,Financial Services,APLD
