Year,Date,FillingDate,NetIncome,Revenue,OperatingIncome,EPSDiluted,GrossProfit,GrossProfitRatio,TotalAssets,CommonStockEquity,CurrentAssets,CurrentLiability,TotalLiability,Inventory,RetainedEarnings,EnterpriseValue,bookValuePerShare,currentRatio,debtToAssets,debtToEquity,roic,shareholdersEquityPerShare,roe,priceToSalesRatio,peRatio,pbRatio,payoutRatio,inventoryTurnover,dividendYield,assetTurnover,quickRatio,returnOnAssets,priceToFreeCashFlowsRatio,grossProfitMargin,epsdilutedGrowth,fiveYNetIncomeGrowthPerShare,fiveYRevenueGrowthPerShare,fiveYShareholdersEquityGrowthPerShare,grossProfitGrowth,netIncomeGrowth,operatingIncomeGrowth,threeYNetIncomeGrowthPerShare,threeYRevenueGrowthPerShare,threeYShareholdersEquityGrowthPerShare,Industry,Sector,Price,MarketCap,AvgVolume,Symbol
2022,2022-12-31,2023-02-23,-20838000.0,224000.0,-19712000.0,-0.79,224000.0,1.0,23867000.0,6445000.0,21817000.0,11852000.0,17422000.0,0.0,-467185000.0,112368742.28,0.24547465848361943,1.8407863651704355,0.23651904303012528,0.8758727695888285,-1.6416308654469562,0.24547465848361943,-3.2332040341349884,557.3381351785714,-5.991157610135329,19.370634954228084,0.0,0.0,0.0,0.009385343780114803,1.5288558893013837,-0.8730883646876441,-9.260718216749499,1.0,0.9526946107784432,0.997733706838946,-0.9999137934581738,-0.998776799776776,0.0,-0.5482576714466156,-0.5779699007364714,0.9915953726433843,-0.9998875125108247,-0.980474818694562,Biotechnology,Healthcare,2.21,5510259,32745,PSTV
2021,2021-12-31,2022-02-24,-13459000.0,0.0,-12492000.0,-16.7,0.0,0.0,21981000.0,10836000.0,19724000.0,5870000.0,11145000.0,-7000.0,-446910000.0,1286633.75,13.44508620315282,3.3601362862010222,0.3181383922478504,0.6453488372093024,-0.689106403584675,13.44508620315282,-1.242063492063492,0.0,-0.9431334980310573,1.1714316860465117,0.0,0.0,0.0,0.0,3.1357751277683135,-0.6123015331422592,-1.2177315569838834,0.0,0.15613946437594745,0.9738051972435603,-1.0,-0.9576784520306547,-1.0,-1.3042287279575415,-0.30342237061769617,0.7702033419800525,-1.0,-0.5526427403819482,Biotechnology,Healthcare,2.21,5510259,32745,PSTV
2020,2020-12-31,2021-02-22,-5841000.0,303000.0,-9584000.0,-19.79,303000.0,1.0,12105000.0,3031000.0,9175000.0,8539000.0,9074000.0,0.0,-433511000.0,7594226.700000001,10.267997791245609,1.0744817894367023,0.5779429987608427,2.308149125701089,-0.6355616034040401,10.267997791245609,-1.9270867700428902,29.518900000000002,-1.5312834617360043,2.950916100296932,0.0,0.0,0.0,0.025030978934324658,0.9843072959362923,-0.48252788104089217,-1.0019297300324859,1.0,0.7904267711532353,0.9791865741399673,-0.9982641988734413,-0.9834143991109128,-0.9567019148328094,0.3296224033054057,-1.6207273721629751,0.9434980614883318,-0.9896282767168167,-0.948834567006223,Biotechnology,Healthcare,2.21,5510259,32745,PSTV
2019,2019-12-31,2020-03-30,-8713000.0,6998000.0,-3657000.0,-94.43,6998000.0,1.0,23229000.0,1160000.0,19825000.0,14486000.0,22069000.0,107000.0,-425270000.0,-2377388.0,12.572208915430219,1.3685627502416127,0.5102673382409919,10.218103448275862,-0.7029977298670155,12.572208915430219,-7.511206896551724,0.47465161474707057,-0.3812248364512797,2.8634586206896553,0.0,0.0,0.0,0.3012613543415558,1.2923512356758249,-0.37509148047699,-0.5561044701155199,1.0,-0.08565187399402165,0.9713958188585904,-0.8870109625796654,1.0249570032819633,0.27097711587359247,0.3103530156719962,0.712001890061427,0.851874762806935,-0.7695255305422067,-0.9604260370922545,Biotechnology,Healthcare,2.21,5510259,32745,PSTV
2018,2018-12-31,2019-03-29,-12634000.0,6654000.0,-12698000.0,-86.98,5506000.0,0.8274721971746318,23991000.0,5225000.0,9648000.0,17559000.0,18766000.0,2947000.0,-414383000.0,46753592.5,30.05447193286205,0.5494618144541261,0.591971989496061,2.7180861244019137,-0.6536263962526381,30.05447193286205,-2.4179904306220097,5.682685978358882,-2.9929232626246636,7.23685980861244,0.0,0.38954869358669836,0.0,0.27735400775290736,0.3210889002790592,-0.5266141469717811,-3.1229428889990087,0.8274721971746318,0.7878536585365853,0.9736515070590491,-0.9702148246552585,-0.9089249702698615,0.08109169448262321,0.44309265626377503,0.38606585118213027,0.9235600818517743,-0.9352763336247988,-0.9514538777135583,Biotechnology,Healthcare,2.21,5510259,32745,PSTV
2017,2017-12-31,2018-03-09,-22686000.0,6411000.0,-20683000.0,-410.0,5093000.0,0.7944158477616596,31615000.0,13000000.0,14864000.0,18414000.0,18615000.0,3183000.0,-401749000.0,149826750.0,200.6823198876179,0.8072119039860975,0.430934682903685,1.048,-0.77685546875,200.6823198876179,-1.745076923076923,22.734791764155357,-6.424788415763025,11.21175,0.0,0.41407477222745837,0.0,0.20278348885022932,0.5325839035516455,-0.7175707733670726,-7.427270179372197,0.7944158477616596,0.359375,0.9108509122663446,-0.9439201463190674,-0.7445380910121525,-0.4122331217541835,-0.029030209561825275,-0.04957880848472546,0.8939203950018175,-0.8525650970970321,1.3983730583668794,Biotechnology,Healthcare,2.21,5510259,32745,PSTV
2016,2016-12-31,2017-03-24,-22046000.0,11380000.0,-19706000.0,-640.0,8665000.0,0.7614235500878734,34609000.0,10986000.0,18747000.0,12501000.0,23623000.0,3725000.0,-379063000.0,396706825.0,317.6889043116162,1.499640028797696,0.5096073275737525,1.6054068814855271,-0.6884673164937288,317.6889043116162,-2.0067358456217,34.41386862917399,-17.764212328767123,35.648081649371925,0.0,0.7288590604026846,0.0,0.3288162038776041,1.1083113350931926,-0.6370019359126239,-19.98111352040816,0.7614235500878734,0.35982674222917044,0.8528155465596835,-0.6911580018386067,-0.7606952271161644,0.022660214799952793,-0.17616303883909518,-0.28915347376684547,0.7688550786967003,-0.7439060776392499,-0.03729712936732124,Biotechnology,Healthcare,2.21,5510259,32745,PSTV
2015,2015-12-31,2016-03-11,-18744000.0,11659000.0,-15286000.0,-999.729358,8473000.0,0.7267347113817652,37698000.0,12206000.0,21243000.0,8437000.0,25492000.0,4298000.0,-357017000.0,425522500.0,619.091093528099,2.5178380941092806,0.4889118786142501,1.5099950843847287,-0.4989391911740706,619.091093528099,-1.5356382107160413,36.146281842353545,-22.483434699103714,34.52642143208258,-0.004001280409731114,0.7412750116333178,0.0001779657095670806,0.3092737015226272,1.8549247362806685,-0.49721470635046955,-19.98053764460459,0.7267347113817652,0.7083333332360848,0.777522244547928,-0.6419753995013754,-0.8258544093140476,0.8190210390725633,0.4983943481053308,0.5287480346517865,0.7579881223123929,-0.6649128087080107,-0.21191765832371967,Biotechnology,Healthcare,2.21,5510259,32745,PSTV
2014,2014-12-31,2015-03-16,-37368000.0,7598000.0,-32437000.0,-3427.643512,4658000.0,0.6130560673861543,38719000.0,-5702000.0,21686000.0,15917000.0,44421000.0,4829000.0,-338273000.0,634741875.0,-503.75474865270786,1.3624426713576678,0.6561119863632842,-4.455278849526482,-1.6463810780631407,-503.75474865270786,6.553490003507541,82.12159449855226,-16.69770592485549,-109.4282488600491,0.0,0.6088217022157797,0.0,0.196234406880343,1.0040836841113274,-0.9651075699269093,-19.903661201314236,0.6130560673861543,-0.23076923099019794,0.284441686669566,-0.7706867682843409,0.3070273659867616,-0.46917378917378916,-0.42751270199029684,-0.05730304116822582,0.2378131025951066,-0.3700256476410906,-1.3794621533185287,Biotechnology,Healthcare,2.21,5510259,32745,PSTV
2013,2013-12-31,2014-03-14,-26177000.0,12196000.0,-30679000.0,-2784.960353,8775000.0,0.7194981961298786,42060000.0,3132000.0,24577000.0,14906000.0,38928000.0,3694000.0,-300905000.0,2754870375.0,329.99683911073646,1.6487991412853884,0.6250832144555397,8.394316730523627,-1.0426876933011588,329.99683911073646,-8.357918263090676,224.9988008363398,-104.82810768995684,876.1447557471265,0.0,0.9260963724959393,0.0,0.28996671421778414,1.3262444653159802,-0.6223728007608179,-78.21918291431503,0.7194981961298786,0.2909090910664889,0.6543668266783544,0.06819032201978227,1.1609573801234692,-0.16436529854299592,0.18903931348554787,-0.07956224927862622,0.35456720600037506,-0.22200676918697998,-0.9071744125021433,Biotechnology,Healthcare,2.21,5510259,32745,PSTV
2012,2012-12-31,2013-03-15,-32279000.0,14501000.0,-28418000.0,-3927.508191,10501000.0,0.7241569546927799,43250000.0,6455000.0,33979000.0,17613000.0,36795000.0,3175000.0,-274728000.0,2585325000.0,785.5665084580747,1.929200022710498,0.5245549132947976,3.514639814097599,-0.5483030735688514,785.5665084580747,-5.000619674670798,178.49493138404247,-80.18696366058428,400.98450813323007,0.0,1.2598425196850394,0.0,0.33528323699421964,1.6893203883495145,-0.7463352601156069,-77.502619995808,0.7241569546927799,0.09836065573394154,0.5608864579326506,-0.06496231447881327,1.2678447510221413,1.5328027013989387,0.0053002989122060955,0.03379572963416293,0.14854828960182143,-0.3971315573553445,2.0806371434010478,Biotechnology,Healthcare,2.21,5510259,32745,PSTV
2011,2011-12-31,2012-03-13,-32451000.0,7983000.0,-29412000.0,-4355.96363,4146000.0,0.5193536264562195,51534000.0,9946000.0,43337000.0,7821000.0,41588000.0,3318000.0,-242449000.0,1841797000.0,1327.5493860117458,5.5411072752844905,0.47442465168626535,2.458174140357933,,1327.5493860117458,-3.2627186808767346,232.2773393461105,-57.14061199963022,186.4337422079228,0.0,1.1564195298372513,0.0,0.15490743974851554,5.009845288326301,-0.6297007800675283,-51.67544519688989,0.5193536264562195,-0.01666666670556607,0.6042538640291513,-0.6874766581683598,1.2854482865511245,-0.38294389045988986,-0.18029388230159307,-0.1614737590332899,0.45720250488522163,-0.1142491920710714,1.6475179329983427,Biotechnology,Healthcare,2.21,5510259,32745,PSTV
2010,2010-12-31,2011-03-11,-27494000.0,10627000.0,-25323000.0,-4284.55439,6719000.0,0.6322574574197798,66347000.0,22873000.0,58953000.0,13223000.0,43474000.0,3378000.0,-209998000.0,3723691750.0,3555.0202051600872,4.458367995159948,0.09726136826081058,0.2821230271499148,,3555.0202051600872,-1.2020285926638394,353.50068222452245,-136.63532952644215,164.23957285882918,0.0,1.1568975725281232,0.0,0.16017302967730265,4.139832110716176,-0.4143970337769605,-155.33624503804168,0.6322574574197798,0.07692307688993175,0.6684530564355983,-0.39637234588303244,2.1751142402351293,-0.4072865208186309,-0.18426946933149552,-0.17524481366315497,0.5223311534322406,-0.12486697462382775,2.212110612504051,Biotechnology,Healthcare,2.21,5510259,32745,PSTV
2009,2009-12-31,2010-03-12,-23216000.0,14730000.0,-21547000.0,-4641.600589,11336000.0,0.7695858791581806,24749000.0,-3658000.0,18098000.0,8183000.0,28407000.0,2589000.0,-182504000.0,3445851000.0,-726.9475357710652,2.211658316021019,0.2220291728958746,-1.5021869874248224,,-726.9475357710652,6.346637506834336,234.4338085539715,-148.74267746381807,-944.01585565883,0.0,1.3109308613364232,0.0,0.595175562648996,1.7701332029817916,-0.9380581033577114,-143.716081238555,0.7695858791581806,0.4196428571395081,-3.3068301625577163,-0.16235039717646313,-1.1105177777830084,3.2393418100224385,0.22706086030097217,0.27599879036322705,0.5784654948222132,-0.1414290034883094,0.8436924978574192,Biotechnology,Healthcare,2.21,5510259,32745,PSTV
2008,2008-12-31,2009-03-06,-30036000.0,4528000.0,-29761000.0,-7997.834861,2674000.0,0.590547703180212,25609000.0,-7717000.0,17225000.0,7135000.0,33326000.0,2143000.0,-162168000.0,1523134500.0,-2050.212539851222,2.414155571128241,0.2768948416572299,-0.9188803939354672,,-2050.212539851222,3.8921860826746144,337.6003754416961,-50.894077107471034,-198.08921860826746,0.0,0.8651423238450769,0.0,0.17681283923620603,1.9946741415557112,-1.1728689132726775,-45.25056242969629,0.590547703180212,0.10400000002061363,-0.7518959559845836,-0.8259750009202819,-1.2802557620374801,-0.5247911853563177,-0.047572544642857144,0.05068580542264753,0.38087172573661543,-0.560360902777542,0.32230091193551674,Biotechnology,Healthcare,2.21,5510259,32745,PSTV
TTM,,,,,,,,,,,,,,,,-1882741.0,0.07689597721396334,1.0650984682713347,0.34083642409515286,1.991778774289985,-2.5211749467432067,0.07689597721396334,-2.8259833134684147,24.59937053571429,-3.604132086789446,28.740125037369207,0.0,0.0,0.0,0.01432408236347359,0.9942950922163176,-1.364560685509656,-0.36328184335443037,1.0,,,,,,,,,,,Biotechnology,Healthcare,2.21,5510259,32745,PSTV
