Quarters,Year,Quarter,FillingDate,Date,NetIncome,Revenue,OperatingIncome,EPSDiluted,GrossProfit,GrossProfitRatio,TotalAssets,CommonStockEquity,CurrentAssets,CurrentLiability,TotalLiability,Inventory,RetainedEarnings,MarketCap,EnterpriseValue,bookValuePerShare,currentRatio,debtToAssets,debtToEquity,roic,shareholdersEquityPerShare,roe,priceToSalesRatio,peRatio,pbRatio,payoutRatio,inventoryTurnover,dividendYield,assetTurnover,quickRatio,returnOnAssets,priceToFreeCashFlowsRatio,grossProfitMargin,epsdilutedGrowth,fiveYNetIncomeGrowthPerShare,fiveYRevenueGrowthPerShare,fiveYShareholdersEquityGrowthPerShare,grossProfitGrowth,netIncomeGrowth,operatingIncomeGrowth,threeYNetIncomeGrowthPerShare,threeYRevenueGrowthPerShare,threeYShareholdersEquityGrowthPerShare,Industry,Sector,Symbol
2023Q1,2023,Q1,2023-04-20,2023-03-31,-4807000.0,0.0,-4720000.0,-0.14,0.0,0.0,15638000.0,2676000.0,13629000.0,12796000.0,12962000.0,0.0,-471990000.0,151381131.0,143988131.0,0.07689597721396334,1.0650984682713347,0.34083642409515286,1.991778774289985,-0.5703544655377829,0.07689597721396334,-1.796337817638266,0.0,-7.872952517162472,56.56992937219731,0.0,0.0,0.0,0.0,0.9942950922163176,-0.30739224964829265,-25.701380475382003,0.0,0.3636363636363636,0.996229354777463,-1.0,-0.998908630266794,-1.0,0.16312674094707522,0.15290739411342427,0.5068720418906704,-1.0,2.510607134409171,Biotechnology,Healthcare,PSTV
2022Q4,2022,Q4,2023-02-23,2022-12-31,-5744000.0,224000.0,-5572000.0,-0.22,224000.0,1.0,23867000.0,6445000.0,21817000.0,11852000.0,17422000.0,0.0,-467185000.0,124843742.28,112368742.28,0.24547465848361943,1.8407863651704355,0.23651904303012528,0.8758727695888285,-0.4583658394230247,0.24547465848361943,-0.891233514352211,557.3381351785714,-5.433658699512534,19.370634954228084,0.0,0.0,0.0,0.009385343780114803,1.5288558893013837,-0.24066702979008672,-55.609684757238306,1.0,-0.15789473684210525,0.9938580139214176,-0.9993279949385576,-0.9977273767290926,0.0,-0.0748502994011976,-0.09383588535531999,-1.9603807477306745,-0.9721315472883083,-0.17880516033135194,Biotechnology,Healthcare,PSTV
2022Q3,2022,Q3,2022-10-20,2022-09-30,-5344000.0,0.0,-5094000.0,-0.19,0.0,0.0,23104000.0,11404000.0,20879000.0,7420000.0,11700000.0,0.0,-461527000.0,183173040.45,168902040.45,0.41557261818110525,2.813881401617251,0.2594788781163435,0.5256927393896879,-0.2950563486504585,0.41557261818110525,-0.4686075061381971,0.0,-8.569098074943863,16.062174715012276,0.0,0.0,0.0,0.0,2.7411051212938005,-0.23130193905817176,-43.048893172737955,0.0,0.2083333333333333,0.997205452286453,-1.0,-0.9963337236507545,0.0,0.018368846436443792,0.005078125,-1.3060120304175227,-1.0,1.1468169775772263,Biotechnology,Healthcare,PSTV
2022Q2,2022,Q2,2022-07-21,2022-06-30,-5444000.0,0.0,-5120000.0,-0.24,0.0,0.0,21271000.0,9679000.0,18889000.0,6971000.0,11592000.0,0.0,-456308000.0,180297448.5345,168540448.5345,0.4349169615952461,2.7096542820255345,0.2977293028066381,0.6543031304886868,-0.32338714471685176,0.4349169615952461,-0.5624547990494886,0.0,-8.279640362532145,18.62769382524021,0.0,0.0,0.0,0.0,2.5950365801176303,-0.2559353109867895,-64.9018893212743,0.0,-0.1999999999999999,0.9974724639798377,-1.0,-0.9975794528035028,0.0,-0.2642823966558291,-0.30412633723892,0.9881657607446619,-1.0,1.0306653879078131,Biotechnology,Healthcare,PSTV
2022Q1,2022,Q1,2022-04-21,2022-03-31,-4306000.0,0.0,-3926000.0,-0.2,0.0,0.0,24516000.0,14642000.0,22104000.0,4921000.0,9874000.0,0.0,-451026000.0,322605915.0,308037915.0,0.6807996685367657,4.491769965454176,0.2721080110947952,0.45560715749214586,-0.18964028760192125,0.6807996685367657,-0.2940855074443382,0.0,-18.730022933116583,22.032913194918727,0.0,0.0,0.0,0.0,4.315992684413737,-0.17564039810735846,-72.44687064900067,0.0,0.3939393939393939,0.998793199906591,-1.0,-0.9957955558158762,0.0,0.016670472710664536,0.0012719409819384382,0.9775543711634319,-1.0,-0.9376668507787372,Biotechnology,Healthcare,PSTV
2021Q4,2021,Q4,2022-02-24,2021-12-31,-4379000.0,0.0,-3931000.0,-0.33,0.0,0.0,21981000.0,10836000.0,19724000.0,5870000.0,11145000.0,0.0,-446910000.0,208911622.5,197504622.5,0.8169339645045359,3.3601362862010222,0.3181383922478504,0.6453488372093024,-0.22752067368069334,0.8169339645045359,-0.4041159099298634,0.0,-11.926902403516785,19.27940406976744,0.0,0.0,0.0,0.0,3.1357751277683135,-0.19921750602793323,-79.31344817767653,0.0,-0.17857142857142852,0.997223474927069,-1.0,-0.9969236702975103,0.0,-0.1758861439312567,-0.12346384681337524,0.9478600663249352,-1.0,-0.9447858958673568,Biotechnology,Healthcare,PSTV
2021Q3,2021,Q3,2021-10-21,2021-09-30,-3724000.0,0.0,-3499000.0,-0.28,0.0,0.0,24750000.0,14755000.0,22097000.0,9488000.0,9995000.0,0.0,-442755000.0,380020189.5,366102189.5,1.11239024051905,2.3289418212478923,0.29745454545454547,0.4989495086411386,-0.15395784749416994,1.11239024051905,-0.252389020670959,0.0,-25.511559445488718,25.75535001694341,0.0,0.0,0.0,0.0,2.24283305227656,-0.15046464646464647,-164.8677611713666,0.0,-0.1200000000000001,0.9978626841375063,-1.0,-0.9966647008933318,0.0,-0.33,-0.35883495145631067,0.9789948204270273,-1.0,-0.9684074284949492,Biotechnology,Healthcare,PSTV
2021Q2,2021,Q2,2021-07-22,2021-06-30,-2800000.0,0.0,-2575000.0,-0.25,0.0,0.0,20834000.0,11945000.0,18001000.0,8354000.0,8889000.0,0.0,-439031000.0,433797734.4,423911734.4,1.0573775832057457,2.1547761551352647,0.34918882595756934,0.6090414399330264,-0.12954671228052522,1.0573775832057457,-0.23440770196735036,0.0,-38.731940571428574,36.316260728338214,0.0,0.0,0.0,0.0,2.0542255207086426,-0.1343956993376212,-181.1264026722338,0.0,0.24242424242424246,0.9988562181683605,-1.0,-0.9983305961633027,0.0,-0.029411764705882353,-0.03872529245663574,0.991645801755685,-1.0,-0.9725520269502882,Biotechnology,Healthcare,PSTV
2021Q1,2021,Q1,2021-04-22,2021-03-31,-2720000.0,0.0,-2479000.0,-0.33,0.0,0.0,18336000.0,9513000.0,15446000.0,8315000.0,8823000.0,0.0,-436231000.0,297644436.0,290299436.0,1.1505943285968228,1.8576067348165965,0.38732547993019195,0.7465573425838327,-0.14386860890255934,1.1505943285968228,-0.2859245243351204,0.0,-27.357025367647058,31.288177861873226,0.0,0.0,0.0,0.0,1.7374624173181,-0.14834205933682373,-96.32506019417475,0.0,0.5950005770839141,0.9983062205571639,-1.0,-0.9959153381241806,0.0,0.24170616113744076,0.2698085419734904,0.9910195587783792,-1.0,-0.9836698372148266,Biotechnology,Healthcare,PSTV
2020Q4,2020,Q4,2021-02-22,2020-12-31,-3587000.0,0.0,-3395000.0,-0.81481597584492,0.0,0.0,12105000.0,3031000.0,9175000.0,8539000.0,9074000.0,0.0,-433511000.0,133387296.3,132037296.3,0.6885160922179964,1.0744817894367023,0.5779429987608427,2.308149125701089,-0.31764595808383234,0.6885160922179964,-1.1834378093038602,0.0,-9.296577662391972,44.007686011217416,0.0,0.0,0.0,0.0,0.9843072959362923,-0.2963238331268071,-40.66685862804878,0.0,-1.0892717329356925,0.9932514481392561,-1.0,-0.9987091592450993,0.0,-1.0758101851851851,-1.4319484240687679,0.9771245213965907,-1.0,-0.9936256650554695,Biotechnology,Healthcare,PSTV
2020Q3,2020,Q3,2020-10-22,2020-09-30,-1728000.0,0.0,-1396000.0,-0.39,0.0,0.0,11653000.0,2621000.0,8649000.0,8404000.0,9032000.0,107000.0,-429924000.0,169045286.4,168285286.4,0.5953812859463439,1.0291527843883865,0.5892044966961297,2.619610835558947,-0.13723948092803775,0.5953812859463439,-0.6592903471957268,0.0,-24.45678333333333,64.496484700496,0.0,0.0,0.0,0.0,0.907425035697287,-0.14828799450785204,-73.08486225680934,0.0,0.13333333333333333,-1.0055362802715004,-1.0,-0.9974354546489148,0.0,0.06035889070146819,0.4064625850340136,0.9943671620048901,-1.0,-0.9947474106041866,Biotechnology,Healthcare,PSTV
2020Q2,2020,Q2,2020-08-10,2020-06-30,-1839000.0,185000.0,-2352000.0,-0.45,0.0,0.0,13904000.0,3300000.0,10793000.0,9773000.0,10604000.0,107000.0,-428196000.0,128893095.60000001,126381095.60000001,0.8141630822931372,1.1043691803949658,0.48575949367088606,2.046666666666667,-0.21814134668892599,0.8141630822931372,-0.5572727272727273,696.7194356756758,-17.522171778140294,39.05851381818182,0.0,0.0,0.0,0.013305523590333717,1.0454312902895733,-0.13226409666283084,-70.78149126853378,0.0,-0.607142857142857,-1.0019845008076183,-0.9997433154725605,-0.9929881105160382,0.0,-0.6918123275068997,0.03646046702171241,0.9953120542580554,-0.9980981997456193,-0.9954687438284592,Biotechnology,Healthcare,PSTV
2020Q1,2020,Q1,2020-05-14,2020-03-31,-1087000.0,118000.0,-2441000.0,-0.28,0.0,0.0,20967000.0,85000.0,17697000.0,14988000.0,20882000.0,107000.0,-426357000.0,109432581.6,105313581.6,0.02190389703828389,1.1807445956765412,0.533314255735203,131.5529411764706,-0.20296000665170033,0.02190389703828389,-12.788235294117648,927.3947593220338,-25.16848702851886,1287.4421364705881,0.0,0.0,0.0,0.005627891448466638,1.1368428075793968,-0.051843372919349456,-72.32820991407799,0.0,-2.2291455203619908,0.9998102692144216,-0.9998072230782972,1.0000140451244084,0.0,-2.229638009049774,-0.10302756439222774,0.9983116037292469,-0.9991406452475214,-0.999864727148428,Biotechnology,Healthcare,PSTV
2019Q4,2019,Q4,2020-03-30,2019-12-31,884000.0,1188000.0,-2213000.0,0.22780052919815244,0.0,0.0,23229000.0,1160000.0,19825000.0,14486000.0,22069000.0,107000.0,-425270000.0,139701168.0,134122168.0,0.2989237713459919,1.3685627502416127,0.4761289767101468,9.53448275862069,-0.16850681489377903,0.2989237713459919,0.7620689655172413,117.59357575757576,39.50824886877828,120.43204137931033,0.0,0.0,0.0,0.05114296784192174,1.302291868010493,0.03805587842782728,142.98993654042988,0.0,-0.6420378862971968,1.000509464248153,-0.9989543832394622,1.0006748589457273,0.0,0.6806083650190115,-1.8257462686567165,1.0019158584860597,-0.995815996836616,-0.998874342215494,Biotechnology,Healthcare,PSTV
2019Q3,2019,Q3,2019-11-14,2019-09-30,526000.0,4771000.0,2680000.0,0.6363816741435464,0.0,0.0,25715000.0,160000.0,22264000.0,14427000.0,25555000.0,107000.0,-426154000.0,42401912.4,37344912.4,0.19357617464442475,1.543217578152076,0.42531596344545985,68.35625,0.22451202144592444,0.19357617464442475,3.2875,8.88742661915741,20.153000190114067,265.0119525,0.0,0.0,0.0,0.18553373517402294,1.4982324807652319,0.02045498736146218,-20.000902075471696,0.0,1.0307876958947046,1.0007637258173552,-0.9410586730569971,1.000662085774376,0.0,1.0575051929594403,2.368044920877999,1.004844609152697,-0.909354351237331,-0.9994195971711667,Biotechnology,Healthcare,PSTV
2019Q2,2019,Q2,2019-08-15,2019-06-30,-9147000.0,302000.0,-1959000.0,-20.67,0.0,0.0,8884000.0,-6276000.0,5260000.0,13923000.0,15160000.0,107000.0,-426680000.0,92927520.0,100115520.0,-14.182666232780129,0.37779214249802484,1.2171319225574067,-1.722912683237731,-0.3599779492833517,-14.182666232780129,1.4574569789674952,307.70701986754966,-2.5398360118071497,-14.8068068833652,0.0,0.0,0.0,0.0339936965330932,0.331106801695037,-1.029603782080144,-59.79891891891892,0.0,-1.2966666666666669,0.9812342593241679,-0.9943235208374626,-1.1276558843315951,-1.0,-1.9038095238095238,0.34721759413528824,0.9046117581304401,-0.9928595794692313,-1.0223918095102975,Biotechnology,Healthcare,PSTV
2019Q1,2019,Q1,2019-05-14,2019-03-31,-3150000.0,1440000.0,-3001000.0,-9.0,1087000.0,0.7548611111111111,24616000.0,3857000.0,8462000.0,18295000.0,20759000.0,3003000.0,-417533000.0,71511255.0,84228255.0,10.92195207593546,0.46253074610549333,0.5838072798180045,3.7259528130671504,-0.14677687567250317,10.92195207593546,-0.8166969147005445,49.66059375,-5.675496428571428,18.540641690432977,0.0,0.11754911754911755,0.0,0.05849853753656158,0.23651270839027055,-0.12796555086122846,-21.82883241758242,0.7548611111111111,-0.42141234347048306,0.9910998021933212,-0.9704922710693097,-0.9528155301032547,-0.4293963254593176,-0.4087656529516995,0.21747066492829203,0.9540755035801373,-0.9615876414161328,-0.9612265764350622,Biotechnology,Healthcare,PSTV
2018Q4,2018,Q4,2019-03-29,2018-12-31,-2236000.0,2135000.0,-3835000.0,-6.33173057863409,1905000.0,0.892271662763466,23991000.0,5225000.0,9648000.0,17559000.0,18766000.0,2947000.0,-414383000.0,76808385.0,85749385.0,14.795747886119464,0.5494618144541261,0.591971989496061,2.7180861244019137,-0.1974056725176301,14.795747886119464,-0.4279425837320574,35.975824355971895,-8.587699575134168,14.70016937799043,0.0,0.07804546996946046,0.0,0.08899170522279189,0.3210889002790592,-0.09320161727314409,-30.809620938628157,0.892271662763466,0.5262805709617037,0.9938480048013372,-0.9829548949557144,-0.9539168197225111,0.9242424242424242,0.04034334763948498,-1.565217391304348,0.9475586961413455,-0.9590194287270448,-0.9722607000961857,Biotechnology,Healthcare,PSTV
2018Q3,2018,Q3,2018-11-14,2018-09-30,-2330000.0,1312000.0,-1495000.0,-13.365993012970176,990000.0,0.7545731707317073,25532000.0,6138000.0,10754000.0,17652000.0,19394000.0,2814000.0,-412147000.0,58834012.5,66035012.5,35.21050004876006,0.6092227509630637,0.5486056713144289,2.282013685239492,-0.07421196326631918,35.21050004876006,-0.37960247637666994,44.842997332317076,-6.3126622854077254,9.585208944281526,0.0,0.11442786069651742,0.0,0.05138649537834874,0.41049172898255154,-0.09125802913990287,-21.814613459399332,0.7545731707317073,0.5469154910857568,0.9760617047920996,-0.97385659224325,1.1040079294100293,-0.19838056680161945,0.3632139928942334,0.5043103448275862,-1.1885156460513024,-0.9345607451775763,-0.8483342920899709,Biotechnology,Healthcare,PSTV
2018Q2,2018,Q2,2018-08-14,2018-06-30,-3659000.0,1559000.0,-3016000.0,-29.5,1235000.0,0.7921744708146248,22677000.0,4751000.0,7362000.0,17616000.0,17926000.0,3007000.0,-409817000.0,134120287.5,144877287.5,38.522975131558674,0.41791553133514986,0.6101336155576135,2.912229004420122,-0.16226394792058965,38.522975131558674,-0.7701536518627657,86.0296905067351,-9.163725573927302,28.229906861713324,0.0,0.10774858663119388,0.0,0.0687480707324602,0.19743415077202542,-0.1613529126427658,-48.84205662782229,0.7921744708146248,0.15714285714285714,0.9130546185316869,-0.9475290401987908,-0.7129840095107149,-0.10181818181818182,0.17010660013608528,0.3069852941176471,-1.1297684999135864,-0.9289095273404528,-0.6682251380705052,Biotechnology,Healthcare,PSTV
2018Q1,2018,Q1,2018-05-11,2018-03-31,-4409000.0,1648000.0,-4352000.0,-35.0,1375000.0,0.8343446601941747,26642000.0,8480000.0,10736000.0,17879000.0,18162000.0,3188000.0,-406158000.0,261772125.0,269599125.0,70.45822774292718,0.6004810112422395,0.515314165603183,1.6189858490566038,-0.19595659417353326,70.45822774292718,-0.5199292452830189,158.8423088592233,-14.843055398049444,30.869354363207545,0.0,0.085633626097867,0.0,0.06185721792658209,0.37311930197438337,-0.16549057878537649,-62.74499640460211,0.8343446601941747,0.017395614648938563,0.9551771327417942,-0.9658189475789967,-0.7208747320707771,0.14392678868552414,-0.028458129227898296,-0.19889807162534434,0.975186858120856,-0.9131912224857105,1.0451789274076548,Biotechnology,Healthcare,PSTV
2017Q4,2017,Q4,2018-03-09,2017-12-31,-4287000.0,1528000.0,-3630000.0,-35.61962527522745,1202000.0,0.7866492146596858,31615000.0,13000000.0,14864000.0,18414000.0,18615000.0,3183000.0,-401749000.0,270798750.0,274872750.0,108.0137925304308,0.8072119039860975,0.430934682903685,1.048,-0.13634314903846154,108.0137925304308,-0.32976923076923076,177.22431282722513,-15.791856193142058,20.830673076923077,0.0,0.1024191014765944,0.0,0.04833148821761822,0.5325839035516455,-0.1356001897833307,-63.74735169491525,0.7866492146596858,0.4911482103538936,0.9222869943328392,-0.9855417894053597,-0.860393637322791,-0.2449748743718593,0.10817557728312877,0.16417223117660604,0.9203385274204303,-0.9566376461762722,1.2438550598464109,Biotechnology,Healthcare,PSTV
2017Q3,2017,Q3,2017-11-09,2017-09-30,-4807000.0,1773000.0,-4343000.0,-70.0,1592000.0,0.8979131415679639,26446000.0,7819000.0,9842000.0,18404000.0,18627000.0,3508000.0,-397462000.0,191422275.0,200136275.0,113.350052913121,0.5347750489024126,0.5103607350828102,1.7261798183910986,-0.20374366672921748,113.350052913121,-0.6147844992965853,107.9651861252115,-9.955391876430207,24.481682440209745,0.0,0.0515963511972634,0.0,0.06704227482417001,0.2723864377309281,-0.18176661877032443,-45.30704733727811,0.8979131415679639,0.2631578947368421,0.9490614238860132,-0.8394165319916075,1.09576285810231,0.44858962693357596,0.20532319391634982,0.22182404586991578,0.9163695481318095,-0.7375432048687299,1.3876895371881206,Biotechnology,Healthcare,PSTV
2017Q2,2017,Q2,2017-08-11,2017-06-30,-6049000.0,1500000.0,-5581000.0,-95.0,1099000.0,0.7326666666666667,32476000.0,11230000.0,15623000.0,13229000.0,21246000.0,4243000.0,-392656000.0,515633250.0,521120250.0,179.67712516599735,1.1809660594149218,0.44694543663012687,1.292520035618878,-0.21677995727325694,179.67712516599735,-0.538646482635797,343.7555,-21.310681517606216,45.915694568121104,0.0,0.09450860240395946,0.0,0.04618795418154945,0.7434424370700733,-0.18626062322946177,-99.90956210036815,0.7326666666666667,0.42424242424242425,0.8991291866845036,-0.9549403918860881,1.6938453656274348,-0.08340283569641367,0.19817073170731708,0.21714125403282367,0.9121364589110098,-0.8003811954500595,0.6172447359869904,Biotechnology,Healthcare,PSTV
2017Q1,2017,Q1,2017-05-12,2017-03-31,-7544000.0,1609000.0,-7129000.0,-165.0,1199000.0,0.745183343691734,29771000.0,7363000.0,12085000.0,12882000.0,22408000.0,4107000.0,-386607000.0,545664000.0,555495000.0,161.923821252639,0.9381307250426952,0.5403244768398777,2.184707320385712,-0.30402149345387863,161.923821252639,-1.0245823713160396,339.1323803604723,-18.08271474019088,74.1089229933451,0.0,0.09982955928901875,0.0,0.05404588357797857,0.5533302282254309,-0.2534009606664203,-91.0958263772955,0.745183343691734,-0.375,0.8567796722090889,-0.808056253568441,-0.8097099618855849,-0.4241114313160423,-0.5336450498068713,-0.9869007803790413,0.8344626109727711,-0.7439441789917526,-0.30046482383903633,Biotechnology,Healthcare,PSTV
2016Q4,2016,Q4,2017-03-24,2016-12-31,-4919000.0,3027000.0,-3588000.0,-120.0,2082000.0,0.6878097125867195,34609000.0,10986000.0,18747000.0,12501000.0,23623000.0,3725000.0,-379063000.0,468515250.0,473592250.0,265.5547498187092,1.499640028797696,0.5096073275737525,1.6054068814855271,-0.12535373650560738,265.5547498187092,-0.4477516839614054,154.77874132804757,-23.8115089449075,42.64657291097761,0.0,0.2536912751677852,0.0,0.08746279869398134,1.1083113350931926,-0.14213065965500304,-113.7725230694512,0.6878097125867195,0.07692307692307693,0.8614209033382108,-0.2860483002614982,-0.7850677924753058,0.045180722891566265,0.08636701337295691,0.25203252032520324,0.8844726364062724,-0.793710047911069,-0.17289700367767946,Biotechnology,Healthcare,PSTV
2016Q3,2016,Q3,2016-11-09,2016-09-30,-5384000.0,2610000.0,-4797000.0,-130.0,1992000.0,0.7632183908045977,36842000.0,13670000.0,21041000.0,10904000.0,23172000.0,3946000.0,-374144000.0,624027075.0,626500075.0,333.52038451216237,1.9296588407923698,0.4722056348732425,1.2726408193123628,-0.15440821450413622,333.52038451216237,-0.3938551572787125,239.09083333333334,-28.975997167533432,45.64938368690564,0.0,0.15661429295489102,0.0,0.07084305955159872,1.4528613352898019,-0.1461375603930297,-134.4306495045239,0.7632183908045977,0.3953488372093023,0.8810443137419799,-0.7752935790436889,-0.7889139810248365,-0.11071428571428571,0.15940671350507415,0.22927377892030848,0.7647384748615845,-0.7788039188717403,1.9851823905116164,Biotechnology,Healthcare,PSTV
2016Q2,2016,Q2,2016-08-05,2016-06-30,-6405000.0,2825000.0,-6224000.0,-215.0,2240000.0,0.7929203539823009,42680000.0,18721000.0,26750000.0,10079000.0,23959000.0,4534000.0,-368761000.0,463305975.0,460420975.0,633.3863382616639,2.6540331382081557,0.401991565135895,0.9164574541958229,-0.1734767824293439,633.3863382616639,-0.34212915976710645,164.0021150442478,-18.083761709601873,24.747928796538645,0.0,0.1290251433612704,0.0,0.06619025304592314,2.0788768727056257,-0.15007029053420806,-81.09679240329073,0.7929203539823009,-0.10153106413664624,0.6904708391922539,-0.7103851347200291,-0.541620911497648,-0.047213951509995744,-0.19966285821314853,-0.22111045713164607,0.3649497368106536,-0.6032689388796798,3.7190541908489765,Biotechnology,Healthcare,PSTV
2016Q1,2016,Q1,2016-05-10,2016-03-31,-5339000.0,2918000.0,-5097000.0,-195.182875,2351000.0,0.8056888279643591,32915000.0,7743000.0,16515000.0,9684000.0,25172000.0,4462000.0,-362356000.0,649404000.0,656968000.0,281.68655413271244,1.7053903345724908,0.5141121069421236,2.1854578328813123,-0.20664909791202107,281.68655413271244,-0.6895260235051014,222.55106237148732,-30.408503465068364,83.86981790003875,0.0,0.1270730614074406,0.0,0.08865259000455719,1.051941346551012,-0.162205681300319,-126.66354593329433,0.8056888279643591,-0.3666499951546887,0.8828536981689605,-0.7023806068433041,-0.8340110229329654,-0.09052224371373307,-0.932319942091929,-1.4528392685274303,0.7623485593125247,-0.735006936695701,0.1159212687157836,Biotechnology,Healthcare,PSTV
2015Q4,2015,Q4,2016-03-11,2015-12-31,-2763000.0,3376000.0,-2078000.0,-142.81848,2585000.0,0.7656990521327014,37698000.0,12206000.0,21243000.0,8437000.0,25492000.0,4298000.0,-357017000.0,489145500.0,493238500.0,533.3857717182311,2.5178380941092806,0.4889118786142501,1.5099950843847287,-0.06782648431634951,533.3857717182311,-0.22636408323775192,144.88906990521326,-44.25855048859935,40.07418482713419,0.0,0.18403908794788273,0.0,0.0895538224839514,1.8549247362806685,-0.0732930128919306,-106.59086947047287,0.7656990521327014,-3.0,0.9049720641320711,-0.5914257954966816,-0.8302110871385283,0.30886075949367087,-2.8094302554027504,-2.0405608412618927,0.7365772338971375,-0.8319935991671702,-0.31060612030283463,Biotechnology,Healthcare,PSTV
2015Q3,2015,Q3,2015-11-06,2015-09-30,1527000.0,2477000.0,1997000.0,71.40924,1975000.0,0.7973354864755753,42446000.0,5000000.0,26030000.0,9450000.0,37446000.0,4612000.0,-354255000.0,823790250.0,821244250.0,232.1586107628732,2.7544973544973543,0.38693869858172736,3.2848,0.09321321882001493,232.1586107628732,0.3054,332.57579733548647,134.87070235756386,164.75805,0.0,0.10884648742411102,0.0,0.05835650002355935,2.127407407407407,0.03597512133063186,-132.76232876712328,0.7973354864755753,-0.6666666651106901,1.0437509041917095,-0.5133027495313041,-0.6696955400655713,-0.08775981524249422,-0.6568539325842697,-0.65521408839779,1.0518269908459497,-0.28144108541277585,1.1961372891175857,Biotechnology,Healthcare,PSTV
2015Q2,2015,Q2,2015-08-10,2015-06-30,4450000.0,3461000.0,5792000.0,214.227719,2165000.0,0.625541750939035,46524000.0,2260000.0,29657000.0,9221000.0,44264000.0,4079000.0,-355782000.0,1226232000.0,1218600000.0,116.11179613645704,3.2162455265155625,0.34842231966296966,7.172566371681416,0.31358960476448294,116.11179613645704,1.9690265486725664,354.29991331984974,68.88943820224719,542.5805309734513,0.0006741573033707865,0.3177249325815151,2.446519092634999e-06,0.07439171180465996,2.666955861620215,0.09564955721778007,-241.33674473528833,0.625541750939035,1.1428571425713512,1.2697010206431758,-0.4624006549991635,-0.9477661614969115,0.238558352402746,1.202659622916477,1.2758489307996381,1.2382850629002387,-0.666149046737764,0.7408294106881955,Biotechnology,Healthcare,PSTV
2015Q1,2015,Q1,2015-05-11,2015-03-31,-21958000.0,2346000.0,-20997000.0,-1499.594036,1748000.0,0.7450980392156863,37046000.0,-23195000.0,19861000.0,18702000.0,60241000.0,4614000.0,-360231000.0,1974390750.0,1986868750.0,-1559.5374167955356,1.0619719816062454,0.6931112670733682,-1.107005820219875,-8.459709911361806,-1559.5374167955356,0.946669540849321,841.5987851662404,-22.47917330813371,-85.121394697133,-0.0032789871573003005,0.12960554833116603,3.646694556282742e-05,0.06332667494466339,0.7433964281894985,-0.592722561140204,-378.4532777458309,0.7450980392156863,-1.6249999975930987,-2.5717572930720807,-0.7882072752144158,-1.7247967897181324,-0.2571185720356991,-2.8148019457956917,-3.863794301598332,-0.2745041169840305,-0.1443593494099096,-2.8327410518546077,Biotechnology,Healthcare,PSTV
2014Q4,2014,Q4,2015-03-16,2014-12-31,-5756000.0,3769000.0,-4317000.0,-571.273919,2353000.0,0.6243035287874767,38719000.0,-5702000.0,21686000.0,15917000.0,44421000.0,4829000.0,-338273000.0,709624125.0,720406125.0,-442.94259302415907,1.3624426713576678,0.6561119863632842,-4.455278849526482,-0.21911481067911887,-442.94259302415907,1.009470361276745,188.27915229503847,-30.821061718207087,-124.45179323044546,0.0,0.29322841167943675,0.0,0.09734239004106511,1.0040836841113274,-0.14866086417521113,-143.99840198863637,0.6243035287874767,0.3333333329443392,0.7210397804955907,-0.39754000614705504,0.28315468816210454,2.0718015665796345,0.386680873734683,0.452851711026616,0.478868361631693,1.8568556692537117,-1.3585047128337504,Biotechnology,Healthcare,PSTV
2014Q3,2014,Q3,2014-11-07,2014-09-30,-9385000.0,1103000.0,-7890000.0,-856.910878,766000.0,0.6944696282864914,32314000.0,-3293000.0,14646000.0,14478000.0,35607000.0,5020000.0,-332517000.0,861619500.0,879579500.0,-292.37325756903135,1.0116038126813096,0.7986940644921706,-7.83753416337686,-0.3504174809024694,-292.37325756903135,2.849984816276951,781.1600181323663,-22.95203782631859,-261.6518372304889,0.0,0.06713147410358565,0.0,0.03413381197004394,0.5788782981074734,-0.2904313919663304,-113.94069029357313,0.6944696282864914,0.1999999996265655,0.36225402105177523,-0.6334793381661757,-0.0696382142687121,0.45904761904761904,0.20654379438620224,0.26158165652784277,0.2454179323062848,-0.6544248260915639,-1.1850438829558148,Biotechnology,Healthcare,PSTV
2014Q2,2014,Q2,2014-08-11,2014-06-30,-11828000.0,1291000.0,-10685000.0,-1071.138597,525000.0,0.4066615027110767,38250000.0,1193000.0,20540000.0,16731000.0,37057000.0,4488000.0,-323133000.0,2887179750.0,2901262750.0,111.10076364313653,1.2276612276612278,0.7017777777777777,22.500419111483655,-0.38111713511199885,111.10076364313653,-9.91450125733445,2236.390201394268,-61.024259173148465,2420.100377200335,0.0,0.17067736185383245,0.0,0.033751633986928105,0.8824338055107286,-0.3092287581699346,-305.3601004759387,0.4066615027110767,-0.07142857057119636,-5.550375958838223,-0.930856321776291,1.620144262517144,-0.4817374136229023,-0.1373076923076923,-0.11919974861212947,-0.5733694164726486,-0.6356946144171998,-0.9195968342000809,Biotechnology,Healthcare,PSTV
2014Q1,2014,Q1,2014-05-12,2014-03-31,-10400000.0,1434000.0,-9547000.0,-999.729358,1013000.0,0.706415620641562,39422000.0,2402000.0,22052000.0,14825000.0,37020000.0,4225000.0,-311305000.0,3152013750.0,3165779750.0,231.47345090103113,1.487487352445194,0.6738876769316625,11.059950041631973,-0.3295705606186136,231.47345090103113,-4.329725228975853,2198.057008368201,-75.76956129807692,1312.2455245628644,0.0,0.09964497041420119,0.0,0.03637562782202831,1.1086677908937606,-0.2638120846227994,-335.17798277328797,0.706415620641562,0.0,0.303477652740929,-0.6949738604606341,1.1714108832637724,-0.5661670235546039,-0.035856573705179286,-0.04716463749040255,0.39553198300799425,-0.6125671725431405,-0.8636000165093551,Biotechnology,Healthcare,PSTV
2013Q4,2013,Q4,2014-03-14,2013-12-31,-10040000.0,3460000.0,-9117000.0,-999.729358,2335000.0,0.6748554913294798,42060000.0,3132000.0,24577000.0,14906000.0,38928000.0,3694000.0,-300905000.0,2820414375.0,2831199375.0,321.0661199384931,1.6487991412853884,0.6250832144555397,8.394316730523627,-0.30985963361995716,321.0661199384931,-3.205619412515964,815.1486632947976,-70.22944160856574,900.5154454022988,0.0,0.3045479155387114,0.0,0.08226343319067998,1.3262444653159802,-0.23870660960532572,-297.44931185403925,0.6748554913294798,-0.7499999995623817,0.332238747036629,9.739394228362318,1.1763221739405643,0.31179775280898875,-0.9094712818562191,-0.07753220659496514,0.18995566495339472,-0.017688405883280783,-0.8977972972818533,Biotechnology,Healthcare,PSTV
2013Q3,2013,Q3,2013-11-12,2013-09-30,-5258000.0,2711000.0,-8461000.0,-571.273919,1780000.0,0.6565842862412394,35222000.0,-3188000.0,18093000.0,12644000.0,38410000.0,4138000.0,-290865000.0,2468431125.0,2484241125.0,-338.53668896676226,1.4309553938627018,0.7386008744534666,-8.160288582183187,-0.3611644683484868,-338.53668896676226,1.6493099121706398,910.5242069347105,-117.36549662419172,-774.2883077164366,0.0,0.2249879168680522,0.0,0.0769689398671285,1.0144732679531794,-0.14928169893816365,-302.7264072847682,0.6565842862412394,-0.6000000016804548,0.6794206539320733,-0.5143204878924029,0.42713679177868247,0.07293550331525014,-0.6374961071317347,-0.3297186861543297,0.6554587577186062,0.21824613268217816,-1.481654235652578,Biotechnology,Healthcare,PSTV
2013Q2,2013,Q2,2013-08-09,2013-06-30,-3211000.0,2267000.0,-6363000.0,-357.046199,1659000.0,0.7318041464490516,39764000.0,1263000.0,21719000.0,7842000.0,38501000.0,4012000.0,-285605000.0,2487768750.0,2499887750.0,134.21891604675878,2.7695740882427953,0.6473191831807665,20.380047505938244,-0.23564048439062327,134.21891604675878,-2.5423594615993665,1097.3836568151742,-193.69112036748677,1969.7298099762468,0.0,0.15154536390827517,0.0,0.05701136706568756,2.1063504208110175,-0.08075143345739866,-308.23550365506134,0.7318041464490516,0.5454545455702793,0.8533749764577946,-0.37969812983096723,1.0397771258820325,-0.4473684210526316,0.5811921220816486,0.05551432388303399,0.5974634157332062,-0.2716315523412308,-0.9396205259230787,Biotechnology,Healthcare,PSTV
2013Q1,2013,Q1,2013-05-10,2013-03-31,-7667000.0,3758000.0,-6737000.0,-785.501638,3002000.0,0.7988291644491751,33366000.0,2368000.0,24200000.0,16684000.0,30998000.0,3646000.0,-282395000.0,2670067125.0,2674057125.0,252.42511459332692,1.4504914888515943,0.6112210034166516,8.61233108108108,-0.2859264918088448,252.42511459332692,-3.2377533783783785,710.5021620542842,-87.06362087517934,1127.562130489865,0.0,0.20735052111903457,0.0,0.1126296229694899,1.1606928794054183,-0.22978481088533237,-284.80716,0.7988291644491751,-0.833333332944339,0.6619403728275736,7.959756648990833,1.0780729159561067,-0.49239093676022994,-1.0049686192468619,-1.4400579500181094,-0.9772612929986082,-0.4621152298470613,-0.8826851406506127,Biotechnology,Healthcare,PSTV
2012Q4,2012,Q4,2013-03-15,2012-12-31,-3824000.0,7326000.0,-2761000.0,-428.455439,5914000.0,0.8072618072618073,43250000.0,6455000.0,33979000.0,17613000.0,36795000.0,3175000.0,-274728000.0,2628045000.0,2625015000.0,773.7025050940908,1.929200022710498,0.5245549132947976,3.514639814097599,-0.053271334581026064,773.7025050940908,-0.5924089852827266,358.7285012285012,-171.81256537656904,407.13323005422154,0.0,0.4447244094488189,0.0,0.16938728323699423,1.6893203883495145,-0.08841618497109827,-311.26909866161316,0.8072618072618073,0.684210526354581,0.8531397062553505,124.20262495505214,1.2816606353651043,8.647634584013051,0.6600284495021337,0.7327719705768486,0.7140455231905697,0.8068683705421004,2.2521374604037776,Biotechnology,Healthcare,PSTV
2012Q3,2012,Q3,2012-11-09,2012-09-30,-11248000.0,1316000.0,-10332000.0,-1356.775557,613000.0,0.46580547112462006,32010000.0,-9732000.0,23592000.0,15355000.0,41742000.0,3411000.0,-270904000.0,3820146750.0,3827463750.0,-1183.6536122597909,1.5364376424617388,0.7792877225866917,-2.563193588162762,,-1183.6536122597909,1.1557747636662556,2902.847074468085,-84.907244621266,-392.5346023427867,0.0,0.2060979184989739,0.0,0.041112152452358636,1.2433083686095734,-0.3513901905654483,-471.041522811344,0.46580547112462006,-0.46153846145559885,0.14061190842995747,-0.8411753935032755,-17.645750589216473,-0.8166866028708134,-0.4268679436762654,-0.4844827586206897,-0.047045058291625384,-0.4009605132623613,-3.3303588934817085,Biotechnology,Healthcare,PSTV
2012Q2,2012,Q2,2012-08-09,2012-06-30,-7883000.0,4376000.0,-6960000.0,-928.320118,3344000.0,0.7641681901279708,40504000.0,548000.0,31977000.0,12404000.0,39956000.0,3108000.0,-259657000.0,2495610000.0,2494618000.0,66.69912366114897,2.577958722992583,0.6117667390874976,45.21715328467153,,66.69912366114897,-14.385036496350365,570.2947897623401,-79.14531269821134,4554.032846715329,0.0,0.33204633204633205,0.0,0.10803871222595299,2.2375040309577554,-0.19462275330831522,-274.09225700164745,0.7641681901279708,0.18749999961708394,0.21004652412880254,2.422494979308666,-0.9512355295899599,4.2995245641838356,0.15463806970509383,0.1679617453676031,-4.705706222548102,-0.6936862310406748,1.3723023811631407,Biotechnology,Healthcare,PSTV
2012Q1,2012,Q1,2012-05-10,2012-03-31,-9325000.0,1484000.0,-8365000.0,-1142.547837,631000.0,0.4252021563342318,49102000.0,6850000.0,40333000.0,10957000.0,42252000.0,3374000.0,-251774000.0,2255006250.0,2245222250.0,850.9316770186335,3.6810258282376562,0.5013034092297666,3.5934306569343066,,850.9316770186335,-1.3613138686131387,1519.5459905660377,-60.455931635388744,329.1979927007299,0.0,0.25281564908120924,0.0,0.03022280151521323,3.2695080770283838,-0.18991079793083784,-291.38212301330924,0.4252021563342318,-0.33162155608078764,0.6246506255960232,0.8494037267080747,0.9786979145242894,6.302521008403361,-0.3500796293615173,-0.4004687761593839,0.1949432560110331,-0.5930905797101449,1.6301325261584778,Biotechnology,Healthcare,PSTV
2011Q4,2011,Q4,2012-03-13,2011-12-31,-6907000.0,825000.0,-5973000.0,-858.0124223602485,-119000.0,-0.14424242424242426,51534000.0,9946000.0,43337000.0,7821000.0,41588000.0,3318000.0,-242449000.0,1992375000.0,1979902000.0,1235.527950310559,5.5411072752844905,0.47442465168626535,2.458174140357933,,1235.527950310559,-0.6944500301628795,2415.0,-72.11434052410598,200.31922380856628,0.0,0.2845087402049427,0.0,0.016008848527185936,5.009845288326301,-0.1340280203360888,-249.01574803149606,-0.14424242424242426,0.19897161323162688,-0.26054230879180856,-0.9579124441538629,1.3209653206716323,-1.0994152046783625,0.1713257348530294,0.23648216796625335,0.44331649633148607,3.5251697241080455,1.6785237078419266,Biotechnology,Healthcare,PSTV
2011Q3,2011,Q3,2011-11-08,2011-09-30,-8335000.0,2139000.0,-7823000.0,-1071.138597,1197000.0,0.5596072931276297,55568000.0,11926000.0,47625000.0,6443000.0,43642000.0,4153000.0,-235542000.0,2504992500.0,2488467500.0,1580.0211976682565,7.391742976874127,0.0012417218543046358,0.0057856783498239145,,1580.0211976682565,-0.6988931745765554,1171.1044880785414,-75.13474805038993,210.04465034378669,0.0,0.22682398266313508,0.0,0.03849337748344371,6.638212013037405,-0.1499964008062194,-316.40678287230014,0.5596072931276297,-0.49999999999999983,0.7065199211114038,3.9645875419869223,1.3696605473006365,-0.08834729626808835,-0.6222265472946672,-0.7893412625800549,0.3659825078035608,-0.5219077216161395,3.673671840758131,Biotechnology,Healthcare,PSTV
2011Q2,2011,Q2,2011-08-09,2011-06-30,-5138000.0,2422000.0,-4372000.0,-714.092398,1313000.0,0.5421139554087531,48756000.0,10141000.0,40430000.0,15612000.0,38615000.0,3891000.0,-227207000.0,3954803625.0,3939624625.0,1381.7958849979561,2.5896746092749168,0.370210845844614,1.779903362587516,,1381.7958849979561,-0.5066561483088453,1632.866897192403,-192.42913706695214,389.98162163494726,0.0,0.2850167052171678,0.0,0.04967593732053491,2.2860620035869843,-0.10538190171466076,-426.62390776699027,0.5421139554087531,0.565217391463181,0.7910148753755979,0.5903502621544398,1.1630783595691485,-0.2518518518518518,0.5743870112657389,0.6111358178422129,0.6991745154232608,-0.15027490412420244,1.4095091100399748,Biotechnology,Healthcare,PSTV
2011Q1,2011,Q1,2011-05-06,2011-03-31,-12072000.0,2597000.0,-11243000.0,-1642.412516,1755000.0,0.6757797458606084,57241000.0,12356000.0,48937000.0,14640000.0,44885000.0,3552000.0,-222070000.0,6405459750.0,6382857750.0,1697.0196401593187,3.342691256830601,0.0,0.0,,1697.0196401593187,-0.9770152152800259,2466.484308817867,-132.65117109840955,518.4088499514406,0.0,0.23704954954954954,0.0,0.04536957775021401,3.03422131147541,-0.21089778305759857,-598.9209677419354,0.6757797458606084,-0.29266085061031255,0.5196740531679549,0.5347263603189221,1.2958723402005108,0.20701513067400276,-0.30494000648578534,-0.3055039479795634,0.3141878473323625,6.977549230560695,1.5248735727246192,Biotechnology,Healthcare,PSTV
2010Q4,2010,Q4,2011-03-11,2010-12-31,-9251000.0,2629000.0,-8612000.0,-1270.5672297761296,1454000.0,0.5530620007607455,66347000.0,22873000.0,58953000.0,13223000.0,43474000.0,3378000.0,-209998000.0,4251193875.0,4218233875.0,3141.4640846037632,4.458367995159948,0.09726136826081058,0.2821230271499148,,3141.4640846037632,-0.4044506623529926,1617.0383701027006,-114.88471178791482,185.86079110741923,0.0,0.3478389579632919,0.0,0.03962500188403394,4.139832110716176,-0.13943358403544998,-866.5295301671423,0.5530620007607455,0.2264018829626786,0.8089372586802813,0.08022968748394967,2.0893502043255947,1.4273789649415694,0.1119324181626188,0.10207486184965071,0.5928950318076859,50.48353019273909,2.143626606118519,Biotechnology,Healthcare,PSTV
2010Q3,2010,Q3,2010-11-08,2010-09-30,-10417000.0,1519000.0,-9591000.0,-1642.412516,599000.0,0.39433838051349573,43377000.0,4518000.0,36432000.0,9617000.0,38859000.0,3065000.0,-200747000.0,3536203500.0,3524928500.0,702.8624766645925,3.788291567016741,0.4484865251169975,4.305887560867641,,702.8624766645925,-2.305666223992917,2327.9812376563527,-84.86616828261495,782.6922310756971,0.0,0.300163132137031,0.0,0.03501855822209927,3.368306124571072,-0.24015031007215806,-503.0877080665813,0.39433838051349573,-0.9166666664721697,-0.5051150914269302,-0.6825799461427053,-0.6511950577038161,-0.5069958847736625,-0.9373256462711549,-0.9022213407378025,-0.018024646067972248,-0.7655116466260584,8.884372728556265,Biotechnology,Healthcare,PSTV
2010Q2,2010,Q2,2010-08-09,2010-06-30,-5377000.0,2098000.0,-5042000.0,-856.910878,1215000.0,0.5791229742612012,50486000.0,14100000.0,43809000.0,7229000.0,36386000.0,2555000.0,-190331000.0,2483284500.0,2464388500.0,2222.9229071417312,6.060174297966523,0.3803826803470269,1.3619858156028368,,2222.9229071417312,-0.38134751773049647,1183.643708293613,-115.45864329551796,176.11946808510638,0.0,0.3455968688845401,0.0,0.0415560749514717,5.6263660257297,-0.10650477360060215,-533.5806832831972,0.5791229742612012,-1.0,0.6815763304319467,-0.5679321929788574,-0.2593936093882315,-0.6507617131359587,-1.1973845525132816,-1.428709055876686,0.3020637695870235,1.1253805868674132,0.6252036365547324,Biotechnology,Healthcare,PSTV
2010Q1,2010,Q1,2010-05-06,2010-03-31,-2447000.0,4409000.0,-2076000.0,-428.455439,3479000.0,0.7890678158312543,35445000.0,12738000.0,28925000.0,7112000.0,22707000.0,2603000.0,-184951000.0,3036960000.0,3019210000.0,2151.689189189189,4.06706974128234,0.13920157991254056,0.3873449521117915,,2151.689189189189,-0.19210237085884754,688.8092537990474,-310.27380465876587,238.41733396137542,0.0,0.35728006146753744,0.0,0.12438989984483002,3.567632170978628,-0.06903653547750035,-399.8630678077683,0.7890678158312543,0.7326950997070292,0.8215870691765325,-0.18654672699530156,-0.4938725561964999,0.6348684210526315,0.7421224575824639,0.7717427157779,0.8660647172434864,6.4715739623552135,4.003389844728835,Biotechnology,Healthcare,PSTV
2009Q4,2009,Q4,2010-03-12,2009-12-31,-9489000.0,2877000.0,-9095000.0,-1602.8716216216217,2128000.0,0.7396593673965937,24749000.0,-3658000.0,18098000.0,8183000.0,28407000.0,2589000.0,-182504000.0,4062600000.0,4055241000.0,-617.9054054054054,2.211658316021019,0.2220291728958746,-1.5021869874248224,,-617.9054054054054,2.5940404592673594,1412.0959332638165,-107.03446095478975,-1110.6068890103882,0.0,0.2893008883738895,0.0,0.11624712109580185,1.7701332029817916,-0.383409430684068,-650.2240717029449,0.7396593673965937,-0.24701542309173619,0.2743254984595345,-0.17569063203828825,-1.0940845602869291,2.4942528735632186,-0.3950308732725669,-0.4168873656332762,-1.3548464357401335,-0.8004214823376007,0.839480598928717,Biotechnology,Healthcare,PSTV
2009Q3,2009,Q3,2009-11-09,2009-09-30,-6802000.0,1391000.0,-6419000.0,-1285.366317,609000.0,0.4378145219266715,25001000.0,-1423000.0,18005000.0,6633000.0,26424000.0,1894000.0,-173015000.0,2313416250.0,2306309250.0,-273.3384556281214,2.714458012965476,0.24131034758609657,-4.239634574841883,,-273.3384556281214,4.780042164441321,1663.1317397555715,-85.02706005586593,-1625.7317287420942,0.0,0.41288278775079196,0.0,0.055637774489020436,2.260666365143977,-0.2720691172353106,-405.2226747241198,0.4378145219266715,-7.999999978994316,-1.5604509940558957,-0.70629998947533,-1.0310557588110958,-0.9215711526078557,-7.234866828087167,-13.962703962703962,0.6527538987860082,3.6808771833540823,0.9360499446115551,Biotechnology,Healthcare,PSTV
2009Q2,2009,Q2,2009-08-10,2009-06-30,-826000.0,8541000.0,-429000.0,-142.81848,7765000.0,0.9091441283222105,25682000.0,-880000.0,18323000.0,6476000.0,26562000.0,1861000.0,-166212000.0,1994886000.0,1987504000.0,-179.1530944625407,2.8293699814700433,0.25457518884822056,-7.429545454545455,,-179.1530944625407,0.9386363636363636,233.56585879873552,-603.7790556900727,-2266.9159090909093,0.0,0.4169801182160129,0.0,0.33256755704384394,2.381717109326745,-0.03216260415855463,-333.14729458917833,0.9091441283222105,0.8999999997899432,0.9139781947044893,1.2006018920005077,-1.0276745170093915,8.32172869147659,0.8645457527058051,0.9234475374732334,0.9498027585518806,7.37926445844209,0.9788565061787464,Biotechnology,Healthcare,PSTV
2009Q1,2009,Q1,2009-05-11,2009-03-31,-6098000.0,1920000.0,-5604000.0,-1428.184797,833000.0,0.43385416666666665,27658000.0,-5723000.0,19700000.0,6892000.0,33381000.0,1851000.0,-165386000.0,820053000.0,811598000.0,-1350.4011326097216,2.8583865351131745,0.2537059801865645,-1.2261051895858814,,-1350.4011326097216,1.0655250742617508,427.1109375,-33.619752377828796,-143.29075659619082,0.0,0.5872501350621285,0.0,0.0694193361775978,2.4217933836331977,-0.22047870417239135,-134.81061975998685,0.43385416666666665,0.07338530776393154,-2.885037579458463,-0.6240043917519816,-1.1607796895915934,2.295489891135303,0.06644213104715248,0.1036468330134357,0.5831552659668197,0.9493521901069624,0.7645599768797321,Biotechnology,Healthcare,PSTV
2008Q4,2008,Q4,2009-03-06,2008-12-31,-6532000.0,-172000.0,-6252000.0,-1541.2930627654555,-643000.0,-3.738372093023256,25609000.0,-7717000.0,17225000.0,7135000.0,33326000.0,2143000.0,-162168000.0,1721157750.0,1715637750.0,-1820.9060877772533,2.414155571128241,0.2768948416572299,-0.9188803939354672,,-1820.9060877772533,0.8464429182324738,-10006.731104651162,-65.87407187691365,-223.0345665414021,0.0,0.21978534764349045,0.0,-0.006716388769573197,1.9946741415557112,-0.255066578156117,-233.59904315960912,3.738372093023256,0.10066898300860673,-1.6276017978324622,-1.016639839247607,-1.2384069141687033,-1.3845693779904307,0.041807246589408834,0.08180349537377,0.7682266071029391,-1.1214182720903996,0.36857326222525805,Biotechnology,Healthcare,PSTV
2008Q3,2008,Q3,2008-11-10,2008-09-30,-6817000.0,2320000.0,-6809000.0,-1713.821756,1672000.0,0.7206896551724138,26668000.0,-2313000.0,18107000.0,6997000.0,28981000.0,1436000.0,-155636000.0,2324916000.0,2312011000.0,-590.9555442003066,2.587823352865514,0.018074096295185242,-0.2083873757025508,,-590.9555442003066,2.947254647643753,1002.1189655172413,-85.26169869444037,-1005.1517509727627,0.0,0.45125348189415043,0.0,0.08699565021748913,2.2320994712019435,-0.2556247187640618,-293.0320141164608,0.7206896551724138,0.272727272572961,-0.27251493023550466,-0.7303311520266372,-1.0637094252669947,1.2935528120713307,0.18970640675145609,0.18669374104156714,-0.6176158250283186,-0.20380468311426395,-1.2932696243404138,Biotechnology,Healthcare,PSTV
2008Q2,2008,Q2,2008-08-11,2008-06-30,-8413000.0,1404000.0,-8372000.0,-2356.504914,729000.0,0.5192307692307693,16930000.0,-12198000.0,8074000.0,7320000.0,29128000.0,932000.0,-148818000.0,2635335000.0,2630619000.0,-3374.2738589211617,1.1030054644808742,0.03614884819846426,-0.05017215937038859,,-3374.2738589211617,0.6897032300377111,1877.0192307692307,-78.31139308213479,-216.04648303000494,0.0,0.7242489270386266,0.0,0.08292971057294743,0.8744535519125683,-0.496928529238039,-288.23526194903206,0.5192307692307693,0.029411764778566364,-1.3012511276942909,-0.7276110133600524,-1.3303053789491555,6.838709677419355,-0.016922519037833917,-0.005283381364073006,0.12581649979597664,-0.4926590213285009,-2.1241994832850546,Biotechnology,Healthcare,PSTV
2008Q1,2008,Q1,2008-05-09,2008-03-31,-8273000.0,153000.0,-8328000.0,-2427.914154,93000.0,0.6078431372549019,18380000.0,-11064000.0,9298000.0,7308000.0,29444000.0,360000.0,-140405000.0,1836330750.0,1829105750.0,-3233.196960841613,1.272304324028462,0.0427094668117519,-0.07095083152566883,,-3233.196960841613,0.7477404193781634,12002.161764705883,-55.49168227970506,-165.97349511930585,0.0,0.16666666666666666,0.0,0.008324265505984765,1.1160372194854953,-0.4501088139281828,-196.67245903395096,0.6078431372549019,0.22206720646179776,-0.4984648294393524,-0.9528787745200074,-1.2896654953900493,2.875,0.225374531835206,0.22995839112343966,-0.0435111262420929,-0.9511656238085919,-1.7605232769332504,Biotechnology,Healthcare,PSTV
2007Q4,2007,Q4,2008-03-14,2007-12-31,-10680000.0,24000.0,-10815000.0,-3120.981881940386,24000.0,1.0,21507000.0,-9400000.0,12238000.0,8070000.0,30907000.0,0.0,-132132000.0,2329098750.0,2318591750.0,-2746.9316189362944,1.5164807930607187,0.04454363695540987,-0.10191489361702127,,-2746.9316189362944,1.1361702127659574,97045.78125,-54.520101825842694,-247.77646276595746,0.0,0.0,0.0,0.0011159157483609987,1.4299876084262702,-0.49658250802064446,-324.4321980777267,1.0,-0.9866170425098375,-0.15362839381541898,-0.9930345244441197,-1.2148302358644927,-0.9928846723984583,-1.0045045045045045,-0.9278074866310161,-0.41297465183306636,-0.9881039353204755,-1.41825795865359,Biotechnology,Healthcare,PSTV
2007Q3,2007,Q3,2007-11-13,2007-09-30,-5328000.0,3373000.0,-5610000.0,-1571.003276,3373000.0,1.0,28949000.0,238000.0,19752000.0,5593000.0,28711000.0,0.0,-121452000.0,2387247750.0,2370444750.0,71.10845533313415,3.5315573037725727,0.03924142457425127,4.773109243697479,,71.10845533313415,-22.386554621848738,707.7520753038838,-112.01425253378379,10030.452731092437,0.0,0.0,0.0,0.11651525095858234,3.3906669050598963,-0.1840478082144461,-298.2195815115553,1.0,-0.2941176469619114,-0.06429021994314209,-0.39478975087664503,-0.99488656560322,9.707936507936507,-0.3333333333333333,0.08273381294964029,-1.6828317142128184,0.10774965819396394,-0.99192090614114,Biotechnology,Healthcare,PSTV
2007Q2,2007,Q2,2007-08-14,2007-06-30,-3996000.0,512000.0,-6116000.0,-1213.957077,315000.0,0.615234375,36811000.0,4500000.0,27304000.0,5598000.0,32311000.0,92000.0,-116125000.0,2128218750.0,2106794750.0,1367.7811550151976,4.877456234369418,0.03759745728179077,0.3075555555555556,,1367.7811550151976,-0.888,4156.67724609375,-133.14681869369372,472.9375,0.0,2.141304347826087,0.0,0.013908885930835892,4.760271525544837,-0.10855450816332074,-300.4261363636364,0.615234375,0.6046511628664348,-0.5540383058361315,-0.882089775129884,-0.9116601855102604,4.7272727272727275,0.5390471796054909,0.30563124432334243,0.37867840987961615,-0.8030458295503888,-0.7887132066953618,Biotechnology,Healthcare,PSTV
2007Q1,2007,Q1,2007-05-11,2007-03-31,-8669000.0,280000.0,-8808000.0,-3070.597313,55000.0,0.19642857142857142,36259000.0,1208000.0,25649000.0,6008000.0,35051000.0,212000.0,-112129000.0,1832872500.0,1813076500.0,430.04627981488073,4.269141145139813,0.052538680051849196,1.5769867549668874,,430.04627981488073,-7.176324503311259,6545.973214285715,-52.85709136001846,1517.278559602649,0.0,1.0613207547169812,0.0,0.007722220690035577,4.110352862849534,-0.23908546843542294,-221.09439083232812,0.19642857142857142,-3.5111442741720715,-1.207850144741207,-0.8115067719909301,-0.974390968527819,-0.9915992057430885,-3.5339958158995817,-3.3560830860534123,-5.0430657928375,-0.9172727118615336,-0.9487983935224978,Biotechnology,Healthcare,PSTV
