Quarters,Year,Quarter,FillingDate,Date,NetIncome,Revenue,OperatingIncome,EPSDiluted,GrossProfit,GrossProfitRatio,TotalAssets,CommonStockEquity,CurrentAssets,CurrentLiability,TotalLiability,Inventory,RetainedEarnings,MarketCap,EnterpriseValue,bookValuePerShare,currentRatio,debtToAssets,debtToEquity,roic,shareholdersEquityPerShare,roe,priceToSalesRatio,peRatio,pbRatio,payoutRatio,inventoryTurnover,dividendYield,assetTurnover,quickRatio,returnOnAssets,priceToFreeCashFlowsRatio,grossProfitMargin,epsdilutedGrowth,fiveYNetIncomeGrowthPerShare,fiveYRevenueGrowthPerShare,fiveYShareholdersEquityGrowthPerShare,grossProfitGrowth,netIncomeGrowth,operatingIncomeGrowth,threeYNetIncomeGrowthPerShare,threeYRevenueGrowthPerShare,threeYShareholdersEquityGrowthPerShare,Industry,Sector,Symbol
2023Q1,2023,Q1,2023-05-12,2023-03-31,-373156.0,0.0,-590268.0,-0.0551,0.0,0.0,14430169.0,1986980.0,14430169.0,3293189.0,12443189.0,0.0,-11579207.0,72298772.64,72770679.64,0.2935173810718234,4.381822300511753,0.04504451749664193,0.3271296137857452,-0.17339851248005872,0.2935173810718234,-0.18780058178743622,0.0,-48.4373644266741,36.38626087831785,0.0,0.0,0.0,0.0,4.314928781797826,-0.02585943380150295,-365.5570295838242,0.0,-3.8333333333333335,-1.0000033513278828,0.0,-0.9604264493663504,-1.0,-0.420599600266489,-2.561568370223503,-1.0000033513278828,0.0,-0.9604264493663504,Shell Companies,Financial Services,PBAX
2022Q4,2022,Q4,2023-03-24,2022-12-31,-262675.0,254831.0,377996.8980259998,-0.0114,254831.0,1.0,42367032.0,2468691.0,42367032.0,30748341.0,39898341.0,0.0,-10755924.0,236024331.87500003,236198461.87500003,0.10742196355724776,1.3778639959794905,0.015342117899597026,0.26329743171583647,-0.11534249940007482,0.10742196355724776,-0.10640254288608822,926.1994493409359,-224.63532109546017,95.60707754635959,0.0,0.0,0.0,0.0060148419176495535,0.015476282118765367,-0.006199985875810229,-632.6034089386225,1.0,-4.081081081081081,0.0,0.0,0.0,0.0,-4.108395952902195,1.607486569443868,0.0,0.0,0.0,Shell Companies,Financial Services,PBAX
2022Q3,2022,Q3,2022-11-10,2022-09-30,84505.0,0.0,144966.0,0.0037,0.0,0.0,180451041.0,170425074.0,785290.0,875967.0,10025967.0,0.0,-9057744.0,231880812.5,231372897.5,7.415831340766929,0.8964835433298286,0.0,0.0,0.0004958483984580813,7.415831340766929,0.0004958483984580813,0.0,685.9973152476184,1.3606026804483007,0.0,0.0,0.0,0.0,205.66126691987256,0.00046829876697691093,-1329.9807426483662,0.0,1.7551020408163265,0.0,0.0,7100.044749999999,0.0,1.7574236571090536,2.299339422240945,0.0,0.0,7100.044749999999,Shell Companies,Financial Services,PBAX
2022Q2,2022,Q2,2022-08-11,2022-06-30,-111569.0,0.0,-111569.0,-0.0049,0.0,0.0,179724777.0,170340569.0,846025.0,234208.0,9384208.0,0.0,-8159978.0,230272125.0,229718350.0,7.412154212673375,3.612280536958601,0.0,0.0,-0.0006549760908688757,7.412154212673375,-0.0006549760908688757,0.0,-515.9859033423263,1.3518337196584096,0.0,0.0,0.0,0.0,765.7517249624266,-0.0006207769560899218,-972.8150202571111,0.0,-1.000000297908017,0.0,0.0,0.0,0.0,-1.0000002951590174,0.9999997048415729,0.0,0.0,0.0,Shell Companies,Financial Services,PBAX
2022Q1,2022,Q1,2022-05-13,2022-03-31,377996244006.0,0.0,-377997000000.0,16448.03,0.0,0.0,179776795.0,170452138.0,1097607.0,174657.0,9324657.0,0.0,-8048409.0,229927406.25000003,229136924.25000003,7.417008996464509,6.284357340387158,0.0,0.0,2217609285.7573895,7.417008996464509,2217.6092857573894,0.0,0.00015206990141835268,1.3489265018781988,0.0,0.0,0.0,0.0,4.525910785138872,2102.5863989064883,-746.2970559023147,0.0,0.0,0.0,0.0,0.0,0.0,0.0,0.0,0.0,0.0,0.0,Shell Companies,Financial Services,PBAX
2021Q3,2021,Q3,2021-11-19,2021-09-30,0.0,0.0,0.0,0.0,0.0,0.0,301000.0,24000.0,24000.0,277000.0,277000.0,0.0,-1000.0,228203812.5,228203812.5,0.001044329616535219,0.08664259927797834,0.0,0.0,,0.001044329616535219,0.0,0.0,0.0,9508.492187499998,0.0,0.0,,0.0,0.0,0.0,0.0,0.0,0.0,0.0,0.0,0.0,0.0,0.0,0.0,0.0,0.0,0.0,Shell Companies,Financial Services,PBAX
2021Q4,2021,Q4,2022-03-24,2021-12-31,,,,,,,180078.207,-7669.865,1361.073,98.072,9248.072,0.0,-7670.412,0.0,-1098.573,0.0,13.87830369524431,0.0,0.0,,0.0,,0.0,0.0,0.0,0.0,0.0,,,11.201698751937354,,0.0,0.0,0.0,0.0,0.0,0.0,0.0,0.0,0.0,0.0,0.0,0.0,Shell Companies,Financial Services,PBAX
2021Q2,2021,Q2,2021-06-30,2021-06-30,,,,,,,25000.0,24000.0,24000.0,1000.0,1000.0,0.0,-1000.0,0.0,0.0,0.0,24.0,0.0,0.0,,0.0,,0.0,0.0,0.0,0.0,0.0,,,0.0,,0.0,0.0,0.0,0.0,0.0,0.0,0.0,0.0,0.0,0.0,0.0,0.0,Shell Companies,Financial Services,PBAX
