Quarters,Year,Quarter,FillingDate,Date,NetIncome,Revenue,OperatingIncome,EPSDiluted,GrossProfit,GrossProfitRatio,TotalAssets,CommonStockEquity,CurrentAssets,CurrentLiability,TotalLiability,Inventory,RetainedEarnings,MarketCap,EnterpriseValue,bookValuePerShare,currentRatio,debtToAssets,debtToEquity,roic,shareholdersEquityPerShare,roe,priceToSalesRatio,peRatio,pbRatio,payoutRatio,inventoryTurnover,dividendYield,assetTurnover,quickRatio,returnOnAssets,priceToFreeCashFlowsRatio,grossProfitMargin,epsdilutedGrowth,fiveYNetIncomeGrowthPerShare,fiveYRevenueGrowthPerShare,fiveYShareholdersEquityGrowthPerShare,grossProfitGrowth,netIncomeGrowth,operatingIncomeGrowth,threeYNetIncomeGrowthPerShare,threeYRevenueGrowthPerShare,threeYShareholdersEquityGrowthPerShare,Industry,Sector,Symbol
2023Q4,2023,Q4,2023-06-23,2023-03-31,-29087000.0,0.0,29741000.0,0.0,0.0,0.0,79123000.0,67955000.0,29290000.0,3411000.0,11168000.0,0.0,-198266000.0,0.0,-27390000.0,0.0,8.58692465552624,0.0061296968011829685,0.00713707600618056,0.33065447267251435,0.0,-0.42803325730262676,0.0,0.0,0.0,0.0,0.0,,0.0,8.411609498680738,-0.3676175069196062,0.0,0.0,1.0,1.0,0.0,-1.0,1.0,-6.479300591411674,8.006124852767963,-1.0,0.0,-1.0,Biotechnology,Healthcare,ACST
2023Q3,2023,Q3,2023-02-14,2022-12-31,-3889000.0,0.0,-4245000.0,-0.0872,-4245000.0,0.0,116801000.0,96720000.0,33428000.0,3433000.0,20081000.0,0.0,-169179000.0,30258822.154507797,4520822.154507797,2.1679861562697065,9.737256044276144,0.004306469978852921,0.005200578990901572,-0.0405787910134346,2.1679861562697065,-0.04020885028949545,0.0,-1.945154419806364,0.31284969142377783,0.0,0.0,0.0,0.0,9.331197203612001,-0.03329594780866602,-8.129721159190703,0.0,0.20727272727272728,0.9641393447902278,0.0,-0.6591928306344064,0.16895066562255287,0.21099614526273078,0.16895066562255287,0.9477098394849632,0.0,5.964910449620382,Biotechnology,Healthcare,ACST
2023Q2,2023,Q2,2022-11-14,2022-09-30,-4929000.0,0.0,-5108000.0,-0.11,-5108000.0,0.0,120911000.0,100164000.0,37505000.0,3805000.0,20747000.0,0.0,-165290000.0,35547554.9066967,1141554.9066966996,2.2482999033287605,9.85676741130092,0.004300683974162814,0.005191485963020646,-0.04893352330622235,2.2482999033287605,-0.04920929675332455,0.0,-1.8029800622183354,0.3548935236881185,0.0,0.0,0.0,0.0,9.408409986859395,-0.04076552174740098,-10.330588464602354,0.0,-0.09999999999999995,0.9444943206991573,0.0,-0.6532955994761243,-0.08727117922520221,-0.08952254641909814,-0.0799154334038055,0.9683829237942827,0.0,19.51098547797721,Biotechnology,Healthcare,ACST
2023Q1,2023,Q1,2022-08-11,2022-06-30,-4524000.0,32000.0,-4730000.0,-0.1,-4698000.0,-146.8125,124931000.0,104403000.0,41248000.0,3707000.0,20528000.0,0.0,-160361000.0,48620879.57429709,11062879.574297093,2.355235620678907,11.127056919341786,0.006555618701523241,0.007844602166604408,-0.04234049045147396,2.355235620678907,-0.04333208815838625,1519.402486696784,-2.686830215202094,0.4657038550070122,0.0,0.0,0.0,0.0002561413900473061,10.616940922578905,-0.0362119890179379,-8.94917717178301,-146.8125,-0.1013215859030837,0.9089245694342566,0.0,-0.7031917510505049,0.0,-0.1253731343283582,-0.07426754485578015,0.8980729885211599,0.0,7.5206492858534135,Biotechnology,Healthcare,ACST
2022Q4,2022,Q4,2022-06-21,2022-03-31,-4020000.0,0.0,-4403000.0,-0.0908,0.0,0.0,128620000.0,108270000.0,45531000.0,3260000.0,20350000.0,0.0,-155837000.0,67540019.3908326,37496019.3908326,2.4446701730798033,13.966564417177914,0.0022935779816513763,0.0027246698069640714,-0.03571940000006458,2.4446701730798033,-0.0371293987254087,0.0,-4.200249962116455,0.6238110223592187,0.0,0.0,0.0,0.0,13.561042944785276,-0.03125485927538486,-21.475363876258378,0.0,-0.3216885007278022,0.9449684133872601,0.0,0.5273945738646698,0.0,-0.3214990138067061,0.01586946803755029,0.9446095441132849,0.0,1.2980624898012536,Biotechnology,Healthcare,ACST
2022Q3,2022,Q3,2022-02-14,2021-12-31,-3042000.0,0.0,-4474000.0,-0.0687,0.0,0.0,114227000.0,111062000.0,48997000.0,2897000.0,3165000.0,0.0,-151933000.0,71117716.2475752,38126716.24757519,2.5077118201033444,16.91301346220228,0.0001925989477093857,0.00019808755469917703,-0.03242318866096109,2.5077118201033444,-0.02739010642704075,0.0,-5.84465123665148,0.6403424776032774,0.0,0.0,0.0,0.0,16.072833966171903,-0.02663118176963415,-15.51433600514293,0.0,-1.4041176470588235,0.9717439528186249,0.0,-0.6057879961445012,0.0,-1.5488002886523544,-0.2542753013737034,-1.6010413061136792,0.0,-0.012589135832425265,Biotechnology,Healthcare,ACST
2022Q2,2022,Q2,2021-11-10,2021-09-30,5543000.0,0.0,-3567000.0,0.17,0.0,0.0,119796000.0,114204000.0,54545000.0,4476000.0,5592000.0,0.0,-148155000.0,82644158.6685,45758158.668500006,3.483074361185515,12.186103663985701,0.00035894353734682293,0.0003765192112360338,-0.17634808495904644,3.483074361185515,0.04853595320654268,0.0,3.7274110891439656,0.7236538008169592,0.0,0.0,0.0,0.0,11.52882037533512,0.04627032622124278,-13.539344473869594,0.0,2.545454545454546,1.1314555121435907,-1.0,-0.7226279062214636,0.0,2.877710027100271,-0.134181240063593,1.0286170408465358,0.0,2.3907661999141165,Biotechnology,Healthcare,ACST
2022Q1,2022,Q1,2021-08-12,2021-06-30,-2952000.0,0.0,-3145000.0,-0.11,0.0,0.0,60453000.0,53457000.0,60387000.0,2345000.0,6996000.0,0.0,-149136000.0,145528167.1636728,104619167.1636728,2.052332974353267,25.751385927505332,0.0010917572328916678,0.0012346371850272182,-0.05556294276978113,2.052332974353267,-0.05522195409394467,0.0,-12.324539902072562,2.7223407068049608,0.0,0.0,0.0,0.0,24.80597014925373,-0.04883132350751824,-42.789816866707675,0.0,0.6944444444444444,0.9417048084043947,-1.0,-0.8514673537865383,-1.0,0.6861244019138756,-0.6666666666666666,0.8591966598152947,0.0,0.42454379710312073,Biotechnology,Healthcare,ACST
2021Q4,2021,Q4,2021-06-22,2021-03-31,-9405000.0,115000.0,-1887000.0,-0.36,75000.0,0.652173913,62458000.0,55660000.0,62372000.0,1579000.0,6798000.0,0.0,-146018000.0,156856774.50144,106000774.50143999,2.1369110378903198,39.50094996833439,0.001376925293797432,0.001545095220984549,-0.05629977262895411,2.1369110378903198,-0.16897233201581027,1363.9719521864347,-4.169504904344498,2.818123868153791,0.0,0.0,0.0,0.0018412373114733102,38.79734008866371,-0.15058119056005637,-89.12316733036363,0.6521739130434783,-0.12499999999999993,0.7810848165709531,0.0,0.3351111164387933,0.6666666666666666,-1.119197836863452,0.03920570264765784,0.7810848165709531,0.0,0.3351111164387933,Biotechnology,Healthcare,ACST
2021Q3,2021,Q3,2021-02-09,2020-12-31,-4438000.0,81000.0,-1964000.0,-0.32,45000.0,0.5555555556,30303000.0,25715000.0,30198000.0,2248000.0,4588000.0,14000.0,-140372000.0,45777342.55289,19336342.552890003,1.8622729144118488,13.433274021352313,0.003465003465003465,0.00408321991055804,-0.10441289673388957,1.8622729144118488,-0.17258409488625315,565.1523771961729,-2.5787146548495947,1.7801805387085359,0.0,2.5714285714285716,0.0,0.002673002673002673,12.694395017793594,-0.14645414645414645,-10.863156751990983,0.5555555555555556,0.6,0.7474562167814912,7.388680446044141,-0.8305353379462886,0.0,0.5351906158357771,0.7555389594224545,0.8677839566950031,0.0,-0.7072509163808699,Biotechnology,Healthcare,ACST
2021Q2,2021,Q2,2020-11-16,2020-09-30,-9548000.0,0.0,-8034000.0,-0.8,0.0,0.0,13832000.0,8873000.0,13713000.0,3751000.0,4959000.0,0.0,-137152000.0,25324802.571164094,13891802.571164094,0.7462613132432914,3.655825113303119,0.00860323886639676,0.013411473008001802,-1.36988981003463,0.7462613132432914,-1.0760734813479094,0.0,-0.6630918142847742,2.8541420682028735,0.0,0.0,0.0,0.0,3.2463343108504397,-0.6902834008097166,-6.013964039697006,0.0,-0.7391304347826088,-3.3271135785184054,-1.0,-0.9577882161462044,0.0,-0.8322778737286509,-0.9495268138801262,0.597126335798115,0.0,-0.8849210103780616,Biotechnology,Healthcare,ACST
2021Q1,2021,Q1,2020-08-13,2020-06-30,-5211000.0,0.0,-4121000.0,-0.46,0.0,0.0,20142000.0,11036000.0,13964000.0,5979000.0,9106000.0,0.0,-131006000.0,57871903.804475605,45884903.804475605,0.9734957061129726,2.335507609968222,0.006702412868632708,0.012232693004711852,-0.4070708200789949,0.9734957061129726,-0.4721819499818775,0.0,-2.7764298505313567,5.243920243247155,0.0,0.0,0.0,0.0,2.1102191001839774,-0.2587131367292225,-13.319195352008194,0.0,-1.1364985163204748,-2.1565653860839893,-1.0,-0.9502208970114505,0.0,-1.1365772615541299,-0.12556122459785535,0.5897952588124485,0.0,-0.8773194692903146,Biotechnology,Healthcare,ACST
2020Q4,2020,Q4,2020-03-31,2020-03-31,38154228.168755,0.0,-3661284.619566,3.37,0.0,0.0,22853000.0,12994000.0,16079000.0,7395000.0,9859000.0,0.0,-126340000.0,48785440.521140404,34692440.521140404,1.1462126862297903,2.1743069641649764,0.006432415875377412,0.01131291365245498,-0.6103295570210037,1.1462126862297903,2.93629584183123,0.0,0.31965946411865465,3.7544590211744193,0.0,0.0,0.0,0.0,1.9994590939824206,1.6695500883365424,-19.16739144036539,0.0,3.0179640718562877,-0.28128284098843626,-1.0,-0.9425745560216968,0.0,3.1123897444265607,0.3911360585613582,3.040510646096355,0.0,-0.283862888040775,Biotechnology,Healthcare,ACST
2020Q3,2020,Q3,2019-12-31,2019-12-31,-18062115.795355998,0.0,-6013305.059444,-1.67,0.0,0.0,29763372.044064,-4731028.041676,22667595.520069,10947966.346927,34494400.08574,0.0,-137622390.470577,277350936.924264,259192363.275631,-0.43666168368363434,2.0704845814977864,0.0503613776074457,-0.3168284789643723,2.7909755697640097,-0.43666168368363434,3.8177993527506904,0.0,-3.838848948631678,-58.62382012557475,0.0,0.0,0.0,0.0,1.9061604083630226,-0.6068571722523726,-38.0282574132527,0.0,0.5228571428571429,-1.8421752460123293,-1.0,-1.0187767533565473,0.0,0.5030421729664531,0.07918875214665785,-0.3099380914108229,-1.0,-1.0397357036579262,Biotechnology,Healthcare,ACST
2020Q2,2020,Q2,2019-09-30,2019-09-30,-36345369.391146995,0.0,-6530442.665055,-3.5,0.0,0.0,28584378.30488,-1261519.867049,20975978.244448,11612781.386916,29845898.171929,0.0,-123919021.000151,207494306.3592,189445507.446978,-0.12145760181183198,1.8062837442269786,0.050713530655397104,-1.149101796407693,-58.937444021396935,-0.12145760181183198,28.810778443123215,0.0,-1.4272403186094833,-164.47961841820165,0.0,0.0,0.0,0.0,1.7634814284785723,-1.2715116279069822,-33.11803264508383,0.0,-2.5,-0.37443006305394494,-1.0,-1.0054649127793425,0.0,-2.692763790472859,0.19417566212199866,-1.721022833842663,-1.0,-1.00967218779343,Biotechnology,Healthcare,ACST
2020Q1,2020,Q1,2019-06-30,2019-06-30,-9842321.755027002,0.0,-8104052.407069,-1.0,0.0,0.0,29358622.790981002,2717093.235832,21406916.514321,13323430.834857,26641529.555149,0.0,-103367611.212675,119794879.74263999,105280863.89864199,0.2764150408806564,1.6067120233262921,0.048440662134801714,0.5234090271935492,-2.151878388351213,0.2764150408806564,-3.62237174095838,0.0,-3.04285113625386,44.089351871636325,0.0,0.0,0.0,0.0,1.5580012577896791,-0.3352446681542083,-17.122125000122917,0.0,0.39024390243902435,-2.407150815772671,-1.0,-0.9887812046493928,0.0,0.38898561102441115,0.2566301754187008,0.4849755716458295,-1.0,-0.9799951284765845,Biotechnology,Healthcare,ACST
2019Q4,2019,Q4,2019-03-31,2019-03-31,-16108166.898537999,0.0,-10901777.472113,-1.64,0.0,0.0,36302426.602756,10456860.395446,27959107.24985,13665368.484122,25845566.20731,0.0,-92828789.694428,107864800.0690136,92358508.8766826,1.0637962126483467,2.04598268113561,0.03748633203359159,0.13013894857472255,-1.1343547341634714,1.0637962126483467,-1.5404400832924157,0.0,-1.6740700656448309,10.315218525437052,0.0,0.0,0.0,0.0,1.9715006028719595,-0.44372149208656764,-13.394089847564453,0.0,-15.909090909090908,-0.2952972494348488,-1.0,-0.9529324633216558,0.0,-16.92148516749732,-0.3864190448498923,-0.799968777400395,-1.0,-0.9290869389049531,Biotechnology,Healthcare,ACST
2019Q3,2019,Q3,2018-12-31,2018-12-31,1011725.1455549998,0.0,-7863262.923724,0.11,0.0,0.0,43800797.339266,22484086.253607,35046217.777876,10170847.925523,21316711.085659,0.0,-78661262.967776,80259694.85280432,60343099.770464316,2.5396842500993158,3.4457518227098918,0.029602065104432362,0.05766718913271356,0.09883865229823094,2.5396842500993158,0.044997387669809985,0.0,19.832386099481703,3.569622262942915,0.0,0.0,0.0,0.0,3.4303760918212642,0.023098327131319613,-10.770060313335707,0.0,1.0186125211505923,1.0330407929097485,-1.0,-0.8621619822305603,0.0,1.0373826466470821,0.02668956408505472,1.1162280481660318,-1.0,-0.8441166521284134,Biotechnology,Healthcare,ACST
2019Q2,2019,Q2,2018-09-30,2018-09-30,-27064032.012135997,0.0,-8078884.838353,-5.91,0.0,0.0,15417837.323241001,-11473595.405608,5697324.324115,10196515.506846,26891432.728849,0.0,-79356196.93346,73670276.031464,70376957.86829199,-2.5044283945070016,0.5587520874449495,0.08604417670682303,-0.11562331354560267,1.2248774679700538,-2.5044283945070016,2.358810037776632,0.0,-0.6805182982198377,-6.420853570926499,0.0,0.0,0.0,0.0,0.5420525277060687,-1.7553714859437133,-13.983066451507396,0.0,-6.3875,-0.8575220511931897,-1.0,-1.1155126100822614,0.0,-7.450763272166987,-0.07077993947408077,-30.83222707353764,-1.0,-1.1416613566724891,Biotechnology,Healthcare,ACST
2019Q1,2019,Q1,2018-06-30,2018-06-30,-3202554.744525,0.0,-7544860.097324,-0.8,0.0,0.0,20464568.126521,5732208.029197,10523874.695864,7791970.80292,14732360.097324,0.0,-60675182.481752,23945625.361007996,15432091.297746995,1.4406948937103836,1.3506049960967812,0.06178710756081601,0.22058628465305904,-0.6120497055692038,1.4406948937103836,-0.5586947871069557,0.0,-1.869259643566186,4.177382474439336,0.0,0.0,0.0,0.0,1.31518345042934,-0.1564926620843104,-5.322509121987529,0.0,0.5151515151515151,0.61329556449891,-1.0,-0.8367750534553691,0.0,0.5119992605375027,-0.38610825469585974,-3.025225583641093,-1.0,-0.9263309544780223,Biotechnology,Healthcare,ACST
2018Q4,2018,Q4,2018-03-31,2018-03-31,-6562602.237145001,0.0,-5443196.858372,-1.65,0.0,0.0,17778242.386229,6368233.171495,7350105.698423,5185804.66312,11410009.214734,0.0,-56046491.81902,46375201.85500799,41255991.069896996,1.600549206413775,1.417351052710278,0.07021211725248448,0.196011673151717,-0.7785406703577248,1.600549206413775,-1.030521662824788,0.0,-1.766646833801674,7.282271331173792,0.0,0.0,0.0,0.0,1.3411975511423262,-0.369136728736941,-14.054523633680486,0.0,0.32098765432098775,0.12924345053001313,-1.0,-0.8458879506205024,0.0,-0.4177069770157706,-0.3290912717285912,-1.3522241652532037,-1.0,-0.9198122216830835,Biotechnology,Healthcare,ACST
2018Q3,2018,Q3,2017-12-31,2017-12-31,-4629025.844931,0.0,-4095427.435388,-2.43,0.0,0.0,21809145.129225,12113717.693837,10729224.652087,3973757.455268,9695427.435388,0.0,-51084691.848907,19000892.51208,10321767.263571,6.361327903709811,2.7000200120073496,0.056918869644484414,0.10247489004135805,-0.2936422452320064,6.361327903709811,-0.3821309000197415,0.0,-1.0261820277416935,1.5685434473800668,0.0,0.0,0.0,0.0,2.572143285971807,-0.21225159525982276,-5.2044483410903,0.0,-0.22110552763819105,-0.36623633724601296,-1.0,-0.4793011195590096,0.0,-0.2617986006179874,-0.15860902997071039,-2.228016569640785,-1.0,-0.7264585157542235,Biotechnology,Healthcare,ACST
2018Q2,2018,Q2,2017-09-30,2017-09-30,-3668593.2625570004,0.0,-3534779.489412,-1.99,0.0,0.0,15926257.325498,11935221.236085,4717338.556907,2733509.064674,3991036.089413,0.0,-46883187.024901,26205964.1526896,23126635.156211596,6.484774637793881,1.7257446181066873,0.07637799261019813,0.10191814129404522,-0.27139497173362065,6.484774637793881,-0.3073753883560499,0.0,-1.7858319440967478,2.19568314942151,0.0,0.0,0.0,0.0,1.6431731052787546,-0.23034873715644216,-15.120597539686061,0.0,-0.7767857142857141,-0.011356960173944147,-1.0,-0.5215791530338818,0.0,-0.7803080796840657,-0.6424411621117259,0.2170988520386318,-1.0,-0.7082214101004654,Biotechnology,Healthcare,ACST
2018Q1,2018,Q1,2017-06-30,2017-06-30,-2060650.7965790003,0.0,-2152149.843144,-1.12,0.0,0.0,17321000.184536,14592175.678169,6138125.115335,1550101.494741,2728824.506366,0.0,-41253767.6078,25230255.102624003,20533047.745794002,7.935209445879228,3.9598214285707747,0.06472233320018472,0.07682579829279221,-0.13213247109337248,7.935209445879228,-0.14121614500995144,0.0,-3.060957143310033,1.7290262712756654,0.0,0.0,0.0,0.0,3.808035714284813,-0.11896834909214579,-18.825852309963697,0.0,0.0,0.31855799671448737,-1.0,-0.4472682524578209,0.0,0.0,0.0,-2.5748119603803237,-1.0,-0.6779354316107543,Biotechnology,Healthcare,ACST
2017Q3,2017,Q3,2016-11-30,2016-11-30,-1704077.2883569999,936.332376,-1869904.133855,-1.27,936.332376,1.0,16068555.457969,14714518.361939,4600184.586987,1309370.022478,1354037.09603,0.0,-35360227.458803,19967698.977408,18617472.709489,10.989151908387877,3.5132808205591037,0.0,0.0,-0.12138754711388205,10.989151908387877,-0.11580924678885961,21325.439009926962,-2.929400431810816,1.3570066302038828,0.0,0.0,0.0,5.827109838524019e-05,3.4051981848476407,-0.10605043451568534,-10.649881237802012,1.0,0.015503875968992262,0.4845217830825981,0.0,-0.2680686938691268,-0.6642770135827182,0.01039950072269379,0.0010743235555378578,0.6320482712864381,-0.9725143789441312,-0.4035782534934387,Biotechnology,Healthcare,ACST
2017Q2,2017,Q2,2016-08-31,2016-08-31,-1721985.073372,2789.00288,-1871915.176423,-1.29,2789.00288,1.0,17991108.955212,16814418.633075,6515544.623282,1132329.821935,1176690.322137,0.0,-34460372.630952,18648756.4709376,16439195.484893598,12.557407321468046,5.754104941039006,0.0,0.0,-0.1077087269484032,12.557407321468046,-0.10241121688172727,6686.5318084352775,-2.707450366340794,1.109093146655356,0.0,0.0,0.0,0.0001550211766791635,4.919952047459894,-0.0957131146089326,-16.79294647752749,1.0,0.33505154639175255,0.41129679711726974,-0.9501644925486052,0.321990055810057,0.259551557078969,0.3385140126873987,0.17473300944091605,0.595629095003086,-0.9920644089195635,-0.4208103938006924,Biotechnology,Healthcare,ACST
2017Q1,2017,Q1,2016-05-31,2016-05-31,-2603207.182616,2214.282428,-2268254.0291049997,-1.94,2214.282428,1.0,19739689.172404,18501535.73674,6625239.599466,1143357.919433,1238153.435665,0.0,-32801048.103906,21006562.5528,19940350.294508,13.817386457949342,5.794545598417254,0.0,0.0,-0.13199450769655907,13.817386457949342,-0.14070222167809565,9486.848780972217,-2.0173732898672134,1.135395615353463,0.0,0.0,0.0,0.0001121741284100642,5.240396556950691,-0.1318768071715776,-10.604893960854195,1.0,-1.1318681318681316,-0.4638815893493493,-0.9844521024741302,0.21370271064967633,1.0558338149354118,-1.1354459364442577,-0.45725941574582224,0.06597311557855495,-0.7559862998338809,0.5654544038653819,Biotechnology,Healthcare,ACST
2016Q4,2016,Q4,2016-02-29,2016-02-29,-1219046.166512,14904.393281,-1556520.414002,-0.91,-39658.447673,-2.6608562271,21044285.703744,20086953.826627,8357557.689044,841933.865147,957331.877117,0.0,-29243040.048409,21578263.70064,19344538.763181,15.001414354719628,9.92662017174566,0.0,0.0,-0.06882540348958267,15.001414354719628,-0.060688453661701974,1447.7787383769453,-4.42523513329706,1.0742427093169367,0.0,0.0,0.0,0.0007082394475545612,9.52646783760576,-0.057927657116683164,-17.37528054544835,-2.660856227106961,0.07142857142857138,0.2781425382999691,-0.693885990857649,7.518570669106071,-20.764333566651803,0.06968635297087246,0.2096697775874641,0.519372216369457,-0.6309363510764832,0.4444408834995755,Biotechnology,Healthcare,ACST
2016Q3,2016,Q3,2015-11-30,2015-11-30,-1310360.4041550003,3794.751367,-1969455.766541,-0.98,2006.5664009999998,0.5287741427,23130625.004674,21712742.407132,11058349.724406,1215513.308554,1417882.597542,56180.119811,-28201455.377643,32794240.998679996,29245124.620819997,16.292210071029867,9.097678854344462,0.0,0.0,-0.07252524356334925,16.292210071029867,-0.06034983419342668,8641.999917008001,-6.256721603974997,1.5103684455772868,0.0,0.031829497196086,0.0,0.0001640574505113111,8.926836381532675,-0.05665045384161544,-24.986855445415618,0.5287741427408252,-4.157894736842105,-0.02801049928660766,0.0,12.203610268339053,-0.4304233306502396,-4.3014223670265554,-0.20734873336102858,0.44738588357176606,-0.9939369228951176,0.3335793520323567,Biotechnology,Healthcare,ACST
2016Q2,2016,Q2,2015-08-31,2015-08-31,-247171.4784139999,5285.495284,-1631223.615946,-0.19,3522.9083439999995,0.6665237891,24941662.450253,23546210.136008,12397874.927314,923218.722389,1395452.314245,59574.532356,-26821797.476193,50022417.67286399,48054983.24124899,17.67898072794164,13.42896826792268,0.0,0.0,-0.0182771138328941,17.67898072794164,-0.010497293491661036,9464.092764265532,-50.594852199207764,2.1244360508091833,0.0,0.029586248859954034,0.0,0.0002119143138330134,13.231446270273933,-0.009909984104186795,-28.292943744542004,0.6665237891072158,-1.475,0.7606629821038683,0.0,3.4308411940731944,0.7519949018655538,-1.4674056144541208,0.22299522411836167,0.9058381350597998,-0.9849080742001098,0.30428479103430006,Biotechnology,Healthcare,ACST
2016Q1,2016,Q1,2015-05-31,2015-05-31,528815.809589,4147.120592,-2099373.989169,0.4,2010.7982850000003,0.4848661235,28289650.705268,26020651.920276,14479335.205465,1746781.83764,2268998.784992,66745.789715,-27580324.109463,43479407.299276,42493861.068618,19.556312743058136,8.289149161882397,0.0,0.0,0.05490487427560335,19.556312743058136,0.020322927004643273,10484.239928578378,20.55508104658811,1.6709576467373464,0.0,0.0320068474149748,0.0,0.00014659497337758708,8.152186460529702,0.018692906996215605,-49.426051869848,0.4848661234686373,-0.9145299145299145,1.7161852584805999,0.0,3.9708757386945863,1.3742106708157182,-0.9151276507226933,-0.22906582148938393,1.2416903911836081,-0.7864186689917648,0.3622066300424183,Biotechnology,Healthcare,ACST
2015Q4,2015,Q4,2015-02-28,2015-02-28,6230719.593506,135597.417205,-1708105.418329,4.68,-5373.439192999998,-0.0396278875,29738648.624887,26557797.101913,15699116.027398,1296688.699377,3180851.522974,69830.638522,-26623724.194154,73239965.08399999,72192500.71065299,19.960014356403743,12.107081703527385,0.0,0.0,0.21145123110378877,19.960014356403743,0.23460980478148133,540.1280245129872,2.938663985149273,2.7577575354969635,0.0,2.0187536499983088,0.0,0.004559636146059587,11.856938395371897,0.2095158953622317,-41.59502102434269,-0.039627887490484286,1.2285714285714284,8.41071057628514,0.0,4.298383229497573,-2.097726447052921,1.3697471812007314,-1.8635519006965457,3.4132759821168093,5.2498929828010015,0.2456450194018193,Biotechnology,Healthcare,ACST
2015Q3,2015,Q3,2014-11-30,2014-11-30,2629276.086046,25157.144853,1977999.7206320001,2.1,4895.062160000001,0.1945794003,34051460.574103,30889086.289985,18215030.905154,1718287.295712,3162374.284118,236581.575639,-27063972.79648,48254061.594992,46657090.125512995,23.255441203916877,10.600689972282144,0.0,0.0,0.0799173450882445,23.255441203916877,0.08511990485450117,1918.105646604713,4.588150884104966,1.5621718668524405,0.0,0.08564522676067526,0.0,0.0007387978203828546,10.264652130503338,0.07721478144305009,-24.57122370970125,0.1945794003494106,1.823529411764706,2.691127573832537,0.0,3.2909960140874395,0.7577928956652445,1.7777334517787602,1.6224652790386955,1.8017862729044758,0.0,0.5489262134997338,Biotechnology,Healthcare,ACST
2015Q2,2015,Q2,2014-08-31,2014-08-31,-3380690.492395,6933.433885,-3177686.832086,-2.55,2784.7775310000006,0.4016447805,38041664.060919,29511401.21765,20839915.757721,2216441.959277,8530262.843269,264055.401254,-31279852.667979,111116020.28543998,111176878.89452298,22.224984499468313,9.402418895065022,0.0015997883001527614,0.0020622066920564265,-0.10640668572802812,22.224984499468313,-0.1145554041118555,16026.116658562465,-8.216961929478606,3.7651895776126136,0.0,0.015711310332218224,0.0,0.00018225895360142415,9.15404771566695,-0.088868102272846,-63.85332209602169,0.40164478052133334,-4.591549295774648,0.28231085943799666,0.0,0.0,-0.8994172690442127,-4.590161816738321,-3.038118729384418,-0.16548298852027282,-0.8750685411593787,1.3397511720910638,Biotechnology,Healthcare,ACST
2015Q1,2015,Q1,2014-05-31,2014-05-31,941654.0715889998,51676.374092,1559127.437608,0.71,27686.437865999997,0.5357658766,40387880.156302,32605644.745088,22655082.574557,1748590.887308,7782235.411214,270802.152837,-27923895.012349,99217590.90809599,99022928.76336898,24.638566997810116,12.956193892463363,0.0,0.0,0.03602031151282816,24.638566997810116,0.02888009358351544,1919.9797325458217,26.34130566139609,3.042957490452416,0.0,0.08858842507223315,0.0,0.0012795020162487182,12.573199301555354,0.02331526358761038,-211.261820138422,0.5357658766210945,1.568,1.278634794167521,0.0,0.0,-0.5670392823074913,1.5624452251556349,1.9432948395323912,1.5357881829595184,-0.6328570300789674,1.164222274796523,Biotechnology,Healthcare,ACST
2014Q4,2014,Q4,2014-02-28,2014-02-28,-1674214.71367,166754.431065,-1652852.716104,-1.25,63946.766380000015,0.3834786636,41011452.734888,29909855.661208,23202647.709094,1052278.324016,11101597.073679,234960.365251,-28450812.46742,149552264.10544,148945169.395466,22.601484754093754,22.049915102823313,0.0,0.0,-0.0486212573953359,22.601484754093754,-0.05597535249363961,896.8413201994332,-22.331703168706866,5.000099826606782,0.0,0.43755322126425084,0.0,0.004066045456691267,21.22577355513159,-0.04082310189040837,-35.58103191899867,0.38347866363487454,0.638728323699422,-1.0021040866102604,0.0,4.734885002762069,4.553910579978727,0.5387634318743789,0.4704739323983897,-0.0031063474893224443,2.4653795947993706,10.821032344855668,Biotechnology,Healthcare,ACST
2014Q3,2014,Q3,2013-11-30,2013-11-30,-3629839.49966,26700.135634,-3121381.207143,-3.46,11513.827141999998,0.4312272904,24023247.117776,19336664.531686,5004284.718559,4686582.58609,4686582.58609,358185.140532,-27413003.918318,110822564.0448,108156355.771121,18.425136193901313,1.067789722390032,0.0,0.0,-0.1613238934194069,18.425136193901313,-0.18771797450961453,4150.636744469506,-7.632745473675938,5.731214081063503,0.0,0.04239792993490546,0.0,0.0011114290879621863,0.9258115169249418,-0.1510969554558718,-128.40102865991477,0.4312272903714493,-0.08805031446540874,0.7740587600485039,0.0,0.0,-0.8943098762394505,-0.1865950477329468,-0.009809463456201137,-2.616246563835248,0.0,13.670352527837835,Biotechnology,Healthcare,ACST
2014Q2,2014,Q2,2013-08-31,2013-08-31,-3059038.1331820004,252467.273762,-3091059.571238,-3.18,108939.480174,0.431499412,24542322.140011,20854342.629482,4800589.072282,3687979.510529,3687979.510529,63875.924872,-23949671.789034,202993466.88,201849825.25602,21.680995630896835,1.301685396726461,0.0,0.0,-0.14760958802596935,21.680995630896835,-0.14668590554647387,804.038732843296,-16.58964828503518,9.733870325551573,0.0,2.2469779322274106,0.0,0.01028701653909131,1.2315670182219915,-0.12464338605493624,-727.2260283648059,0.4314994119859545,-0.5288461538461539,0.10350693437344725,0.0,0.0,24.02936768241741,-0.6069903847873152,-0.6110060168908538,-3.101501942267195,0.0,3.9811140200411983,Biotechnology,Healthcare,ACST
2014Q1,2014,Q1,2013-05-31,2013-05-31,-1903582.101138,6197.849963,-1918713.858812,-2.08,4352.466332999999,0.7022542267,10987536.383747,8072157.216595,5004021.616797,2915379.167152,2915379.167152,211029.611519,-21354387.39473,191447358.75552,190617856.87326798,8.826438140792723,1.716422231858565,0.0,0.0,-0.2373174309887607,8.826438140792723,-0.2358207416010871,30889.318053587092,-25.143039357360646,23.71700074943243,0.0,0.008744666763668148,0.0,0.0005640800400140647,1.6296513971036044,-0.17324921935674492,-205.206004442727,0.7022542267049713,-0.10052910052910062,0.18494148549158695,0.0,0.0,0.9077734441737477,-0.0988491494351339,-0.06755728857073193,-2.750763050395452,0.0,2.3408586412015584,Biotechnology,Healthcare,ACST
2013Q4,2013,Q4,2013-02-28,2013-02-28,-1732341.6067770002,27582.605376,-1797293.577922,-1.89,2281.437739000001,0.0827129166,11887714.774115,9498096.214896,5723670.818071,2389618.559219,2389618.559219,216971.916972,-19579420.757021,171276549.53203198,170107740.74082297,10.385620156620302,2.395223620937088,0.0,0.0,-0.18627005814562747,10.385620156620302,-0.18238829841080614,6209.58561373111,-24.717490600870843,18.03272420671171,0.0,0.11661033367864417,0.0,0.0023202613706765547,2.2976031445748517,-0.1457253677173599,3073.000527799711,0.08271291663350668,-0.06179775280898869,-1.9976591600188591,0.0,2.716218973637068,-0.9876462748133329,-0.07044357106892558,-0.09790354418448785,-1.9976591600188591,0.0,2.716218973637068,Biotechnology,Healthcare,ACST
2013Q3,2013,Q3,2012-11-30,2012-11-30,-1618339.9607390002,427160.61811,-1637023.204308,-1.78,184676.096038,0.4323340875,13184801.932852998,11112116.575225,6748635.42558,2072685.357628,2072685.357628,264695.223235,-18212743.74591,191045290.63584003,190278004.18091503,12.216903363268756,3.2559864432598684,0.0,0.0,-0.14699570243552493,12.216903363268756,-0.14563741747878772,447.2446254084292,-29.51253989745778,17.192520375621754,0.0,0.9160895278292157,0.0,0.03239795487906648,3.1111441923904137,-0.12274283443777263,-321.49261375835107,0.4323340874800477,0.09644670050761418,0.8837713885763487,0.0,0.0,0.6147268075722142,0.09648526686047215,0.06665356116033228,-0.5200391216566113,0.0,2.2035409977526474,Biotechnology,Healthcare,ACST
2013Q2,2013,Q2,2012-08-31,2012-08-31,-1791160.565933,238974.875384,-1753928.805196,-1.97,114369.87060100002,0.4785853342,13747117.466391,12318555.963949,7154519.913398,1428561.502442,1428561.502442,465342.127788,-16595859.22159,149421984.922896,148320744.300571,13.55454027331115,5.008198737798813,0.0,0.0,-0.14451342497197,13.55454027331115,-0.14540345241560293,625.2623196593167,-20.85547043699337,12.129829613161517,0.0,0.26777073757604725,0.0,0.01738363522158348,4.658057439802923,-0.1302935375588399,-106.97521498543004,0.4785853341997699,-0.20121951219512202,0.44442993507577977,0.0,0.0,11.954040916502105,-0.19929302497343226,-0.11618594437845692,0.44442993507577977,0.0,0.0,Biotechnology,Healthcare,ACST
2013Q1,2013,Q1,2012-05-31,2012-05-31,-1493513.7023519997,13254.017545,-1571358.97834,-1.64,8828.895272000002,0.6661297408,14665550.034935,13038851.797221,8157762.401987,1626698.237714,1626698.237714,567788.797454,-14292419.066843,177708409.31004,176521539.113627,14.356348230700627,5.014920538336052,0.0,0.0,-0.11768853023510252,14.356348230700627,-0.11454334519472917,13407.89000064961,-29.746698846850734,13.629145577673903,0.0,0.007793606166311349,0.0,0.0009037518206563976,4.649035960580308,-0.10183823305599048,-281.21155040797174,0.6661297408143729,0.154639175257732,0.35607519889073685,0.0,0.0,-0.09009770895381645,0.152550496303535,0.101716719871668,0.35607519889073685,0.0,0.0,Biotechnology,Healthcare,ACST
2012Q4,2012,Q4,2012-02-29,2012-02-29,-1762363.06215,14809.588864,-1749291.134658,-1.94,9703.124564999998,0.6551920282,15820142.220612,14553314.625388,8907856.33103,1266827.595224,1266827.595224,602934.934572,-13228399.867234,118203025.35887998,116603988.91861999,16.02383828900861,7.031624796154615,0.0,0.0,-0.12095027773553625,16.02383828900861,-0.12109702205404044,7981.519706209718,-16.767689345275695,8.122068985760599,0.0,0.00846934553995429,0.0,0.0009361223595515245,6.522615794298303,-0.11139995061825829,-82.4848463786538,0.6551920282261793,0.21457489878542518,-2.070809402323236,0.0,3.647931937368092,0.0,0.1810015931688856,0.18372748273173267,-2.070809402323236,0.0,3.647931937368092,Biotechnology,Healthcare,ACST
2012Q3,2012,Q3,2011-11-30,2011-11-30,-2151851.6366459997,0.0,-2143023.435987,-2.47,0.0,0.0,14231495.254696999,13086065.272129,7414359.868294,1145429.982568,1145429.982568,495372.845245,-11197800.697269,106673613.6267648,106546632.2206058,15.01391157385876,6.472992658766758,0.0,0.0,-0.16384658209285058,15.01391157385876,-0.16443840007653504,0.0,-12.39323518058992,8.151695059473736,0.0,0.0,0.0,0.0,6.009569054365442,-0.15120348200487205,-33.33479808103213,0.0,-0.13302752293577982,0.838721662527284,0.0,0.0,-1.0,-0.22181966013575016,-0.2153893883978879,0.838721662527284,0.0,0.0,Biotechnology,Healthcare,ACST
2012Q2,2012,Q2,2011-08-31,2011-08-31,-1761185.964553,33696.307268,-1763240.206344,-2.18,33696.307268,1.0,10317570.866745,7658185.811328,2956268.450891,2659385.055417,2659385.055417,398354.359262,-9590331.477604,88330811.50244206,88006340.38542905,9.498866701968815,1.1116361073283718,0.0,0.0,-0.2302600423775753,9.498866701968815,-0.22997430565707233,2621.379571355174,-12.538541255758444,11.534169276982416,0.0,0.0,0.0,0.003265914787811925,0.9480526464380925,-0.1706977337300927,-136.9944507936946,1.0,-0.6390977443609023,0.38421311367813277,0.0,0.0,-0.6033184570208217,-0.6604410395655563,-0.6905343369040272,0.38421311367813277,0.0,0.0,Biotechnology,Healthcare,ACST
2012Q1,2012,Q1,2011-05-31,2011-05-31,-1060673.593694,84945.488048,-1043007.626555,-1.33,84945.488048,1.0,10689520.397195,9092314.070738,3141463.889031,1414452.577161,1597206.326457,299937.554384,-7846110.457081,89807614.5827,89391488.25829,11.384490070515792,2.220975054063918,0.0,0.0,-0.11614979443432555,11.384490070515792,-0.11665606637012131,1057.238196476693,-21.167589896795604,9.877311087584388,0.0,0.0,0.0,0.007946613588977317,1.9788167977606295,-0.09922555496244038,-211.1982096250343,1.0,-0.0555555555555556,0.4799534535673525,0.0,0.0,1.9250294806533548,-0.053013846539624536,-0.025918044272235548,0.4799534535673525,0.0,0.0,Biotechnology,Healthcare,ACST
2011Q4,2011,Q4,2011-02-28,2011-02-28,-1007274.11817,29040.899796,-1016657.843556,-1.26,29040.899796,1.0,3403262.781186,-1837979.550102,3364501.022495,967193.251534,5241242.331288,0.0,-14255728.01636,68399348.76483072,68069918.29448272,-2.301334926967488,3.4786233435342853,0.0,0.0,,-2.301334926967488,0.5480333652864096,2355.276497811952,-16.976349220879815,-37.21442317518432,0.0,0.0,0.0,0.008533252253262548,3.4633672158704525,-0.29597306553535546,-230.8362600432362,1.0,-0.31250000000000006,-0.9959041148740928,0.0,0.6197054574697098,0.0,-0.7112521562063581,-0.7233001553905791,-0.9959041148740928,0.0,0.6197054574697098,Biotechnology,Healthcare,ACST
2011Q3,2011,Q3,2010-11-30,2010-11-30,-588618.1732579999,0.0,-589948.210923,-0.96,0.0,0.0,3592022.716573,-894946.641557,3557976.302574,4486969.358129,4486969.358129,0.0,-12766073.250157,54970583.601672,52957793.268966004,-1.4541928611236137,0.7929575663644878,0.0,0.0,0.6584531999345522,-1.4541928611236137,0.6577131483883113,0.0,-23.347301399738463,-61.42330843997125,0.0,0.0,0.0,0.0,0.7907980120471745,-0.16386816557206413,-44.10381689112416,0.0,-0.23076923076923067,0.937520510296214,0.0,0.0,0.0,-0.26066786634193934,-0.27429573041468513,0.937520510296214,0.0,0.0,Biotechnology,Healthcare,ACST
2011Q2,2011,Q2,2010-08-31,2010-08-31,-466909.793589,0.0,-462960.203697,-0.78,0.0,0.0,535474.349302,-4379342.700868,499979.253112,4914817.05017,4914817.05017,0.0,-11707358.543946,55703209.59751201,55696001.940024,-7.272783088852538,0.10172896529174084,0.0,0.0,0.10615926892357642,-7.272783088852538,0.1066164092379564,0.0,-29.825466483224528,-12.719536561153674,0.0,0.0,0.0,0.0,0.10172896529174084,-0.8719554805895463,-222.9979494427963,0.0,-0.4181818181818181,0.7814232253828955,0.0,0.0,0.0,-0.39727961827094344,-0.36851348016881236,0.7814232253828955,0.0,0.0,Biotechnology,Healthcare,ACST
2011Q1,2011,Q1,2010-05-31,2010-05-31,-334156.304496,0.0,-338294.222458,-0.55,0.0,0.0,671792.781864,-3963732.087346,642960.04246,4635524.869209,4635524.869209,0.0,-11298712.942604,55749954.2811072,55491002.6926622,-6.582676107365988,0.13870274900924304,0.0,0.0,0.08436869069389198,-6.582676107365988,0.08430345369778545,0.0,-41.70948859186836,-14.065015761051537,0.0,0.0,0.0,0.0,0.13870274900924304,-0.49740978694178306,-419.2800296579524,0.0,0.12698412698412692,0.7826952799851008,0.0,0.0,0.0,0.12178530767602881,0.19440089657445334,0.7826952799851008,0.0,0.0,Biotechnology,Healthcare,ACST
2010Q4,2010,Q4,2010-02-28,2010-02-28,-380495.005853,0.0,-419928.747462,-0.63,0.0,0.0,888676.6244889996,-3643858.814575,860276.852821,4532535.439064,4532535.439064,0.0,-11006228.712777,55111890.60940896,54719138.25473296,-6.051453990518911,0.18980035884697974,0.0,0.0,0.10952693277087774,-6.051453990518911,0.10442089697083361,0.0,-36.21065307142351,-15.124595494470856,0.0,0.0,0.0,0.0,0.18980035884697974,-0.42815912489179003,-175.3911220946244,0.0,0.4615384615384615,0.0,0.0,0.0,0.0,0.0018958476393249523,-0.10883867214156799,0.0,0.0,0.0,Biotechnology,Healthcare,ACST
2010Q3,2010,Q3,2009-11-30,2009-11-30,-381217.736599,0.0,-378710.409379,-1.17,0.0,0.0,1012660.489742,-3305932.684126,995796.539662,4318593.173868,4318593.173868,0.0,-10546890.422615,29878354.634997122,29769958.114244122,-10.150799504197346,0.23058354875555526,0.0,0.0,0.1142699706471598,-10.150799504197346,0.1153132180910646,0.0,-19.59402184533319,-9.03779885732796,0.0,0.0,0.0,0.0,0.11279230855466744,-0.37645167404143964,-50.527926593752994,0.0,0.6704225352112676,0.9235357763049021,0.0,0.0,0.0,0.0785022393074639,0.16094174313776397,0.9235357763049021,0.0,0.0,Biotechnology,Healthcare,ACST
2010Q2,2010,Q2,2009-08-31,2009-08-31,-413693.61148799997,0.0,-451351.746177,-3.55,0.0,0.0,,,,,,,,11200319.347968,,,0.0,0.0,0.0,0.0,,0.0,0.0,-6.768487013663305,0.0,0.0,0.0,0.0,0.0,0.0,0.0,-54.28488242120698,0.0,-0.3921568627450981,0.0,0.0,0.0,0.0,-0.3895083739200877,-0.7055523699875342,0.0,0.0,0.0,Biotechnology,Healthcare,ACST
2010Q1,2010,Q1,2009-05-31,2009-05-31,-297726.605505,0.0,-264636.697248,-2.55,0.0,0.0,,,,,,,,11162446.4410368,,,0.0,0.0,0.0,0.0,,0.0,0.0,-9.373067635409342,0.0,0.0,0.0,0.0,0.0,0.0,0.0,-13.858275078170092,0.0,0.0,0.0,0.0,0.0,0.0,0.0,0.0,0.0,0.0,0.0,Biotechnology,Healthcare,ACST
2009Q3,2009,Q3,2008-11-30,2008-11-30,-188610.999275,0.0,-188817.940253,-15.31,0.0,0.0,,,,,,,,1348320.641688,,,0.0,0.0,0.0,0.0,,0.0,0.0,-1.78717127695468,0.0,,0.0,,0.0,0.0,0.0,0.0,0.0,0.0,0.0,0.0,0.0,0.0,0.0,0.0,0.0,0.0,0.0,Biotechnology,Healthcare,ACST
