Quarters,Year,Quarter,FillingDate,Date,NetIncome,Revenue,OperatingIncome,EPSDiluted,GrossProfit,GrossProfitRatio,TotalAssets,CommonStockEquity,CurrentAssets,CurrentLiability,TotalLiability,Inventory,RetainedEarnings,MarketCap,EnterpriseValue,bookValuePerShare,currentRatio,debtToAssets,debtToEquity,roic,shareholdersEquityPerShare,roe,priceToSalesRatio,peRatio,pbRatio,payoutRatio,inventoryTurnover,dividendYield,assetTurnover,quickRatio,returnOnAssets,priceToFreeCashFlowsRatio,grossProfitMargin,epsdilutedGrowth,fiveYNetIncomeGrowthPerShare,fiveYRevenueGrowthPerShare,fiveYShareholdersEquityGrowthPerShare,grossProfitGrowth,netIncomeGrowth,operatingIncomeGrowth,threeYNetIncomeGrowthPerShare,threeYRevenueGrowthPerShare,threeYShareholdersEquityGrowthPerShare,Industry,Sector,Symbol
2023Q1,2023,Q1,2023-05-04,2023-03-31,33200000.0,509600000.0,41000000.0,1.33,147800000.0,0.2900313972,1624100000.0,1080600000.0,875000000.0,381600000.0,543500000.0,365700000.0,957400000.0,2546318670.0,2447818670.0,43.57082375710657,2.292976939203354,0.03017055600024629,0.045345178604478995,0.025665101721439747,43.57082375710657,0.030723672034055155,4.9967006868131865,19.17408637048193,2.3563933647973347,0.0,0.9893355209187858,0.0,0.31377378240256143,1.2838050314465408,0.020442091004248507,-12731.59335,0.2900313971742543,0.303921568627451,0.4694459791834896,0.3881992090363384,0.28793959744896896,-0.025065963060686015,0.30196078431372547,0.1388888888888889,-0.007979285505372054,0.3537766964007445,0.13238899760337677,Specialty Chemicals,Basic Materials,IOSP
2022Q4,2022,Q4,2023-02-22,2022-12-31,25500000.0,510700000.0,36000000.0,1.02,151600000.0,0.2968474643,1603700000.0,1040400000.0,872600000.0,405800000.0,563300000.0,373100000.0,924200000.0,2547430760.0,2445630760.0,42.00920616974885,2.150320354854608,0.028247178399950116,0.04354094579008074,0.017957324945423816,42.00920616974885,0.024509803921568627,4.9881158410025455,24.974811372549016,2.448510918877355,0.6313725490196078,0.9624765478424016,0.0063200932691886,0.3184510818731683,1.1870379497289305,0.015900729562885827,40.307448734177214,0.2968474642647347,-0.3419354838709677,6.198381854154889,0.4124635987986045,0.2823417336159385,-0.028205128205128206,-0.34108527131782945,-0.281437125748503,-0.18880463907447015,0.2932071990090362,0.12064188303885273,Specialty Chemicals,Basic Materials,IOSP
2022Q3,2022,Q3,2022-11-09,2022-09-30,38700000.0,513000000.0,50100000.0,1.55,156000000.0,0.3040935673,1669200000.0,1089400000.0,846400000.0,381400000.0,577300000.0,381800000.0,914800000.0,2123416620.0,2068616620.0,43.9522310982006,2.2191924488725747,0.02737838485502037,0.041949697080961995,0.03357866975909023,43.9522310982006,0.035524141729392326,4.139213684210526,13.717161627906975,1.9491615751789975,0.40310077519379844,0.9350445259298061,0.00734665060688844,0.30733285406182603,1.1615102254850551,0.023184759166067576,70.54540265780732,0.30409356725146197,0.20155038759689922,0.6174538166880168,0.5029107645197401,0.4192307719294553,0.11587982832618025,0.19814241486068113,0.5462962962962963,0.2704118684510843,0.36298557545572063,0.22072362420733824,Specialty Chemicals,Basic Materials,IOSP
2022Q2,2022,Q2,2022-08-03,2022-06-30,32300000.0,467600000.0,32400000.0,1.29,139800000.0,0.2989734816,1637900000.0,1068600000.0,799300000.0,369200000.0,569300000.0,362200000.0,876100000.0,2376070950.0,2353970950.0,43.080024188671636,2.1649512459371616,0.030099517675071737,0.04613513007673592,0.021196389249413035,43.080024188671636,0.030226464533033875,5.081417771599658,18.39064202786378,2.2235363559797867,0.0,0.9050248481501932,0.0,0.28548751450027476,1.1140303358613217,0.01972037364918493,-144.0043,0.29897348160821213,-0.11643835616438351,0.20402109635231439,0.39421422739414635,0.4767758860017225,0.003589375448671931,-0.11506849315068493,-0.2686230248306998,0.42962804945842126,0.27353743303729366,0.22258981362147637,Specialty Chemicals,Basic Materials,IOSP
2022Q1,2022,Q1,2022-05-04,2022-03-31,36500000.0,472400000.0,44300000.0,1.46,139300000.0,0.2948772227,1623800000.0,1068200000.0,778600000.0,352300000.0,554900000.0,308200000.0,859400000.0,2294407050.0,2231207050.0,43.088217498285665,2.2100482543286972,0.026111590097302625,0.03969294139674218,0.029095126190741814,43.088217498285665,0.03416963115521438,4.856915855207451,15.715116780821917,2.1479189758472197,0.0,1.080791693705386,0.0,0.2909225274048528,1.2583025830258303,0.0224781377016874,-61.3477820855615,0.29487722269263333,0.5208333333333334,1.0618310939922873,0.5595822873308526,0.5348504804513557,0.23383525243578387,0.5271966527196653,0.338368580060423,0.25361682199775487,0.19921303882585645,0.24109708982273326,Specialty Chemicals,Basic Materials,IOSP
2021Q4,2021,Q4,2022-02-16,2021-12-31,23900000.0,413200000.0,33100000.0,0.96,112900000.0,0.2732333011,1570900000.0,1032400000.0,728100000.0,336600000.0,537900000.0,277600000.0,822900000.0,2232843440.0,2126643440.0,41.77051302799806,2.163101604278075,0.022662168183843655,0.034482758620689655,0.02192130730342621,41.77051302799806,0.02314994188299109,5.403783736689254,23.356102928870293,2.1627697016660212,0.6192468619246861,1.081772334293948,0.006628319628177781,0.26303392959449995,1.2664884135472372,0.015214208415557961,39.104088266199646,0.27323330106485966,0.02127659574468087,0.05125703100342065,0.6890859473969115,0.5356975455404458,0.0,0.021367521367521368,0.054140127388535034,0.15772747033754428,0.0337173890330867,0.2366097093282722,Specialty Chemicals,Basic Materials,IOSP
2021Q3,2021,Q3,2021-11-03,2021-09-30,23400000.0,376100000.0,31400000.0,0.94,112900000.0,0.30018612071257644,1492400000.0,992500000.0,683000000.0,308300000.0,499300000.0,274100000.0,813800000.0,2075433460.0,2019733460.0,40.27512883983281,2.215374635095686,0.02244706512999196,0.033753148614609575,0.02251613417257589,40.27512883983281,0.02357682619647355,5.518302206859878,22.173434401709404,2.0911168362720405,0.0,0.9602334914264867,0.0,0.2520101849370142,1.271488809601038,0.0156794425087108,-406.94773725490194,0.30018612071257644,0.04444444444444436,0.9971573009950512,0.7807082609246414,0.48132652890423583,0.04247460757156048,0.044642857142857144,-0.15135135135135136,0.1255970205997961,0.026387566305839338,0.170946983140704,Specialty Chemicals,Basic Materials,IOSP
2021Q2,2021,Q2,2021-08-04,2021-06-30,22400000.0,354500000.0,37000000.0,0.9,108300000.0,0.3055007052186178,1461800000.0,973600000.0,643100000.0,291000000.0,487600000.0,250500000.0,790400000.0,2231543080.0,2173843080.0,39.53223972713984,2.2099656357388318,0.02510603365713504,0.03769515201314708,0.019740524524410084,39.53223972713984,0.023007395234182416,6.294902905500705,24.905614732142855,2.2920532867707477,0.0,0.9828343313373253,0.0,0.2425092351894924,1.2920962199312716,0.015323573676289505,-216.65466796116505,0.3055007052186178,-0.042553191489361625,-0.24552749760730322,0.5134728443449048,0.48264452906558725,0.0744047619047619,-0.042735042735042736,0.3120567375886525,0.018385875403993158,-0.01885598050853722,0.1777644812641966,Specialty Chemicals,Basic Materials,IOSP
2021Q1,2021,Q1,2021-05-05,2021-03-31,23400000.0,339600000.0,28200000.0,0.94,100800000.0,0.2968197879858657,1426100000.0,958600000.0,607600000.0,274300000.0,467000000.0,223100000.0,782000000.0,2526276690.0,2446476690.0,38.965895695296936,2.2150929639081296,0.026085127270177408,0.03880659294804924,0.02074024716812713,38.965895695296936,0.02441059878990194,7.438977296819788,26.990135576923077,2.6353814834133114,0.0,1.0703720304796056,0.0,0.23813196830516795,1.3302952971199418,0.016408386508659983,203.73199112903225,0.2968197879858657,0.03296703296703287,0.20880490727244921,0.5632526523599535,0.5124787470997691,0.1076923076923077,0.035398230088495575,-0.04081632653061224,0.044113785750304536,-0.0673762171340821,0.1518193985913284,Specialty Chemicals,Basic Materials,IOSP
2020Q4,2020,Q4,2021-02-17,2020-12-31,22600000.0,310800000.0,29400000.0,0.91,91000000.0,0.2927927927927928,1397400000.0,944400000.0,566200000.0,252400000.0,452500000.0,220000000.0,758600000.0,2230687780.0,2166187780.0,38.412104449686815,2.2432646592709986,0.029197080291970802,0.043202033036848796,0.022254375916882698,38.412104449686815,0.023930537907666243,7.177245109395109,24.675749778761062,2.362015861922914,0.5663716814159292,0.9990909090909091,0.005738140547844844,0.2224130528123658,1.2943740095087164,0.016172892514670103,44.43601155378486,0.2927927927927928,0.7843137254901961,-0.2969262414149749,0.23808056538224223,0.5296906322418257,0.156289707750953,0.7795275590551181,0.75,5.640923696412592,-0.13411461812131215,0.17253928609863992,Specialty Chemicals,Basic Materials,IOSP
2020Q3,2020,Q3,2020-11-04,2020-09-30,12700000.0,265100000.0,16800000.0,0.51,78700000.0,0.2968691059977367,1343700000.0,925500000.0,528800000.0,229800000.0,417700000.0,239800000.0,748800000.0,1555772400.0,1519572400.0,37.66788766788767,2.301131418624891,0.02262409764084245,0.032847109670448404,0.010709090781327955,37.66788766788767,0.013722312263641274,5.8686246699358735,30.625440944881888,1.6810074554294976,0.0,0.7773144286905754,0.0,0.1972910619930044,1.1871192341166232,0.009451514474957208,32.14405785123967,0.2968691059977367,1.3148148148148147,-0.6497776360135911,0.02382170820408417,0.5457419503863873,0.3316412859560068,1.3198992443324937,1.3146067415730338,-0.464541355957665,-0.21652192684081975,0.2163074309562604,Specialty Chemicals,Basic Materials,IOSP
2020Q2,2020,Q2,2020-08-05,2020-06-30,-39700000.0,244900000.0,-53400000.0,-1.62,59100000.0,0.24132298897509188,1339000000.0,899200000.0,532900000.0,219200000.0,439300000.0,243600000.0,736100000.0,1897569000.0,1908569000.0,36.60641589317701,2.4311131386861313,0.05168035847647498,0.07695729537366548,-0.03945217532414362,36.60641589317701,-0.04415035587188612,7.7483421804818295,-11.949426952141058,2.110285809608541,0.0,0.7627257799671593,0.0,0.18289768483943242,1.239051094890511,-0.029648991784914116,82.503,0.24132298897509188,-2.2089552238805967,-2.1337663931427873,-0.006624514656230362,0.6128681548273619,-0.4811237928007024,-2.199395770392749,-2.3056234718826407,-2.494384050172168,-0.2626325956430064,0.2548616970881261,Specialty Chemicals,Basic Materials,IOSP
2020Q1,2020,Q1,2020-05-06,2020-03-31,33100000.0,372300000.0,40900000.0,1.34,113900000.0,0.3059360730593607,1455300000.0,943800000.0,626700000.0,266100000.0,511000000.0,246000000.0,788600000.0,1704520209.9999998,1728120209.9999998,38.476904888091646,2.3551296505073283,0.06301106301106302,0.09716041534223352,0.028665168958047927,38.476904888091646,0.03507098961644416,4.578351356432983,12.874019712990936,1.8060184467048102,0.0,1.0504065040650405,0.0,0.25582354153782727,1.3694099962420143,0.022744451315879887,-315.65189074074067,0.3059360730593607,0.06349206349206354,0.8319738282653003,0.37013160030062975,0.7908968888824267,-0.03637901861252115,0.06430868167202572,-0.06621004566210045,0.8897415683571511,0.2422403837534626,0.37059036977146326,Specialty Chemicals,Basic Materials,IOSP
2019Q4,2019,Q4,2020-02-19,2019-12-31,31100000.0,390700000.0,43800000.0,1.26,118200000.0,0.3025339134886102,1468800000.0,918500000.0,630300000.0,303500000.0,549900000.0,244600000.0,755500000.0,2534486880.0,2551386880.0,37.486735776671296,2.0767710049423393,0.06304466230936819,0.10081654872074033,0.030101542820636852,37.486735776671296,0.033859553620032665,6.487040900947018,20.373688745980704,2.7593760261295586,0.4115755627009646,1.1140637775960753,0.005050331923596306,0.26599945533769065,1.2115321252059308,0.021173747276688453,49.59856908023483,0.3025339134886102,0.03278688524590167,0.10932704198823355,0.33752464679490796,0.7718095855366406,-0.007556675062972292,0.03322259136212625,0.14659685863874344,0.3799013913722438,0.6110591957306792,0.378203999648515,Specialty Chemicals,Basic Materials,IOSP
2019Q3,2019,Q3,2019-11-06,2019-09-30,30100000.0,371900000.0,38200000.0,1.22,119100000.0,0.3202473783275074,1494400000.0,881800000.0,673300000.0,296700000.0,612200000.0,251400000.0,737200000.0,2183127740.0,2239627740.0,36.00506308439835,2.2692955847657568,0.11161670235546038,0.18915853935132684,0.02805618752860959,36.00506308439835,0.03413472442730778,5.870200968002151,18.13229019933555,2.47576291676117,0.0,1.005568814638027,0.0,0.24886241970021414,1.3710819009100101,0.02014186295503212,65.75685963855422,0.3202473783275074,0.3555555555555555,0.44292016219458935,0.624986209139196,0.9218440229967381,0.07200720072007201,0.34977578475336324,0.20504731861198738,1.5849370373792877,0.7717509614982456,0.3242727374974985,Specialty Chemicals,Basic Materials,IOSP
2019Q2,2019,Q2,2019-08-06,2019-06-30,22300000.0,362400000.0,31700000.0,0.9,111100000.0,0.3065673289183223,1489600000.0,862700000.0,650500000.0,303700000.0,626500000.0,248200000.0,707100000.0,2268349950.0,2359149950.0,35.2366948494874,2.1419163648337176,0.1321831364124597,0.2282369305668251,0.021112567907797714,35.2366948494874,0.025849078474556624,6.259243791390729,25.42993217488789,2.6293612495653185,0.0,1.0124899274778405,0.0,0.24328678839957035,1.2713203819558776,0.01497046186895811,51.20428781038375,0.3065673289183223,-0.2307692307692307,0.20136818597791528,0.6321112841303296,0.9483584659468435,-0.056876061120543296,-0.2229965156794425,-0.12430939226519337,-0.24444728048711717,0.5563637067180879,0.3215414355862976,Specialty Chemicals,Basic Materials,IOSP
2019Q1,2019,Q1,2019-05-08,2019-03-31,28700000.0,388300000.0,36200000.0,1.17,117800000.0,0.3033736801442184,1526600000.0,848400000.0,683600000.0,300000000.0,677700000.0,249100000.0,697000000.0,2046598750.0,2170898750.0,34.71784588942996,2.2786666666666666,0.16232149875540416,0.29207920792079206,0.02356698127416946,34.71784588942996,0.03382838283828383,5.270663790883337,17.82751524390244,2.4123040429042906,0.0,1.085909273384183,0.0,0.25435608541857724,1.4006666666666667,0.01879994759596489,1023.299375,0.3033736801442184,0.40963855421686746,0.6930128021505852,0.7540020936186127,0.9817154675686333,0.009425878320479864,0.4068627450980392,-0.1561771561771562,0.4925439414124605,0.7994250222700265,0.34758878542052074,Specialty Chemicals,Basic Materials,IOSP
2018Q4,2018,Q4,2019-02-20,2018-12-31,20400000.0,395000000.0,42900000.0,0.83,116700000.0,0.2954430379746835,1473400000.0,825000000.0,663900000.0,296600000.0,647900000.0,248000000.0,668300000.0,1508426240.0,1596226240.0,33.778250900753356,2.2383681726230615,0.1431383195330528,0.25563636363636366,0.020051138238205212,33.778250900753356,0.024727272727272726,3.8188006075949366,18.48561568627451,1.8283954424242423,0.5392156862745098,1.1221774193548386,0.007292368501889758,0.26808741685896564,1.3580579905596764,0.013845527351703543,24.93266512396694,0.2954430379746835,-0.011904761904761916,-0.2898970681719357,0.6333272234670925,1.0131639520722568,0.051351351351351354,-0.009708737864077669,0.2844311377245509,-0.36115764353563246,0.5839303404088741,0.345156031325373,Specialty Chemicals,Basic Materials,IOSP
2018Q3,2018,Q3,2018-11-07,2018-09-30,20600000.0,363100000.0,33400000.0,0.84,111000000.0,0.3057009088405398,1497100000.0,839900000.0,659300000.0,290500000.0,656800000.0,261900000.0,658900000.0,1822878350.0000002,1959678350.0000002,34.39534788484377,2.269535283993115,0.15242802751987175,0.27169901178711753,0.021114744600095256,34.39534788484377,0.02452672937254435,5.0203204351418345,22.122310072815537,2.170351649005834,0.0,0.9625811378388698,0.0,0.2425355687662815,1.3053356282271944,0.013759935876026986,72.0505276679842,0.3057009088405398,-0.05617977528089892,0.423343064241545,0.8217535483134265,1.1607779584784435,0.07976653696498054,-0.05504587155963303,0.18021201413427562,-0.42840995522458797,0.4109711585524537,0.4114497896058466,Specialty Chemicals,Basic Materials,IOSP
2018Q2,2018,Q2,2018-08-08,2018-06-30,21800000.0,358100000.0,28300000.0,0.89,102800000.0,0.28707065065624127,1451200000.0,819300000.0,609300000.0,267300000.0,631500000.0,252300000.0,638300000.0,1868508950.0,2030708950.0,33.56548813962063,2.2794612794612794,0.1572491730981257,0.2785304528255828,0.01988137687896478,33.56548813962063,0.026608080068351032,5.217841245462162,21.42785493119266,2.280616318808739,0.0,1.0118906064209274,0.0,0.24676130099228225,1.2839506172839505,0.015022050716648291,-424.661125,0.28707065065624127,-0.01111111111111112,0.22884019148339257,0.8658108606373591,1.2467391321450763,-0.016267942583732056,-0.018018018018018018,-0.020761245674740483,-0.3734746212046994,0.46176673793678114,0.4788857526945176,Specialty Chemicals,Basic Materials,IOSP
2018Q1,2018,Q1,2018-05-09,2018-03-31,22200000.0,360700000.0,28900000.0,0.9,104500000.0,0.28971444413640146,1472900000.0,824400000.0,622700000.0,292600000.0,648100000.0,247700000.0,627200000.0,1671713399.9999998,1812413399.9999998,33.82986581312323,2.1281613123718386,0.14855047864756601,0.2654051431344008,0.020604750288077258,33.82986581312323,0.026928675400291122,4.634636540060992,18.82560135135135,2.02779403202329,0.0,1.0343157044812272,0.0,0.2448910312987983,1.2248803827751196,0.015072306334442257,-253.28990909090905,0.28971444413640146,5.5,0.18449396090661635,0.7372942002996145,1.3719418199231157,-0.03686635944700461,5.625,-0.24739583333333334,0.23676270635075108,0.33615710152785283,0.5746017412846341,Specialty Chemicals,Basic Materials,IOSP
2017Q4,2017,Q4,2018-02-15,2017-12-31,-4800000.0,353800000.0,38400000.0,-0.2,108500000.0,0.3066704352741662,1410200000.0,793900000.0,561500000.0,261600000.0,615900000.0,209800000.0,605000000.0,1710920399.9999998,1845020399.9999998,32.75975901625815,2.146406727828746,0.159055453127216,0.28252928580425746,-0.004477174716205124,32.75975901625815,-0.006046101524121426,4.835840587902769,-89.11043749999999,2.155083007935508,-1.9583333333333333,1.169208770257388,0.005494118838024259,0.25088639909232735,1.279434250764526,-0.003403772514536945,42.77300999999999,0.3066704352741662,-1.2105263157894737,-1.37118410458658,0.6259424132103968,1.4595655034288455,0.09817813765182186,-1.206008583690987,0.271523178807947,-1.1731078969296669,0.22459545404102224,0.5483891526505889,Specialty Chemicals,Basic Materials,IOSP
2017Q3,2017,Q3,2017-11-08,2017-09-30,23300000.0,332400000.0,30200000.0,0.95,98800000.0,0.2972322503008424,1312600000.0,747500000.0,532700000.0,237900000.0,564700000.0,211500000.0,619200000.0,1488046050.0,1657646050.0,30.969051663421304,2.239176124422026,0.1791101630351973,0.3145150501672241,0.023809974973911418,30.969051663421304,0.03117056856187291,4.476672833935018,15.966159334763947,1.9906970568561873,0.0,1.1044917257683216,0.0,0.25323784854487275,1.3076923076923077,0.017751028493067193,43.13176956521739,0.2972322503008424,-0.10377358490566047,0.44736163325746714,0.745076688508694,0.7859075946846428,-0.05994291151284491,-0.10727969348659004,-0.12968299711815562,0.13332626895828617,0.4736954552847013,0.6530365937065534,Specialty Chemicals,Basic Materials,IOSP
2017Q2,2017,Q2,2017-08-09,2017-06-30,26100000.0,326300000.0,34700000.0,1.06,105100000.0,0.3220962304627643,1276900000.0,704000000.0,519900000.0,228400000.0,572500000.0,217600000.0,595900000.0,1581918150.0,1788018150.0,29.17167364190113,2.2762697022767076,0.19962408959198058,0.3620738636363636,0.02697729864206489,29.17167364190113,0.037073863636363634,4.848048268464603,15.152472701149426,2.2470428267045452,0.0,1.0165441176470589,0.0,0.2555407627848696,1.2714535901926445,0.02044012843605607,608.4300576923077,0.3220962304627643,0.5142857142857145,0.6150731898364306,0.753324300755814,0.7506785838451789,0.1562156215621562,0.5174418604651163,0.3143939393939394,0.4264780422904153,0.4908432107363157,0.6130025119783128,Specialty Chemicals,Basic Materials,IOSP
2017Q1,2017,Q1,2017-05-10,2017-03-31,17200000.0,294300000.0,26400000.0,0.7,90900000.0,0.308868501529052,1225400000.0,676200000.0,476100000.0,221700000.0,548900000.0,199000000.0,579000000.0,1559633250.0,1757933250.0,28.07323452484743,2.147496617050068,0.19887383711441162,0.36039633244602187,0.02116852021750319,28.07323452484743,0.025436261461106183,5.299467380224261,22.669087936046513,2.3064673913043476,0.0,1.022110552763819,0.0,0.2401664762526522,1.193955796120884,0.014036233066753712,-58.632828947368424,0.308868501529052,-0.2222222222222223,-0.33076945665458646,0.4028426709155408,0.7559099890677089,-0.005470459518599562,-0.22171945701357465,-0.1826625386996904,0.029371093887222945,0.3487086881418699,0.6024370653569191,Specialty Chemicals,Basic Materials,IOSP
2016Q4,2016,Q4,2017-02-15,2016-12-31,22100000.0,237800000.0,32300000.0,0.9,91400000.0,0.3843566021867115,1181400000.0,653500000.0,441100000.0,183100000.0,527600000.0,173800000.0,561800000.0,1645781000.0,1817181000.0,27.199700324648298,2.4090660841070455,0.2313357034027425,0.4182096403978577,0.026430610529589706,27.199700324648298,0.03381790359602142,6.920862068965517,18.617432126696833,2.5184100994644223,0.35294117647058826,0.8423475258918297,0.004739391206971037,0.20128660910783816,1.3997815401419988,0.018706619265278484,122.8194776119403,0.3843566021867115,0.9148936170212768,0.12633082867709636,0.18475143200020444,0.9026313255364593,0.15404040404040403,0.9385964912280702,0.708994708994709,-0.2179784327721624,-0.0004068440205228943,0.6210861942389314,Specialty Chemicals,Basic Materials,IOSP
2016Q3,2016,Q3,2016-11-03,2016-09-30,11400000.0,205500000.0,18900000.0,0.47,79200000.0,0.3854014598540146,1043300000.0,651900000.0,479200000.0,159000000.0,391100000.0,161800000.0,547500000.0,1458041370.0,1438441370.0,27.188555699211744,3.0138364779874216,0.14137831879612767,0.22626169657922995,0.020304425018941752,27.188555699211744,0.017487344684767602,7.095091824817518,31.97459144736842,2.236602807179015,0.0,0.7805933250927071,0.0,0.19697114923799483,1.840251572327044,0.010926866673056647,58.089297609561754,0.3854014598540146,-0.6016949152542372,1.6710433808590375,0.005542752015131047,1.0695596924045254,-0.07368421052631578,-0.6055363321799307,-0.33916083916083917,-0.19780444354411064,0.05004577779154533,0.7080342398167038,Specialty Chemicals,Basic Materials,IOSP
2016Q2,2016,Q2,2016-08-03,2016-06-30,28900000.0,228000000.0,28600000.0,1.18,85500000.0,0.375,1031100000.0,639200000.0,463800000.0,149200000.0,391600000.0,155100000.0,536100000.0,1102518270.0,1107218270.0,26.66332957910983,3.10857908847185,0.15313742604984967,0.24702753441802253,0.02834849295523453,26.66332957910983,0.04521276595744681,4.835606447368421,9.537355276816609,1.7248408479349189,0.0,0.9187620889748549,0.0,0.22112307244690138,1.9443699731903485,0.028028319270681796,23.967788478260868,0.375,0.5324675324675323,0.162692514173296,0.20992416736925565,0.8562621995127929,0.1220472440944882,0.5291005291005291,0.1171875,0.6586866852889814,0.2095553443569963,0.7847363252839149,Specialty Chemicals,Basic Materials,IOSP
2016Q1,2016,Q1,2016-05-04,2016-03-31,18900000.0,212100000.0,25600000.0,0.77,76200000.0,0.3592644978783593,1001000000.0,618800000.0,433000000.0,147400000.0,381900000.0,152600000.0,515300000.0,1041463840.0,1084063840.0,25.762937674341146,2.937584803256445,0.15584415584415584,0.25210084033613445,0.02538376790304811,25.762937674341146,0.030542986425339366,4.91024912776992,13.77597671957672,1.6830378797672916,0.0,0.8905635648754915,0.0,0.21188811188811188,1.7734056987788331,0.01888111888111888,297.56109714285714,0.3592644978783593,-0.3984375,-0.1342522441051996,0.12728383517752517,0.8996954198458224,-0.11703360370799537,-0.4,-0.2536443148688047,0.023115033931470904,0.03645555092355624,0.8063385060823253,Specialty Chemicals,Basic Materials,IOSP
2015Q4,2015,Q4,2016-02-17,2015-12-31,31500000.0,246000000.0,34300000.0,1.28,86300000.0,0.3508130081300813,1030000000.0,605000000.0,458700000.0,206100000.0,424700000.0,159900000.0,496400000.0,1308490830.0,1307690830.0,25.11102809944797,2.2256186317321687,0.13213592233009708,0.2249586776859504,0.04124509845838118,25.11102809944797,0.05206611570247934,5.319068414634146,10.384847857142857,2.162794760330579,0.24126984126984127,0.9987492182614134,0.005808218006388321,0.23883495145631067,1.3541969917515768,0.03058252427184466,65.753308040201,0.3508130081300813,-0.11724137931034478,0.33433562230308184,0.4281938930524645,1.0710126267585955,-0.04535398230088496,-0.1151685393258427,-0.16747572815533981,1.4501513328764426,0.1371471346380226,0.8853074724506678,Specialty Chemicals,Basic Materials,IOSP
2015Q3,2015,Q3,2015-11-04,2015-09-30,35600000.0,254200000.0,41200000.0,1.45,90400000.0,0.3556254917387884,1016800000.0,587800000.0,443400000.0,196700000.0,428600000.0,166800000.0,472500000.0,1121867710.0,1131867710.0,24.368807263380457,2.25419420437214,0.13542486231313927,0.23426335488261313,0.04862478633498696,24.368807263380457,0.06056481796529432,4.413326947285602,7.878284480337078,1.9085874617216738,0.0,0.9820143884892086,0.0,0.25,1.337061514997458,0.035011801730920535,38.81895190311419,0.3556254917387884,0.03571428571428575,0.1711206003067867,0.4417805918151161,1.6646736651574265,0.03314285714285714,0.03188405797101449,-0.28222996515679444,1.2128863752773316,0.33541739784565794,0.4052880416897314,Specialty Chemicals,Basic Materials,IOSP
2015Q2,2015,Q2,2015-08-05,2015-06-30,34500000.0,242900000.0,57400000.0,1.4,87500000.0,0.36023054755043227,998400000.0,549300000.0,426400000.0,193600000.0,448700000.0,167500000.0,436900000.0,1090058080.0,1167758080.0,22.69647136600281,2.2024793388429753,0.1422275641025641,0.2585108319679592,0.05506226376167323,22.69647136600281,0.06280720917531403,4.48768250308769,7.898971594202899,1.9844494447478607,0.0,0.9277611940298508,0.0,0.24328926282051283,1.0397727272727273,0.034555288461538464,35.62281307189542,0.36023054755043227,0.9444444444444444,1.8249886373027018,0.417308148302853,1.9065416561923145,0.06968215158924206,0.9273743016759777,1.452991452991453,1.1287803460657744,0.3014657676970465,0.3620825063750768,Specialty Chemicals,Basic Materials,IOSP
2015Q1,2015,Q1,2015-05-06,2015-03-31,17900000.0,269200000.0,23400000.0,0.72,81800000.0,0.3038632986627043,976800000.0,522100000.0,391400000.0,189300000.0,454700000.0,176000000.0,409700000.0,1127323390.0,1222923390.0,21.484712563269003,2.0676175382989963,0.14547502047502048,0.2721700823597012,0.026271208233476694,21.484712563269003,0.034284619804635125,4.187679754829123,15.744740083798883,2.1592097107833745,0.0,1.0647727272727272,0.0,0.27559377559377557,1.0533544638140517,0.018325143325143324,93.16722231404958,0.3038632986627043,-0.3513513513513514,1.357303725683628,0.6045436269659307,2.119564456918066,-0.13071200850159406,-0.35842293906810035,-0.4681818181818182,-0.30966656997955516,0.27189812823927534,0.34381456360870016,Specialty Chemicals,Basic Materials,IOSP
2014Q4,2014,Q4,2015-02-17,2014-12-31,27900000.0,290700000.0,44000000.0,1.11,94100000.0,0.3237014103887169,999900000.0,515900000.0,414200000.0,222900000.0,484000000.0,184900000.0,391800000.0,1041196800.0000001,1141196800.0,21.15731627296588,1.8582323912068193,0.1416141614161416,0.27447179685985656,0.043579527845848606,21.15731627296588,0.05408024811009886,3.5816883384932923,9.329720430107526,2.0182143826322934,0.24372759856630824,1.063277447268794,0.0065309459268411115,0.2907290729072907,0.9448183041722745,0.0279027902790279,25.395043902439028,0.3237014103887169,0.33734939759036164,91.32258858267717,0.7194331919495143,2.179235812032855,0.27853260869565216,0.34134615384615385,0.746031746031746,0.4010525470030533,0.42704262964635664,0.47996383139370774,Specialty Chemicals,Basic Materials,IOSP
2014Q3,2014,Q3,2014-11-05,2014-09-30,20800000.0,228200000.0,25200000.0,0.83,73600000.0,0.32252410166520595,774600000.0,457500000.0,397600000.0,121400000.0,317100000.0,171900000.0,377100000.0,876678000.0,901278000.0,18.734643734643736,3.275123558484349,0.14846372321198037,0.25136612021857924,0.03604579995186191,18.734643734643736,0.04546448087431694,3.84170902716915,10.53699519230769,1.9162360655737702,0.0,0.8993600930773705,0.0,0.2946036664084689,1.7512355848434926,0.026852569067906017,47.13322580645161,0.32252410166520595,0.10666666666666662,8.464895198228533,0.4820776601607701,0.8510140905756775,0.0728862973760933,0.12432432432432433,-0.003952569169960474,2.202148902148902,0.09636089690518189,0.42605822662002446,Specialty Chemicals,Basic Materials,IOSP
2014Q2,2014,Q2,2014-08-06,2014-06-30,18500000.0,221300000.0,25300000.0,0.75,68600000.0,0.30998644374152734,786800000.0,441300000.0,405900000.0,125500000.0,345500000.0,172800000.0,356300000.0,1053391170.0,1101491170.0,18.08532437195197,3.234262948207171,0.17730045754956786,0.3161114887831407,0.03386013496307614,18.08532437195197,0.04192159528665307,4.760014324446453,14.235015810810811,2.3870182868796737,0.0,0.8836805555555556,0.0,0.2812658871377733,1.7163346613545816,0.02351296390442298,135.05015,0.30998644374152734,0.08695652173913052,4.974092591833668,0.564884620918671,0.7245622542499903,0.0441400304414003,0.09467455621301775,0.40555555555555556,-0.26877080540814835,0.1537706284397213,0.25907396141118666,Specialty Chemicals,Basic Materials,IOSP
2014Q1,2014,Q1,2014-05-07,2014-03-31,16900000.0,220700000.0,18000000.0,0.69,65700000.0,0.2976891708201178,777600000.0,426800000.0,394600000.0,127000000.0,350800000.0,160200000.0,344400000.0,1101893260.0,1151493260.0,17.519087102865118,3.1070866141732285,0.1796553497942387,0.327319587628866,0.028262182375621312,17.519087102865118,0.039597000937207125,4.992719800634346,16.300196153846155,2.5817555295220243,0.0,0.9675405742821473,0.0,0.2838220164609053,1.715748031496063,0.021733539094650207,64.8172505882353,0.2976891708201178,-0.41338003621740654,1.5583561232657417,0.4437817311149892,0.7595872888890443,-0.1193029490616622,-0.41114982578397213,-0.3233082706766917,-0.23676503437492244,0.15647680672610687,0.29181423135372314,Specialty Chemicals,Basic Materials,IOSP
2013Q4,2013,Q4,2014-02-13,2013-12-31,28700000.0,241600000.0,26600000.0,1.17623,74600000.0,0.3087748344370861,794700000.0,409400000.0,407400000.0,155600000.0,385300000.0,158900000.0,327500000.0,1127768000.0,1195568000.0,16.778688524590162,2.6182519280205656,0.18623379891783062,0.361504640937958,0.044612667702186394,16.778688524590162,0.07010258915486077,4.667913907284769,9.82376306620209,2.754684904738642,0.0,1.0509754562618,0.0,0.3040140933685668,1.430591259640103,0.03611425695230905,45.84422764227642,0.3087748344370861,1.02798275862069,4.552509016393443,0.3911213895394223,0.727114632559536,0.29965156794425085,1.05,0.3641025641025641,0.2004317614517979,0.38500087838525043,0.3838093628527969,Specialty Chemicals,Basic Materials,IOSP
2013Q3,2013,Q3,2013-11-06,2013-09-30,14000000.0,192800000.0,19500000.0,0.58,57400000.0,0.29771784232365145,697900000.0,376000000.0,363200000.0,153800000.0,321900000.0,167300000.0,330100000.0,1102155860.0,1141255860.0,15.918039033063799,2.3615084525357606,0.13325691359793668,0.2473404255319149,0.031808172253486665,15.918039033063799,0.03723404255319149,5.716576037344399,19.68135464285714,2.9312655851063827,0.0,0.8093245666467423,0.0,0.27625734345894826,1.1267880364109233,0.020060180541624874,-86.78392598425197,0.29771784232365145,-0.18309859154929578,24.30863779405331,0.21511636774046303,0.40097743015357473,-0.03367003367003367,-0.18128654970760233,-0.12556053811659193,-0.5296981499513145,0.11667729913037636,0.7406013742860988,Specialty Chemicals,Basic Materials,IOSP
2013Q2,2013,Q2,2013-08-08,2013-06-30,17100000.0,185000000.0,22300000.0,0.71,59400000.0,0.3210810810810811,593900000.0,351500000.0,314100000.0,128900000.0,242400000.0,149500000.0,316100000.0,958766000.0,937066000.0,14.939646378782728,2.4367726920093093,0.05556490991749453,0.09388335704125178,0.04745241754344485,14.939646378782728,0.04864864864864865,5.182518918918919,14.017046783625732,2.727641536273115,0.0,0.8401337792642141,0.0,0.31150025256777236,1.13033359193173,0.028792726048156254,62.66444444444444,0.3210810810810811,-0.05333333333333338,20.354104683781024,0.27198314968409454,0.2877021933747268,-0.06896551724137931,-0.05,0.0045045045045045045,0.4403232318939134,0.11038795641277659,0.9131918714799786,Specialty Chemicals,Basic Materials,IOSP
2013Q1,2013,Q1,2013-05-07,2013-03-31,18000000.0,199400000.0,22200000.0,0.75,63800000.0,0.31995987963891676,584300000.0,333800000.0,303400000.0,128900000.0,250500000.0,141800000.0,299000000.0,1029541960.0,1023341960.0,14.262519227482482,2.3537626066718387,0.06332363511894575,0.11084481725584182,0.047059821087887393,14.262519227482482,0.05392450569203116,5.163199398194584,14.299193888888889,3.084307849011384,0.0,0.9562764456981664,0.0,0.3412630498031833,1.13033359193173,0.030806092760568202,75.70161470588235,0.31995987963891676,0.5796457381157986,1.494831699533858,0.19591876390551086,0.2407658167038398,-0.018461538461538463,0.41732283464566927,-0.13953488372093023,1.4613256223237425,0.23405831983554912,1.0709072982540782,Specialty Chemicals,Basic Materials,IOSP
2012Q4,2012,Q4,2013-02-13,2012-12-31,12700000.0,213700000.0,25800000.0,0.47479,65000000.0,0.3041647168928404,579400000.0,317000000.0,296600000.0,147300000.0,262400000.0,138300000.0,281000000.0,820862000.0,828462000.0,13.319327731092438,2.0135777325186694,0.05177770107007249,0.0946372239747634,0.03536573519411974,13.319327731092438,0.04006309148264984,3.841188582124474,16.158700787401575,2.5894700315457415,0.0,1.0751988430947217,0.0,0.36882982395581637,0.9721656483367278,0.021919226786330688,-103.90658227848101,0.3041647168928404,-0.2695538461538462,0.138375350140056,0.23116688481993836,0.16170048129749148,0.28205128205128205,-0.18064516129032257,0.4913294797687861,43.12344537815125,0.2950090072569832,1.0014487266988015,Specialty Chemicals,Basic Materials,IOSP
2012Q3,2012,Q3,2012-11-01,2012-09-30,15500000.0,183400000.0,17300000.0,0.65,50700000.0,0.27644492911668483,634400000.0,403000000.0,375100000.0,152100000.0,231400000.0,143800000.0,315000000.0,790392400.0,694792400.0,17.3407917383821,2.4661406969099278,0.053593947036569986,0.08436724565756824,0.036095032978866605,17.3407917383821,0.038461538461538464,4.309664122137405,12.748264516129032,1.9612714640198508,0.0,0.9228094575799722,0.0,0.2890920554854981,1.492439184746877,0.024432534678436316,27.733066666666666,0.27644492911668483,0.0,1.8592059564789771,0.32484497430280573,0.814735777085175,-0.10582010582010581,0.0,-0.2821576763485477,6.845230126856633,0.2515960625343197,0.7132991854084998,Specialty Chemicals,Basic Materials,IOSP
2012Q2,2012,Q2,2012-08-09,2012-06-30,15500000.0,178500000.0,24100000.0,0.65,56700000.0,0.3176470588235294,603000000.0,385700000.0,349400000.0,131700000.0,217300000.0,139800000.0,299500000.0,685382670.0,619582670.0,16.663066488097808,2.6529992406985574,0.06633499170812604,0.10370754472387866,0.044999789185835706,16.663066488097808,0.04018667358050298,3.839678823529412,11.054559193548387,1.7769838475499093,0.0,0.871244635193133,0.0,0.2960199004975124,1.5641609719058467,0.02570480928689884,70.65800721649485,0.3176470588235294,-0.36893203883495146,1.3636082937949017,0.3090056791569337,0.74496911800752,-0.1140625,-0.3699186991869919,-0.22756410256410256,4.276486513731081,0.33061385830138623,0.5889400109404763,Specialty Chemicals,Basic Materials,IOSP
2012Q1,2012,Q1,2012-05-08,2012-03-31,24600000.0,200800000.0,31200000.0,1.03,64000000.0,0.3187250996015936,592000000.0,368600000.0,339500000.0,142400000.0,223400000.0,139100000.0,284000000.0,700410900.0,645210900.0,15.987855129039254,2.384129213483146,0.060810810810810814,0.09766684753119913,0.059280771131982206,15.987855129039254,0.06673901247965273,3.488102091633466,7.117996951219512,1.9001923494302766,0.0,0.9834651329978433,0.0,0.33918918918918917,1.3764044943820224,0.04155405405405405,51.124883211678835,0.3187250996015936,0.2612193419618696,3.2314205161570158,0.42626565666380545,0.6810208791001328,0.10726643598615918,0.25510204081632654,0.3276595744680851,2.935113044892648,0.38806796008312333,0.6057929557902704,Specialty Chemicals,Basic Materials,IOSP
2011Q4,2011,Q4,2012-02-17,2011-12-31,19600000.0,200500000.0,23500000.0,0.81667,57800000.0,0.28827930174563593,568800000.0,343100000.0,320300000.0,146000000.0,225700000.0,135900000.0,259400000.0,673680000.0,632480000.0,14.295833333333333,2.1938356164383563,0.061533052039381156,0.10201107548819587,0.06090981221898969,14.295833333333333,0.05712620227338968,3.36,8.592857142857143,1.9635091809967942,0.0,1.0500367917586462,0.0,0.35249648382559773,1.2356164383561643,0.034458509142053444,70.175,0.28827930174563593,2.150239436619718,28.759666666666668,0.19890857458785685,0.5118002592592591,0.0017331022530329288,2.1666666666666665,2.1633663366336635,2.855156666666667,0.17371068948412696,0.4715418847216164,Specialty Chemicals,Basic Materials,IOSP
2011Q3,2011,Q3,2011-11-02,2011-09-30,-16800000.0,202100000.0,-20200000.0,-0.71,57700000.0,0.2855022266204849,597500000.0,311500000.0,375300000.0,221400000.0,286000000.0,137700000.0,239800000.0,574043310.0,531943310.0,13.137362405634516,1.6951219512195121,0.1506276150627615,0.28892455858747995,-0.033540888335408886,13.137362405634516,-0.05393258426966292,2.8403924294903513,-8.542311160714286,1.8428356661316212,0.0,1.048656499636892,0.0,0.33824267782426776,1.0347786811201445,-0.02811715481171548,76.539108,0.2855022266204849,-1.71,-2.606005651385433,0.49711135675736157,-0.0241285104428793,-0.0068846815834767644,-1.6829268292682926,-1.9017857142857142,-26.86419805153726,0.2688946431310682,0.15624469721503922,Specialty Chemicals,Basic Materials,IOSP
2011Q2,2011,Q2,2011-08-09,2011-06-30,24600000.0,186500000.0,22400000.0,1.0,58100000.0,0.3115281501340483,572100000.0,340800000.0,349100000.0,178600000.0,231300000.0,142400000.0,256600000.0,797430860.0,731430860.0,14.363988872966367,1.9546472564389699,0.05768222338751967,0.09683098591549295,0.04997143401256903,14.363988872966367,0.0721830985915493,4.275768686327078,8.103972154471546,2.3398792840375586,0.0,0.901685393258427,0.0,0.325991959447649,1.1209406494960805,0.04299947561615102,241.64571515151516,0.3115281501340483,0.13636363636363635,24.280165219590323,0.697577831109477,0.1121714090208509,0.08395522388059702,0.14418604651162792,-0.06276150627615062,29.46357371659783,0.2715954091384786,0.23808418943554982,Specialty Chemicals,Basic Materials,IOSP
2011Q1,2011,Q1,2011-05-10,2011-03-31,21500000.0,185300000.0,23900000.0,0.88,53600000.0,0.2892606583917971,539200000.0,320800000.0,314000000.0,163600000.0,218400000.0,127100000.0,232000000.0,755540700.0,692640700.0,13.56161488057493,1.919315403422983,0.05007418397626113,0.08416458852867831,0.05220599142108803,13.56161488057493,0.06701995012468828,4.077391797085807,8.785356976744186,2.3551767456359105,0.0,1.036191974822974,0.0,0.3436572700296736,1.121638141809291,0.039873887240356086,179.89064285714286,0.2892606583917971,-0.10189418680600917,36.352709081941796,0.6383116143875535,0.053899463363430954,-0.023679417122040074,-0.11522633744855967,0.5723684210526315,1.9483181464140624,0.09956037922632414,0.17979074346809107,Specialty Chemicals,Basic Materials,IOSP
2010Q4,2010,Q4,2011-02-18,2010-12-31,24300000.0,177300000.0,15200000.0,0.97984,54900000.0,0.3096446700507614,548300000.0,300700000.0,321900000.0,158900000.0,247600000.0,122300000.0,210500000.0,505919999.99999994,445819999.99999994,12.125,2.025802391441158,0.08571949662593471,0.15630196208846026,0.06438152011922503,12.125,0.0808114399733954,2.8534686971235192,5.204938271604938,1.6824742268041235,0.0,1.0008176614881439,0.0,0.3233631223782601,1.2303335431088736,0.04431880357468539,38.039097744360895,0.3096446700507614,-0.1834666666666666,4.264981473408893,0.39908582949308746,-0.04905136768447832,-0.009025270758122744,-0.19,-0.2727272727272727,1.0903225806451613,-0.019728412126193105,0.0575322283609577,Specialty Chemicals,Basic Materials,IOSP
2010Q3,2010,Q3,2010-11-02,2010-09-30,30000000.0,174000000.0,20900000.0,1.2,55400000.0,0.31839080459770114,560700000.0,217700000.0,314000000.0,141200000.0,343000000.0,116000000.0,186200000.0,362550150.0,311750150.0,9.145137576139467,2.223796033994334,0.08560727661851257,0.2204869085898025,0.07539310832438516,9.145137576139467,0.13780431786862654,2.083621551724138,3.02125125,1.6653658704639411,0.0,1.0224137931034483,0.0,0.3103263777421081,1.3753541076487252,0.05350454788657036,18.784981865284973,0.31839080459770114,1.5,4.423142704806221,0.3284814114681789,-0.3021009243377112,0.012797074954296161,1.5,-0.15725806451612903,4.402601494283914,0.22710836737301773,-0.042949791672274626,Specialty Chemicals,Basic Materials,IOSP
2010Q2,2010,Q2,2010-08-04,2010-06-30,12000000.0,168400000.0,24800000.0,0.48,54700000.0,0.3248218527315915,533000000.0,185700000.0,287700000.0,138600000.0,347300000.0,113900000.0,154500000.0,223065780.00000003,196365780.00000003,7.808754888356251,2.0757575757575757,0.08818011257035648,0.25309639203015616,0.0991395248898172,7.808754888356251,0.06462035541195477,1.3246186460807603,4.64720375,1.201215831987076,0.0,0.9982440737489026,0.0,0.31594746716697936,1.2005772005772006,0.0225140712945591,22.761814285714287,0.3248218527315915,0.6,1.1193043005979177,0.3591017779035924,-0.4201818141333797,0.04789272030651341,0.6216216216216216,1.1946902654867257,0.7811055291297802,0.2020153014598619,-0.18226119183976122,Specialty Chemicals,Basic Materials,IOSP
2010Q1,2010,Q1,2010-05-07,2010-03-31,7400000.0,163500000.0,11300000.0,0.3,52200000.0,0.3192660550458716,537200000.0,163100000.0,281200000.0,149200000.0,374100000.0,118100000.0,144200000.0,269027520.0,259727520.0,6.887087239253441,1.8847184986595173,0.10219657483246464,0.3366033108522379,0.03669153137340939,6.887087239253441,0.045370938074800735,1.645428256880734,9.088767567567567,1.6494636419374615,0.0,0.9424216765453006,0.0,0.3043559195830231,1.0576407506702412,0.013775130305286671,38.43250285714286,0.3192660550458716,24.682,4.224988035920389,0.2519145515562908,-0.6150007878214675,0.021526418786692758,25.666666666666668,6.947368421052632,0.2391661740280945,0.13057980387414742,-0.2758667531118144,Specialty Chemicals,Basic Materials,IOSP
2009Q4,2009,Q4,2010-02-19,2009-12-31,-300000.0,164200000.0,-1900000.0,-0.01266784899923993,51100000.0,0.31120584652862365,543100000.0,157600000.0,282900000.0,179900000.0,385500000.0,120600000.0,136800000.0,238951380.0,226351380.0,6.654843340934042,1.5725403001667593,0.10311176578898913,0.3553299492385787,0.02607502287282708,6.654843340934042,-0.0019035532994923859,1.4552459196102314,-199.12615,1.516188959390863,0.0,0.9378109452736318,0.0,0.3023384275455717,0.8804891606448026,-0.0005523844595838704,8.503607829181494,0.31120584652862365,0.8848377363705461,0.9764073218262277,0.43119739323818373,-0.6302367215008159,0.0826271186440678,0.8888888888888888,-0.11764705882352941,0.569401715588693,-0.00496648954090018,-0.2962429224258462,Specialty Chemicals,Basic Materials,IOSP
2009Q3,2009,Q3,2009-11-02,2009-09-30,-2700000.0,149200000.0,-1700000.0,-0.11,47200000.0,0.3163538873994638,502500000.0,239500000.0,266800000.0,151800000.0,263000000.0,120000000.0,137100000.0,349029250.0,375829250.0,10.121286396483962,1.7575757575757576,0.15323383084577114,0.32150313152400833,0.0034511278195488724,10.121286396483962,-0.01127348643006263,2.3393381367292223,-32.31752314814815,1.4573246346555324,0.0,0.85,0.0,0.29691542288557216,0.886034255599473,-0.005373134328358209,35.61522959183674,0.3163538873994638,-1.9166666666666665,-1.3120882836049974,0.20165760426571713,-0.4448681833219793,0.1568627450980392,-1.9,-1.278688524590164,-1.2586316189832227,0.1074820125710448,-0.24816911287041735,Specialty Chemicals,Basic Materials,IOSP
2009Q2,2009,Q2,2009-08-05,2009-06-30,3000000.0,137000000.0,6100000.0,0.12,40800000.0,0.29781021897810217,500800000.0,247900000.0,262300000.0,138300000.0,252900000.0,124400000.0,139800000.0,254119250.0,291619250.0,10.48690722957824,1.8966015907447578,0.16373801916932906,0.3307785397337636,0.01125648170360392,10.48690722957824,0.012101653892698669,1.8548850364963503,21.176604166666667,1.025087736990722,0.0,0.7733118971061094,0.0,0.2735623003194888,0.8785249457700651,0.0059904153354632585,14.86077485380117,0.29781021897810217,-0.5384615384615385,-0.016059266466432607,0.16899625360736045,-0.41175634554411905,-0.18725099601593626,-0.53125,-0.6648351648351648,2.0942933288210157,0.2516037379642138,-0.18802231796895322,Specialty Chemicals,Basic Materials,IOSP
2009Q1,2009,Q1,2009-05-07,2009-03-31,6400000.0,148100000.0,18200000.0,0.26,50200000.0,0.3389601620526671,494200000.0,235000000.0,254200000.0,130000000.0,259200000.0,129800000.0,136800000.0,88983310.0,142583310.0,9.956361479472948,1.9553846153846153,0.1802913800080939,0.3791489361702128,0.03604071908165475,9.956361479472948,0.02723404255319149,0.6008326130992573,3.4759105468750002,0.37865238297872345,0.0,0.7542372881355932,0.0,0.2996762444354512,0.8869230769230769,0.012950222581950627,3.53108373015873,0.3389601620526671,0.22735600000000006,-0.08290377400236323,0.4293703924605356,-0.4499607197184092,0.0,0.28,-0.17272727272727273,10.14344221779717,0.31229627262703663,-0.22627178896676978,Specialty Chemicals,Basic Materials,IOSP
2008Q4,2008,Q4,2009-02-20,2008-12-31,5000000.0,168000000.0,22000000.0,0.21183747828665847,50200000.0,0.2988095238095238,494300000.0,229300000.0,256600000.0,188100000.0,265000000.0,138300000.0,131600000.0,139021670.0,198121670.0,9.714866754226158,1.364167995746943,0.14768359295974104,0.3183602267771478,0.051982420490525025,9.714866754226158,0.021805494984736152,0.8275099404761905,6.9510835,0.6062872655909288,0.26,0.8517715112075199,0.009351060162059627,0.3398745700991301,0.5518341307814992,0.010115314586283633,6.496339719626168,0.2988095238095238,8.061249276221949,-0.6001033898266119,0.3552086529597603,-0.4500780213879233,0.15668202764976957,9.333333333333334,3.6808510638297873,1.705876829674652,0.3929302772246464,-0.23807511314978178,Specialty Chemicals,Basic Materials,IOSP
2008Q3,2008,Q3,2008-11-13,2008-09-30,-600000.0,158500000.0,4700000.0,-0.03,43400000.0,0.27381703470031543,546200000.0,268100000.0,272000000.0,219700000.0,278000000.0,152300000.0,126600000.0,284567760.0,361367760.0,11.362095270384811,1.238051888939463,0.16843647015745147,0.3431555389779933,0.004606563536272604,11.362095270384811,-0.002237970906378217,1.7953801892744479,-118.5699,1.0614239462886983,0.0,0.7557452396585687,0.0,0.2901867447821311,0.4815657715065999,-0.0010984987184181618,-18.971184,0.27381703470031543,-2.0,-1.033006699735401,0.3011724669954507,-0.3471920052011767,0.05596107055961071,-1.75,0.06818181818181818,0.9309307407290116,0.22085840820478037,-0.1329167308015691,Specialty Chemicals,Basic Materials,IOSP
2008Q2,2008,Q2,2008-08-07,2008-06-30,800000.0,145300000.0,4400000.0,0.03,41100000.0,0.282863041982106,549400000.0,272700000.0,260600000.0,219500000.0,276600000.0,147500000.0,128400000.0,442364100.0,506964100.0,11.601786853860881,1.187243735763098,0.14743356388787768,0.297029702970297,0.005528853705274401,11.601786853860881,0.0029336266960029336,3.0444879559532003,138.23878125000002,1.622163916391639,0.0,0.7064406779661017,0.0,0.26447033127047687,0.4760820045558087,0.0014561339643247178,-23.039796875,0.282863041982106,-0.9000000000000001,-0.9155782457633127,0.29347777405173864,-0.29632769087077093,-0.20502901353965183,-0.8904109589041096,-0.648,1.0080470128980192,0.1864388660322614,-0.1385403815853613,Specialty Chemicals,Basic Materials,IOSP
2008Q1,2008,Q1,2008-05-07,2008-03-31,7300000.0,168700000.0,12500000.0,0.3,51700000.0,0.3064611736810907,531400000.0,272200000.0,238700000.0,140200000.0,259100000.0,127300000.0,127600000.0,502016000.0,546916000.0,11.494932432432432,1.7025677603423681,0.11102747459540835,0.21675238795003673,0.02354814401915851,11.494932432432432,0.026818515797207936,2.9757913455838767,17.192328767123286,1.8442909625275534,0.0,0.9190887666928516,0.0,0.31746330447873544,0.7596291012838802,0.013737297704177644,27.735690607734806,0.3064611736810907,-0.36000000000000004,-0.3311236982395239,0.7245268714210628,-0.2713611577940847,-0.04788213627992634,-0.34234234234234234,-0.06015037593984962,4.181675816441441,0.2918398930592379,-0.35741485815537954,Specialty Chemicals,Basic Materials,IOSP
2007Q4,2007,Q4,2008-02-25,2007-12-31,11100000.0,172700000.0,13300000.0,0.46875,54300000.0,0.3144180660104227,551100000.0,271500000.0,256100000.0,160700000.0,279600000.0,132600000.0,121500000.0,406348800.0,463048800.0,11.465371621621621,1.5936527691350342,0.14697876973326074,0.2983425414364641,0.02748579211873561,11.465371621621621,0.04088397790055249,2.3529171974522294,9.152,1.4966806629834255,0.0990990990990991,0.8929110105580694,0.002707033957033957,0.313373253493014,0.7373988799004356,0.020141535111594992,18.4704,0.3144180660104227,1.0380434782608694,5.819972826086956,0.4231122753322629,-0.2519833410997204,0.19078947368421054,0.9821428571428571,0.25471698113207547,1.8730028195488722,0.5054120917792794,-0.3629491810956313,Specialty Chemicals,Basic Materials,IOSP
2007Q3,2007,Q3,2007-11-07,2007-09-30,5600000.0,143000000.0,10600000.0,0.23,45600000.0,0.31888111888111886,529300000.0,229400000.0,256100000.0,149000000.0,299800000.0,138100000.0,110000000.0,563924430.0,638624430.0,9.555546298996125,1.718791946308725,0.19459663706782543,0.4489973844812554,0.018602085840352986,9.555546298996125,0.024411508282476024,3.9435274825174824,25.17519776785714,2.4582581952920664,0.0,0.7052860246198407,0.0,0.2701681466087285,0.7422818791946308,0.010580011335726431,34.38563597560976,0.31888111888111886,-0.14814814814814817,-0.6978768259986102,0.2139573363902425,-0.37915142988265854,-0.04602510460251046,-0.17647058823529413,-0.018518518518518517,-0.3619809606813397,0.13521955789949222,-0.4758978682635224,Specialty Chemicals,Basic Materials,IOSP
2007Q2,2007,Q2,2007-08-08,2007-06-30,6800000.0,141400000.0,10800000.0,0.27,47800000.0,0.33804809052333806,541100000.0,229200000.0,260900000.0,139300000.0,311800000.0,133200000.0,105500000.0,710579210.0,795779210.0,9.549204232980586,1.8729361091170136,0.2217704675660691,0.5235602094240838,0.018777614138438883,9.549204232980586,0.029668411867364748,5.025312659123055,26.124235661764708,3.100258333333333,0.0,0.7027027027027027,0.0,0.2613195342820181,0.8628858578607322,0.01256699316207725,-18.60155,0.33804809052333806,0.1489361702127661,-0.6215174159215546,0.40002755214284896,-0.34149756986567825,-0.03822937625754527,0.13333333333333333,-0.18181818181818182,1.1965357053578867,0.18829325198509886,-0.4643550598683058,Specialty Chemicals,Basic Materials,IOSP
2007Q1,2007,Q1,2007-05-10,2007-03-31,6000000.0,145300000.0,13200000.0,0.235,49700000.0,0.3420509291121817,500900000.0,226300000.0,242700000.0,146200000.0,274500000.0,120500000.0,99700000.0,685743080.0,726043080.0,9.510801042279565,1.6600547195622435,0.1497304851267718,0.3314184710561202,0.02246674666190099,9.510801042279565,0.026513477684489615,4.719498141775636,28.572628333333338,3.0302389748121965,0.0,0.7933609958506224,0.0,0.2900778598522659,0.8098495212038304,0.011978438810141745,96.5835323943662,0.3420509291121817,8.987985714285713,-0.6829854804462946,0.23368945897703466,-0.28360843467922203,-0.01972386587771203,9.571428571428571,7.25,-0.14712392479896902,0.3910895460435151,-0.47457571011435573,Specialty Chemicals,Basic Materials,IOSP
