Quarters,Year,Quarter,FillingDate,Date,NetIncome,Revenue,OperatingIncome,EPSDiluted,GrossProfit,GrossProfitRatio,TotalAssets,CommonStockEquity,CurrentAssets,CurrentLiability,TotalLiability,Inventory,RetainedEarnings,MarketCap,EnterpriseValue,bookValuePerShare,currentRatio,debtToAssets,debtToEquity,roic,shareholdersEquityPerShare,roe,priceToSalesRatio,peRatio,pbRatio,payoutRatio,inventoryTurnover,dividendYield,assetTurnover,quickRatio,returnOnAssets,priceToFreeCashFlowsRatio,grossProfitMargin,epsdilutedGrowth,fiveYNetIncomeGrowthPerShare,fiveYRevenueGrowthPerShare,fiveYShareholdersEquityGrowthPerShare,grossProfitGrowth,netIncomeGrowth,operatingIncomeGrowth,threeYNetIncomeGrowthPerShare,threeYRevenueGrowthPerShare,threeYShareholdersEquityGrowthPerShare,Industry,Sector,Symbol
2023Q1,2023,Q1,2023-05-09,2023-03-31,-18688023.0,0.0,-17297025.0,-4.47,0.0,0.0,51645273.0,16458952.0,45864999.0,14358947.0,35186321.0,0.0,-409825479.0,30399912.119999997,47911431.12,3.936083123124502,3.1941756592596935,0.48089504725824567,1.5089633896495962,-0.38802632158755257,3.936083123124502,-1.1354321344396654,0.0,-0.4066764060596458,1.8470138390342226,0.0,0.0,0.0,0.0,3.080100511548653,-0.36185350399832333,-2.0112450171922247,0.0,-0.7061068702290074,0.2820094194222285,-1.0,-0.8871586494551471,0.0,-0.7074718246481222,-0.6020481030525655,0.6520313374347169,-1.0,-0.5994652260409375,Biotechnology,Healthcare,CRBP
2022Q4,2022,Q4,2023-03-07,2022-12-31,-10944850.0,0.0,-10796820.0,-2.62,0.0,0.0,66311940.0,32990017.0,60181102.0,12639938.0,33321923.0,0.0,-392080667.0,13827849.555,21914769.555,7.908815171875798,4.761186486832451,0.3783577286383116,0.7605220391368698,-0.169625552378018,7.908815171875798,-0.3317624843903536,0.0,-0.3158528795506563,0.4191525440862913,0.0,0.0,0.0,0.0,4.683330804312489,-0.16505096970470176,-0.6623453093392739,0.0,-0.2186046511627908,0.5389808797626778,0.0,-0.7428331704044593,0.0,-0.21932131055274948,-0.31966975071429826,0.7871996666116573,-1.0,1.7688755411219346,Biotechnology,Healthcare,CRBP
2022Q3,2022,Q3,2022-11-08,2022-09-30,-8976182.0,0.0,-8181456.0,-2.15,0.0,0.0,73830606.0,41946109.0,67347840.0,17469209.0,31884497.0,0.0,-381201614.0,20669279.400000002,33746157.400000006,10.045499677652042,3.855231224264361,0.3456631928498596,0.60841216523802,-0.1134412655995568,10.045499677652042,-0.21399319779577172,0.0,-0.5756701290147638,0.49275796713349507,0.0,0.0,0.0,0.0,3.791196498937073,-0.12157806208444233,-2.8476037659904776,0.0,0.638655462184874,0.4833666540579545,-1.0,-0.47415770867513873,0.0,0.6389011150190477,0.3369976199370989,0.7771488543810557,-1.0,-0.2695372671790385,Biotechnology,Healthcare,CRBP
2022Q2,2022,Q2,2022-08-09,2022-06-30,-24857961.0,0.0,-12340010.0,-5.95,0.0,0.0,82066644.0,49469857.0,75237970.0,15629776.0,32596787.0,0.0,-372419894.0,31589532.936,31556695.936,11.848511303421445,4.813758687264616,0.3136210614387984,0.5202729411568746,-0.28322129868607,11.848511303421445,-0.5024870195197856,0.0,-0.31770036303460286,0.6385612340864458,0.0,0.0,0.0,0.0,4.689972652199238,-0.3028996896717258,-2.583154260010627,0.0,-1.2368421052631577,-0.36514613137993834,-1.0,-0.47257668436264494,0.0,-1.2426771172324358,-0.4488410983051978,-6.950683559561542,-1.0,-0.46188163311953817,Biotechnology,Healthcare,CRBP
2022Q1,2022,Q1,2022-05-10,2022-03-31,-11084057.0,0.0,-8517159.0,-2.66,0.0,0.0,95675087.0,61155283.0,88475585.0,15117706.0,34519804.0,0.0,-359171006.0,66566771.43,35711110.43,14.648764939132034,5.8524477853981285,0.27353696579340453,0.42793805728934325,-0.10625058888025674,14.648764939132034,-0.181244472370441,0.0,-1.5014080906927851,1.0884876688413003,0.0,0.0,0.0,0.0,5.696714170787552,-0.11585102608790938,-6.262868592208772,0.0,0.10135135135135129,0.4501633518527395,-1.0,-0.48039097949649034,1.0,0.1027663939983119,0.1481444808804163,0.7919431379073767,-1.0,-0.28805728660665814,Biotechnology,Healthcare,CRBP
2021Q4,2021,Q4,2022-03-08,2021-12-31,-12353591.0,-233881.0,-9998361.0,-2.96,-233881.0,1.0,107730253.0,69108027.0,100204637.0,17007529.0,38622226.0,0.0,-349733764.0,77104658.973,75595404.973,16.555346767878117,5.8917810459120785,0.21811308658116677,0.3400093884897047,-0.1299892116387444,16.555346767878117,-0.17875768613680723,-329.6747447334328,-1.5603693487383545,1.1157120571970605,0.0,0.0,0.0,-0.0021709871970689606,1.4703271709840977,-0.11467151200322531,0.0,1.0,-4.677024805439946,0.3956137095876467,-1.2305799119814038,1.8696830294449238,0.0,-4.676813030725378,0.2794185943937649,0.6737130822336237,-1.0554692417139555,0.14768580969274409,Biotechnology,Healthcare,CRBP
2021Q3,2021,Q3,2021-11-12,2021-09-30,-2176149.0,97323.0,-13875408.0,-0.5213998707850656,0.0,0.0,119573962.0,77628786.0,111667138.0,17143636.0,41945176.0,0.0,-339473031.0,127714179.60000001,116499792.60000001,18.59966418012366,6.513620447844319,0.21663802525837522,0.33369408868509165,-0.12513126673000932,18.59966418012366,-0.028032758363630728,1312.2712986652693,-14.672039874107885,1.6451909939696856,0.0,0.0,0.0,0.0008139146547640531,6.379207129689408,-0.01819918788005034,149.0327130744474,0.0,0.8819953480084375,0.8576790554958622,-0.9541692846766515,1.038815728610661,0.0,0.8730247836784536,0.16918992981223527,0.931891753029188,-0.9592301366825755,-0.17251172914974303,Biotechnology,Healthcare,CRBP
2021Q2,2021,Q2,2021-08-12,2021-06-30,-17138376.0,136558.0,-16701059.0,-4.418468780555754,0.0,0.0,120609139.0,76959201.0,111580059.0,18736799.0,43649938.0,0.0,-337296882.0,212946339.6,202951060.6,19.840961543816082,5.9551292085697245,0.21627725076455442,0.3389459955541898,-0.1509312295637275,19.840961543816082,-0.22269430785800387,1559.3838486210987,-3.106279433944033,2.767002994222874,0.0,0.0,0.0,0.0011322359245098334,5.809670798090965,-0.14209848558822727,-12.148528228570372,0.0,-0.06662710369598195,-0.36224121679771404,-0.8853426571301096,0.4516628429278603,0.0,-0.06680340971224204,-0.08348557394754809,0.302501458696514,-0.9214227378736147,-0.3186954927087036,Biotechnology,Healthcare,CRBP
2021Q1,2021,Q1,2021-05-13,2021-03-31,-16065168.0,647824.0,-15414196.0,-4.142468127094527,0.0,0.0,140145037.0,91516994.0,130287339.0,23605415.0,48628043.0,0.0,-320158506.0,229199433.3,189053390.3,23.598026694597415,5.519383539751367,0.1888557994386915,0.28920533600568216,-0.12248670143414973,23.598026694597415,-0.17554300352129135,353.7989227012275,-3.5667139195183015,2.504446696533761,0.0,0.0,0.0,0.004622525448403856,5.34955835345407,-0.11463244324520747,-10.509153385186872,0.0,-0.3982709820816077,-0.7953598060818384,-0.47203246485493083,3.619028625025664,-1.0,-0.8654597796446502,0.2593713154323597,0.3344931699628279,-0.6697725414735544,-0.3234814613625132,Biotechnology,Healthcare,CRBP
2020Q4,2020,Q4,2021-03-15,2020-12-31,-8611908.0,658204.0,-20812313.0,-2.9625646102786383,658204.0,1.0,102294931.0,45274925.0,92074631.0,31897836.0,57020006.0,0.0,-304093338.0,109009125.0,43318910.0,15.574931800434138,2.8865478836871565,0.19300297489814036,0.43607418455138247,-0.28465027856861685,15.574931800434138,-0.19021363370563285,165.61601722262398,-3.1644882005242043,2.407715197761233,0.0,0.0,0.0,0.00643437552150067,2.759176829425043,-0.08418704539719568,-5.9986679119372415,1.0,0.7682860445860629,-0.48627335716743625,-0.2208769358948777,1.1728730448120586,-0.4651448333808703,0.7532075692952662,0.38740362797474687,0.4794672815831014,0.0,-0.493558043115271,Biotechnology,Healthcare,CRBP
2020Q3,2020,Q3,2020-11-09,2020-09-30,-34895349.0,1230621.0,-33973941.0,-12.785438861402502,1230621.0,1.0,95839336.0,29225752.0,85358125.0,41403230.0,66613584.0,0.0,-295481430.0,147382416.0,84340818.0,10.708133648725097,2.0616296119892095,0.1964647689128397,0.6442623957118366,-0.6025774731268675,10.708133648725097,-1.1939931947687779,119.76263691258316,-1.0558886801791265,5.042895594269054,0.0,0.0,0.0,0.012840458327048509,2.000586475982671,-0.36410257475072655,-5.396664090190554,1.0,0.17364199861244237,-5.574682900042173,2.065886994788577,0.11071504233958832,0.0,0.08423951687799629,0.10920017631437973,-2.072745249773856,-0.05210910140367927,-0.4394714335430102,Biotechnology,Healthcare,CRBP
2020Q2,2020,Q2,2020-08-06,2020-06-30,-38105323.0,286346.0,-38138693.0,-15.472033718962198,0.0,0.0,98118080.0,48413879.0,88017015.0,42094980.0,49704201.0,0.0,-260586081.0,619899848.4,565022761.4,19.65764853105262,2.090914759907238,0.010013047544346567,0.02029296185913961,-0.658937375064976,19.65764853105262,-0.7870743635311684,2164.8629574011857,-4.067016099036872,12.804176430481844,0.0,0.0,0.0,0.00291838160714111,2.0226815644050666,-0.3883618900818279,-23.284115346508212,0.0,-0.20465338982122658,-4.414085783837753,-0.08254348118149561,1.6040357899059017,0.0,-0.2848764195732513,-0.27616958392166635,-2.547626095850315,-0.4445024400693916,-0.12496161750821311,Biotechnology,Healthcare,CRBP
2020Q1,2020,Q1,2020-05-11,2020-03-31,-29656800.0,1762059.0,-29885286.0,-12.843556370399858,0.0,0.0,65203822.0,22691490.0,54657953.0,34652696.0,42512332.0,0.0,-222480758.0,362987376.0,325404889.0,9.827069655447191,1.5773073760263847,0.018032654588867505,0.05181669427613612,-0.9204020459985962,9.827069655447191,-1.3069569252614086,206.0018285426311,-3.0599000566480536,15.996630278575799,0.0,0.0,0.0,0.02702386065651182,1.4735085835745652,-0.4548322336074103,-12.933917320603445,0.0,-0.04164304761921395,-6.212387579441577,0.0,0.806386915725295,0.0,-0.11572426387641799,-0.0991152694060763,-1.6598259065803818,-0.08804764429638384,-0.6514222148212564,Biotechnology,Healthcare,CRBP
2019Q4,2019,Q4,2020-03-16,2019-12-31,-26580761.0,2573520.0,-27190311.0,-12.330093691649143,0.0,0.0,49142499.0,6157565.0,38154683.0,34887706.0,42984934.0,0.0,-192823958.0,353113979.40000004,330810925.40000004,2.856327434880365,1.093642643055981,0.027438653455535502,0.21898331564506424,-1.678523881374475,2.856327434880365,-4.316764987458517,137.2105052224191,-3.321142492872947,57.34636652637853,0.0,0.0,0.0,0.05236852118570527,0.9868734562255254,-0.5408915203925628,-14.803546329807022,0.0,-0.2782320856126487,-7.437341141888922,0.0,-0.579841554178097,0.0,-0.2784866249260911,-0.08342128974589538,-1.51812911765531,3.912960509905441,-0.5048877875322992,Biotechnology,Healthcare,CRBP
2019Q3,2019,Q3,2019-11-07,2019-09-30,-20790801.0,2589783.0,-25096711.0,-9.646208877427298,0.0,0.0,68130384.0,29640673.0,57535288.0,30549428.0,38489711.0,0.0,-166243197.0,314894297.4,268371833.39999998,13.75224118396499,1.8833507455524208,0.0056746781289240935,0.01304349600968912,-0.6543407562855189,13.75224118396499,-0.7014281018518035,121.59099716076597,-3.7864618275168906,10.623722929637934,0.0,0.0,0.0,0.038012159156478556,1.795430179576521,-0.3051619524117169,-17.22531416527947,0.0,-11.23352856105207,-11.577474418252235,0.0,0.685868580922323,0.0,-10.65822220302111,-15.717648597359155,-1.6330222094887303,1.3616070431135625,0.507461928236207,Biotechnology,Healthcare,CRBP
2019Q2,2019,Q2,2019-08-08,2019-06-30,2152653.0,29094583.0,1705212.0,0.9426082919375375,0.0,0.0,84122113.0,47373800.0,75390863.0,29441039.0,36748313.0,0.0,-145452396.0,456990069.6,391554049.6,22.018410878834555,2.560740570331095,0.004893148606478774,0.008688811115004497,0.030777230604791248,22.018410878834555,0.04543973673211775,15.707049989339941,53.07289070742011,9.646472725430511,0.0,0.0,0.0,0.3458612957094884,2.4847939639630243,0.025589621126136,-27.57318756353435,0.0,1.0738665164580177,2.7052926542827023,0.0,0.0,0.0,1.0820533132145158,1.064292382141548,1.3084636284051088,43.039506805529435,0.6109758018801684,Biotechnology,Healthcare,CRBP
2019Q1,2019,Q1,2019-05-09,2019-03-31,-26234809.0,1885682.0,-26522769.0,-12.760968529946478,0.0,0.0,101393526.0,42300951.0,92824013.0,52040794.0,59092575.0,0.0,-147605049.0,451467514.8,369113688.8,20.575763560120496,1.7836778777818032,0.005071240938992495,0.01215554231865851,-0.5290404085233634,20.575763560120496,-0.6201943072154572,239.41869032000093,-4.3021803093744655,10.67275094595391,0.0,0.0,0.0,0.018597656816866197,1.7278713695259915,-0.25874244673175684,44.068470913155636,0.0,-0.40695512954012525,-93.6314840619163,0.0,0.0,0.0,-0.5159203711596404,-0.5077472037961247,-4.53064803729722,1.8990154425653427,3.0274571300368605,Biotechnology,Healthcare,CRBP
2018Q4,2018,Q4,2019-03-12,2018-12-31,-17306192.0,1927306.0,-17590992.0,-9.069918622150732,0.0,0.0,46989341.0,27524120.0,44240312.0,18089330.0,19465221.0,0.0,-121370240.0,334296842.4,292942679.4,14.424981670123008,2.445657854657967,0.008391371140957265,0.014325798608638533,-0.6300854005911867,14.424981670123008,-0.628764589022283,173.4529142751592,-4.829150780252524,12.145596022688462,0.0,0.0,0.0,0.041015812500966975,2.3079057101617364,-0.368300376887601,-23.354409721674003,0.0,-0.18476508534009992,-25.910351051517754,0.0,7.957400053227037,0.0,-0.18525730502764462,-0.18076253626914712,-3.550239350759093,2.475598733227605,1.0124424456256456,Biotechnology,Healthcare,CRBP
2018Q3,2018,Q3,2018-11-08,2018-09-30,-14601211.0,1090878.0,-14897993.0,-7.655457385079095,0.0,0.0,61181574.0,42870732.0,58459369.0,16928446.0,18310842.0,0.0,-104064048.0,429141150.0,373481804.0,22.477254162179506,3.4533216457080584,0.0,0.0,-0.34750964830738135,22.477254162179506,-0.3405869300295596,393.39059913207524,-7.347697906701026,10.010119491311695,0.0,0.0,0.0,0.01783017220184626,3.2879182176556547,-0.23865373257641262,-47.933864312030146,0.0,-0.20848886495158572,-109.56206906136697,0.0,0.0,0.0,-0.2097759854693098,-0.202054887088038,-2.9366826964439694,2.8890387800103494,1.331482322448909,Biotechnology,Healthcare,CRBP
2018Q2,2018,Q2,2018-08-08,2018-06-30,-12069351.0,853646.0,-12393771.0,-6.334735558681202,0.0,0.0,70288484.0,55485160.0,67552799.0,13450418.0,14803324.0,0.0,-89462837.0,288647647.5,224054813.5,29.12201714722099,5.022356851660669,0.001190863641332768,0.0015085835563959805,-0.22303444965151709,29.12201714722099,-0.21752394694365124,338.13506711212847,-5.9789388737638,5.202249529423724,0.0,0.0,0.0,0.012144891330989583,4.808515095962074,-0.17171164198106761,-46.31854024402279,0.0,-0.0177048772408075,-9.797063888951714,0.0,0.0,0.0,-0.03197551854855569,-0.04456983896774298,-1.216696972488557,2.5355347062125753,2.857774484360265,Biotechnology,Healthcare,CRBP
2018Q1,2018,Q1,2018-05-10,2018-03-31,-11695385.0,950442.0,-11864952.0,-6.22453100141947,0.0,0.0,77139722.0,65539604.0,74486911.0,10276703.0,11600118.0,0.0,-77393486.0,343841994.0,273094990.0,34.88156694437969,7.248133083149333,0.002704806221624703,0.00318354074888826,-0.18046034136390424,34.88156694437969,-0.17844759940874833,361.77062251036887,-7.34995030090929,5.246323947883481,0.0,0.0,0.0,0.012321045180847295,6.904515193248263,-0.15161300425739155,-119.84641247086986,0.0,-0.09367159511824268,-45.159235857655304,0.0,0.0,0.0,-0.09367159511824262,-0.09234329160408568,-2.4954286696925565,0.0,5.411840796650598,Biotechnology,Healthcare,CRBP
2017Q4,2017,Q4,2018-03-12,2017-12-31,-10693690.0,0.0,-10861926.0,-5.691407758237062,0.0,0.0,66978161.0,57783561.0,65504730.0,8204675.0,9194600.0,0.0,-65698101.0,400209534.0,338005275.0,30.753636401375687,7.983829950607428,0.004969694524757107,0.005760479178498535,-0.18689822152449317,30.753636401375687,-0.18506457225784337,0.0,-9.356207585968923,6.926010219411711,0.0,0.0,0.0,0.0,7.622178209374534,-0.15965935523371566,-41.283731935702896,0.0,-0.36782546100795577,-15.886349803405174,0.0,15.832972160999047,0.0,-0.5352153641985553,-0.5613425509998439,-2.8945651689692973,0.0,3.5237811029585657,Biotechnology,Healthcare,CRBP
2017Q3,2017,Q3,2017-11-08,2017-09-30,-6965596.0,796312.0,-6956786.0,-4.160916666986914,0.0,0.0,38419660.0,31980499.0,38017337.0,6335118.0,6439161.0,0.0,-55004411.0,359084368.5,322488381.5,19.10363590639006,6.001046389349022,0.0,0.0,-0.21752204780560655,19.10363590639006,-0.21780760831780643,450.9342675986297,-12.887783346177413,11.228229068595834,0.0,0.0,0.0,0.020726680038292894,5.85584498978551,-0.18130290585601225,-56.306671698056405,0.0,0.04593145409554148,-59.09301605309212,0.0,0.0,0.0,0.04540168978908403,0.04591305788442644,-4.425326501117676,0.0,1.3418887965341064,Biotechnology,Healthcare,CRBP
2017Q2,2017,Q2,2017-08-09,2017-06-30,-7296887.0,350186.0,-7291564.0,-4.361234509667603,0.0,0.0,44561151.0,37586561.0,44027617.0,6913825.0,6974590.0,0.0,-48038815.0,316220436.0,273229274.0,22.464898596876264,6.368054875557307,0.0008761218937096127,0.0010386957189299653,-0.1937794408820564,22.464898596876264,-0.19413553158002403,903.0070762394841,-10.834087056576317,8.413124999650806,0.0,0.0,0.0,0.007858549255157256,6.224161300003978,-0.1637499668713674,-54.93407746072954,0.0,0.09681346308892334,-6.433385136449476,0.0,0.0,0.0,0.022577640779062023,0.021600152431251626,-6.433385136449476,0.0,0.0,Biotechnology,Healthcare,CRBP
2017Q1,2017,Q1,2017-05-09,2017-03-31,-7465439.0,1293697.0,-7452540.0,-4.828719573902361,0.0,0.0,50607352.0,43586057.0,50147566.0,6955504.0,7021295.0,0.0,-40741928.0,382647127.5,333879337.5,28.191898833736836,7.2097674014708355,0.0030771418350440467,0.003572839818935675,-0.17036171489788,28.191898833736836,-0.17128043952220776,295.7780125485334,-12.813952652349045,8.779117769244417,0.0,0.0,0.0,0.025563420113346377,7.034303337328251,-0.14751688647926095,-57.31445606802355,0.0,0.01384837406831316,-34.80832542798645,0.0,0.0,0.0,0.013848374068313239,0.015832954106962175,-34.80832542798645,0.0,0.0,Biotechnology,Healthcare,CRBP
2016Q4,2016,Q4,2017-03-08,2016-12-31,-7570275.0,375670.0,-7572434.0,-4.896528532658788,0.0,0.0,17888182.0,8919235.0,17402931.0,8898591.0,8968947.0,0.0,-33276489.0,391923421.5,377207553.5,5.769050657514736,1.955695120721921,0.01519198541249189,0.030468644452130704,-0.823482343340702,5.769050657514736,-0.8487583296101067,1043.2651569196369,-12.942839642549313,43.9413718216865,0.0,0.0,0.0,0.021001016201646426,1.8342982613764358,-0.42319979749758807,-72.24870309437874,0.0,-0.3365530765238624,-13.527952800882103,0.0,3.7825056744990806,0.0,-0.4158600111319586,-0.4197151358232545,-13.527952800882103,0.0,3.7825056744990806,Biotechnology,Healthcare,CRBP
2016Q3,2016,Q3,2016-11-10,2016-09-30,-5346768.0,742558.0,-5333770.0,-3.663549632756666,0.0,0.0,19756949.0,13314239.0,19225146.0,6427207.0,6442710.0,0.0,-25706214.0,297289965.0,278380617.0,9.122778443934358,2.9912131350367273,0.0,0.0,-0.40060644847970656,9.122778443934358,-0.4015826965401477,400.35925139854396,-13.90045187111167,22.328723782110266,0.0,0.0,0.0,0.03758464933021794,2.942078573165607,-0.27062721070950785,-90.88973599202173,0.0,-0.12949493211534638,-51.90991239182375,0.0,0.0,0.0,-0.2762637815376984,-0.2724811111667776,-51.90991239182375,0.0,0.0,Biotechnology,Healthcare,CRBP
2016Q2,2016,Q2,2016-08-12,2016-06-30,-4189391.0,396598.0,-4191630.0,-3.2435290576253215,0.0,0.0,22627475.0,17653468.0,22299926.0,4958817.0,4974007.0,0.0,-20359446.0,115857865.5,93856192.5,13.667747742167752,4.497025399404737,0.0010312242086224822,0.001321779947146929,-0.23712603671184415,13.667747742167752,-0.23731263454863374,292.1292227898275,-6.913765359929402,6.562895488863718,0.0,0.0,0.0,0.01752727602173906,4.441584958670586,-0.18514619947652136,-43.74570143178626,0.0,-0.40575642847077525,-4.528342719366323,0.0,0.0,0.0,-0.44849305434782233,-0.45178552131736227,-4.528342719366323,0.0,0.0,Biotechnology,Healthcare,CRBP
2016Q1,2016,Q1,2016-05-13,2016-03-31,-2892241.0,396598.0,-2887224.0,-2.30731938473419,0.0,0.0,10495274.0,6404007.0,10162365.0,4076415.0,4091267.0,0.0,-16170055.0,68065430.1,58470583.099999994,5.108872148300727,2.4929662460765156,0.008857129408913002,0.014515599373954463,-0.44439580634958015,5.108872148300727,-0.4516298935963062,171.62323082819378,-5.883450765340785,10.628568972519862,0.0,0.0,0.0,0.037788246405000954,2.376550228570938,-0.27557555905639053,-26.37898457150165,0.0,-0.1575469413810563,-16.11037900509067,0.0,0.0,0.0,-0.15754694138105615,-0.15453123350512002,-16.11037900509067,0.0,0.0,Biotechnology,Healthcare,CRBP
2015Q4,2015,Q4,2016-03-28,2015-12-31,-2498595.0,364292.0,-2500776.0,-1.9932836434100487,0.0,0.0,12875303.0,8985010.0,12714790.0,3630033.0,3890293.0,0.0,-13277814.0,62048596.5,49872340.5,7.167897746083588,3.5026651272867215,0.012583703855357812,0.018032144649811184,-0.27339762451829985,7.167897746083588,-0.2780848324041932,170.3265416204583,-6.208348741993,6.9057904776956285,0.0,0.0,0.0,0.02829385840473036,3.3989429297199227,-0.19406106403864826,-62.255908675890716,0.0,-0.025010330632108644,-4.914051762360247,0.0,4.457192064473705,-1.0,-0.10857253142906581,-0.10902993540353059,-4.914051762360247,0.0,4.457192064473705,Biotechnology,Healthcare,CRBP
2015Q3,2015,Q3,2015-11-10,2015-09-30,-2253885.0,170454.0,-2254922.0,-1.944647369730235,170454.0,1.0,13333870.0,11173830.0,13271302.0,1875946.0,2160040.0,0.0,-10779219.0,54589842.0,41416916.0,9.640756846301185,7.074458433238483,0.0,0.0,-0.2018038577640791,9.640756846301185,-0.20171105162688174,320.26143123657994,-6.0550828902095715,4.885508549888445,0.0,0.0,0.0,0.012783535462697627,7.022017691340795,-0.16903457135850283,-21.94000262042922,1.0,0.31951458392470555,-27.08508523210123,0.0,0.0,0.5,0.12044919476410329,0.12009774081670241,-27.08508523210123,0.0,0.0,Biotechnology,Healthcare,CRBP
2015Q2,2015,Q2,2015-08-13,2015-06-30,-2562541.0,113636.0,-2562696.0,-2.857735557282044,113636.0,1.0,9564751.0,6769136.0,9492296.0,2340867.0,2795615.0,0.0,-8525334.0,82855357.2,73612204.2,7.548916419371855,4.055034309937301,0.0,0.0,-0.37858539110456635,7.548916419371855,-0.37856249305672096,729.129476574325,-8.083320149804434,12.240167312342374,0.0,0.0,0.0,0.011880706565178749,3.9486023768116687,-0.26791507693195565,16654.343155778894,1.0,-0.6047814195042611,-3.8707892972987086,0.0,0.0,0.0,-0.6686273130874288,-0.669183657385304,-3.8707892972987086,0.0,0.0,Biotechnology,Healthcare,CRBP
2015Q1,2015,Q1,2015-05-13,2015-03-31,-1535718.0,0.0,-1535299.0,-1.780763113623809,0.0,0.0,5246347.0,4691573.0,5182217.0,554774.0,554774.0,0.0,-5962793.0,72699729.89999999,67800750.89999999,5.440179825207301,9.341131704081302,0.013816661383625597,0.015450468318408347,-0.32226693198658285,5.440179825207301,-0.32733541607473654,0.0,-11.834811127433552,15.495811298257534,0.0,0.0,0.0,0.0,8.961245480141462,-0.29272139261852104,-56.72234884452166,0.0,-0.21855592064284285,-12.20560086317404,0.0,0.0,0.0,-0.2185559206428428,-0.21943197450731836,-12.20560086317404,0.0,0.0,Biotechnology,Healthcare,CRBP
2014Q4,2014,Q4,2015-02-10,2014-12-31,-1260277.0,0.0,-1259028.0,-1.4613716805744759,0.0,0.0,6600773.0,5862733.0,6533001.0,738040.0,738040.0,0.0,-4427075.0,77356652.10000001,71238596.10000001,6.79821496695822,8.851825104330388,0.02187455923722873,0.024628274901824797,-0.20958921759871033,6.79821496695822,-0.21496407903958786,0.0,-15.345168581986341,13.194640127735648,0.0,0.0,0.0,0.0,8.485237927483606,-0.1909286988054278,-58.54768224852206,0.0,-0.9054495491024511,-3.3358755267341373,0.0,4.278888129953556,0.0,-0.9106077580913888,-0.5387721628984494,-3.3358755267341373,0.0,4.278888129953556,Biotechnology,Healthcare,CRBP
2014Q3,2014,Q3,2014-09-30,2014-09-30,-659621.0,0.0,-818203.0,-0.7669432556022514,0.0,0.0,7629547.0,7015862.0,7556407.0,613685.0,613685.0,0.0,-3166798.0,2580195.0,-4880915.0,8.157362524925441,12.313168808101876,0.009862184478318306,0.010724840368867004,-0.11538439842811545,8.157362524925441,-0.09401852544990195,0.0,-0.9779081472542567,0.3677659281211632,0.0,0.0,0.0,0.0,12.280492435044037,-0.0864561159397799,-4.064880355035738,0.0,-0.30719489187646654,-10.076387023105855,0.0,0.0,0.0,-0.3071948918764665,-0.7622405486143567,-10.076387023105855,0.0,0.0,Biotechnology,Healthcare,CRBP
2014Q2,2014,Q2,2014-06-30,2014-06-30,-504608.0,0.0,-464297.0,-0.586709189554215,0.0,0.0,,,,,,,,2580195.0,,,0.0,0.0,0.0,0.0,,0.0,0.0,-1.2783165348151437,0.0,0.0,0.0,0.0,0.0,0.0,0.0,-7.826077065867537,0.0,-3.350856620595107,0.0,0.0,0.0,0.0,-3.3508566205951076,-3.3948790761512613,0.0,0.0,0.0,Biotechnology,Healthcare,CRBP
2014Q1,2014,Q1,2014-03-31,2014-03-31,-115979.0,0.0,-105645.0,-0.13484912069429797,0.0,0.0,,,,,,,,2580195.0,,,0.0,0.0,0.0,0.0,,0.0,0.0,-5.561771958716664,0.0,0.0,0.0,0.0,0.0,0.0,0.0,-18.43259751393056,0.0,0.5999040975858809,0.0,0.0,0.0,0.0,0.5999040975858809,0.6175843508037805,0.0,0.0,0.0,Biotechnology,Healthcare,CRBP
2013Q4,2013,Q4,2013-12-31,2013-12-31,-289878.0,0.0,-276257.0,-0.3370419938835626,0.0,0.0,305520.0,-1783198.0,305520.0,648866.0,2088718.0,0.0,-1886590.0,2580195.0,2915253.0,-2.073329341386988,0.47085222526685017,2.088498297983765,-0.35782790245390583,0.24124720553304457,-2.073329341386988,0.16256074760065903,0.0,-2.225242170844286,-1.4469481235398425,0.0,0.0,0.0,0.0,0.4669993496345933,-0.9488020424194815,-20.934305325674227,0.0,-3.8676450832885547,0.0,0.0,0.0,0.0,-3.8676450832885547,-5.092336531039806,0.0,0.0,0.0,Biotechnology,Healthcare,CRBP
2013Q3,2013,Q3,2013-09-30,2013-09-30,-59552.0,0.0,-45345.0,-0.06924128364261489,0.0,0.0,,,,,,,,2580195.0,,,0.0,0.0,0.0,0.0,,0.0,0.0,-10.831689112036539,0.0,,0.0,,0.0,0.0,0.0,0.0,0.0,0.0,0.0,0.0,0.0,0.0,0.0,0.0,0.0,0.0,0.0,Biotechnology,Healthcare,CRBP
