Year,Date,FillingDate,NetIncome,Revenue,OperatingIncome,EPSDiluted,GrossProfit,GrossProfitRatio,TotalAssets,CommonStockEquity,CurrentAssets,CurrentLiability,TotalLiability,Inventory,RetainedEarnings,EnterpriseValue,bookValuePerShare,currentRatio,debtToAssets,debtToEquity,roic,shareholdersEquityPerShare,roe,priceToSalesRatio,peRatio,pbRatio,payoutRatio,inventoryTurnover,dividendYield,assetTurnover,quickRatio,returnOnAssets,priceToFreeCashFlowsRatio,grossProfitMargin,epsdilutedGrowth,fiveYNetIncomeGrowthPerShare,fiveYRevenueGrowthPerShare,fiveYShareholdersEquityGrowthPerShare,grossProfitGrowth,netIncomeGrowth,operatingIncomeGrowth,threeYNetIncomeGrowthPerShare,threeYRevenueGrowthPerShare,threeYShareholdersEquityGrowthPerShare,Industry,Sector,Price,MarketCap,AvgVolume,Symbol
2022,2022-12-31,2022-12-31,-412268000.0,802879000.0,-421942000.0,-18.37,787678000.0,0.9810668855,1952973000.0,766263000.0,1412204000.0,325231000.0,1186710000.0,3647000.0,-1827010000.0,3460481861.6574006,34.1521783661465,4.342156805470573,0.37318590682001235,0.9511381862363183,-0.281214300431972,34.1521783661465,-0.5380241509768839,4.95809936697485,-9.65574301584746,5.195022938152306,0.0,4.168083356183164,0.0,0.4111060419166061,4.330940162530632,-0.21109764446308268,-12.682972547703162,0.9810668855456426,0.08379052369077306,-6.035443683461719,0.0,33.21018333342397,2.4344377733303686,0.19089683379224667,0.19546730326280945,-9.417645389303283,2.5759739601765532,-0.1995635226227516,Biotechnology,Healthcare,16.9199,454062436,6131,CALT
2021,2021-12-31,2021-12-31,-509537000.0,229347000.0,-524456000.0,-20.05,229347000.0,1.0,1459910000.0,1008281000.0,1012772000.0,135446000.0,451629000.0,889000.0,-1453554000.0,4950560653.840198,39.67325431637244,7.477311991494766,0.18040975128603817,0.261218846730227,-0.4017374084292359,39.67325431637244,-0.5053521786089393,24.822001830589446,-11.17259718889933,5.646096330130388,0.0,0.0,0.0,0.15709667034269237,7.470741107157096,-0.34901946010370505,-11.756212087840785,1.0,-0.030318602261048294,-10.707094787210831,0.0,93.69741644244792,261.41075514874143,-0.16729475316773232,-0.38116506899820923,-2.9396837434518637,0.0,0.6652939230988665,Biotechnology,Healthcare,16.9199,454062436,6131,CALT
2020,2020-12-31,2020-12-31,-436511000.0,874000.0,-379720000.0,-19.46,874000.0,1.0,1506450000.0,1210491000.0,1036851000.0,105619000.0,250150000.0,0.0,-918596000.0,5180670775.734317,53.95132551436654,9.816898474706255,0.0,0.0,-0.3139498118761694,53.95132551436654,-0.3606065637827956,7067.476860107914,-14.150788355240342,5.102867163600817,0.0,0.0,0.0,0.0005801719273789372,9.601018756095021,-0.28976135948753695,-19.978507009597344,1.0,-10.056818181818182,-11.673815566652749,0.0,98.1280572014918,-0.9952713048277056,-12.398950211799374,-12.552232413719262,-6.449155786312686,0.0,53.04295787929173,Biotechnology,Healthcare,16.9199,454062436,6131,CALT
2019,2019-12-31,2019-12-31,-32578000.0,184829000.0,-28019000.0,-1.76,184829000.0,1.0,845200000.0,788071000.0,821132000.0,53370000.0,57129000.0,18686000.0,-488096000.0,2635470143.944032,42.666944012910676,15.385647367434888,0.007181732134406058,0.007702351691662299,-0.03509746983535268,42.666944012910676,-0.04133891489472395,18.30308092314535,-103.84124697476923,4.292684471251997,0.0,0.0,0.0,0.21868078561287269,14.992055461869965,-0.03854472314245149,-38.79740975909206,1.0,0.6542239685658153,-0.149005868239216,0.0,77.39457559941505,0.0,0.7532885519769177,0.7885071179480986,-0.029930161694464493,0.0,100.69223714171552,Biotechnology,Healthcare,16.9199,454062436,6131,CALT
2018,2018-12-31,2018-12-31,-132049000.0,0.0,-132482000.0,-5.09,0.0,0.0,648417000.0,618175000.0,647969000.0,30242000.0,30242000.0,0.0,-455518000.0,3920937954.4485197,23.823574785252543,21.426129224257654,0.0,0.0,-0.21431148137663283,23.823574785252543,-0.21361103247462288,0.0,-34.58650163536657,7.388058324015885,0.0,0.0,0.0,0.0,21.366807750810132,-0.20364826955493148,-35.62740718497024,0.0,-0.9488982789964667,-2.3151428294336056,0.0,42.77250533775435,0.0,-0.5214070097011314,-0.5676673490397472,-2.3151428294336056,0.0,42.77250533775435,Biotechnology,Healthcare,16.9199,454062436,6131,CALT
2017,2017-12-31,2017-12-31,-86794000.0,0.0,-84509000.0,-2.611732,0.0,0.0,62288000.0,33176000.0,61789000.0,29112000.0,29112000.0,0.0,-320410000.0,5263905078.542573,0.9983044531883348,2.12245809288266,0.0075455946570768045,0.014166867615143477,-2.511710158711288,0.9983044531883348,-2.6161683144441765,0.0,-61.303627883754324,160.38060882995458,0.0,0.0,0.0,0.0,1.970046716130805,-1.393430516311328,-78.23881480645483,0.0,-0.5250562320005046,-0.7013760928372605,0.0,0.8342455907557915,0.0,-0.5250562271577172,-0.5085505176722599,-0.7013760928372605,0.0,0.8342455907557915,Biotechnology,Healthcare,16.9199,454062436,6131,CALT
2016,2016-12-31,2016-12-31,-56912000.0,0.0,-56020000.0,-1.712548,0.0,0.0,27298000.0,-14223000.0,26798000.0,41521000.0,41521000.0,0.0,-233126000.0,5911006023.819332,-0.42798662399619264,0.6454083475831507,1.0989816103743864,-2.109259649862898,-3.5507384166825124,-0.42798662399619264,4.001406173099909,0.0,-103.7610174272444,-415.18997566050285,0.0,0.0,0.0,0.0,0.5838250523831314,-2.0848413803209027,-106.03973897572828,0.0,-0.11561484778228491,-0.11561532128435334,0.0,-1.7863658981588986,0.0,-0.11561532128435331,-0.10035159395808371,-0.11561532128435334,0.0,-1.7863658981588986,Biotechnology,Healthcare,16.9199,454062436,6131,CALT
2015,2015-12-31,2015-12-31,-51014000.0,0.0,-50911000.0,-1.535071,0.0,0.0,28128000.0,18087000.0,27772000.0,10041000.0,10041000.0,0.0,-176213000.0,5452269202.291161,0.5442588812640888,2.765859974106165,0.0,0.0,-2.814784099076685,0.5442588812640888,-2.820478796925969,0.0,-107.37113737976165,302.8380163814431,0.0,0.0,0.0,0.0,2.5059257046110943,-1.8136376564277588,-111.98542693594948,0.0,0.0,0.0,0.0,0.0,0.0,0.0,0.0,0.0,0.0,0.0,Biotechnology,Healthcare,16.9199,454062436,6131,CALT
TTM,,,,,,,,,,,,,,,,4330794847.4932,28.77487036037731,4.342156805470573,0.37318590682001235,0.9511381862363183,-0.25540834631402254,28.77487036037731,-0.5346416654454818,6.0420895894564435,-11.676303723803484,6.282118159563089,0.0,4.167809158212229,0.0,0.4111060419166061,4.330940162530632,-0.21109713242323372,-15.580600949704035,0.9810681310633358,,,,,,,,,,,Biotechnology,Healthcare,16.9199,454062436,6131,CALT
