Year,Date,FillingDate,NetIncome,Revenue,OperatingIncome,EPSDiluted,GrossProfit,GrossProfitRatio,TotalAssets,CommonStockEquity,CurrentAssets,CurrentLiability,TotalLiability,Inventory,RetainedEarnings,EnterpriseValue,bookValuePerShare,currentRatio,debtToAssets,debtToEquity,roic,shareholdersEquityPerShare,roe,priceToSalesRatio,peRatio,pbRatio,payoutRatio,inventoryTurnover,dividendYield,assetTurnover,quickRatio,returnOnAssets,priceToFreeCashFlowsRatio,grossProfitMargin,epsdilutedGrowth,fiveYNetIncomeGrowthPerShare,fiveYRevenueGrowthPerShare,fiveYShareholdersEquityGrowthPerShare,grossProfitGrowth,netIncomeGrowth,operatingIncomeGrowth,threeYNetIncomeGrowthPerShare,threeYRevenueGrowthPerShare,threeYShareholdersEquityGrowthPerShare,Industry,Sector,Price,MarketCap,AvgVolume,Symbol
2022,2022-10-31,2022-10-31,-118473318.0,-117465678.0,-118473318.0,-11.29,-117465678.0,1.0,121606984.0,118765315.0,74249.0,0.0,2841669.0,0.0,-60450943.0,102822764.80000001,11.319033987128558,0.0,0.0,0.0,-0.9975413949771447,11.319033987128558,-0.9975413949771447,-0.8753774340790849,-0.8679321684904614,0.865798266101513,,0.0,,-0.9659451631495112,0.0,-0.9742312004053978,0.0,1.0,-11.453703703703702,-3.258241019377523,-3.16998496801499,-0.5142842134320899,-10.502232625510814,-11.454818921465657,-11.454818921465657,-3.6756409205302933,-3.5700992722893052,-0.36896431987314254,Asset Management,Financial Services,11.029,111580393,19772,CHN
2021,2021-10-31,2021-10-31,11331934.0,12361903.0,11331934.0,1.08,12361903.0,1.0,323051670.0,314302451.0,0.0,0.0,0.0,0.0,132747606.0,277317594.33,29.954874662748196,0.0,0.0,0.0,0.03605423363370463,29.954874662748196,0.03605423363370463,22.433244649306825,24.472221099240432,0.8823271770476903,,0.0,,0.038266024131681474,0.0,0.03507777563880106,0.0,1.0,-0.8924302788844621,1.8736810610311576,0.6197443969616129,0.5951481630666514,-0.8840436595087656,-0.892659051685697,-0.892659051685697,1.2857143049782787,1.337472736707615,0.5780554436061032,Asset Management,Financial Services,11.029,111580393,19772,CHN
2020,2020-10-31,2020-10-31,105569535.0,106608254.0,105569535.0,10.04,106608254.0,1.0,343384855.0,329412097.0,351.0,0.0,0.0,0.0,145563749.0,293680638.42,31.328142442520104,0.0,0.0,0.0,0.3204786222529041,31.328142442520104,0.3204786222529041,2.754767838332668,2.7818725299869893,0.8915306756934309,,0.0,,0.31046288864428806,0.0,0.3074379474307334,0.0,1.0,1.3791469194312795,19.61749303432879,17.450983451769762,0.5736822527026227,0.8070588253640497,0.8470916166026291,0.8470916166026291,1.0080000110771035,0.9652234077759698,0.3443349817204995,Asset Management,Financial Services,11.029,111580393,19772,CHN
2019,2019-10-31,2019-10-31,57154466.0,58995453.0,57154466.0,4.22,58995453.0,1.0,252966774.0,242936717.0,3174260.0,6340153.0,6340153.0,0.0,54636661.0,271947039.96,17.937232938798463,0.5006598421205293,0.0,0.0,0.23526483236373036,17.937232938798463,0.23526483236373036,4.609808436592562,4.758293725638167,1.1194591756996535,0.14857666590743757,0.0,0.03122477813988058,0.2332142362696217,0.5006598421205293,0.22593665206008437,4.7582933926252835,1.0,2.1164021164021167,1.4061673299824236,5.823273992104516,-0.2592683368966029,0.0,1.96162178781588,0.0,10.228642416326768,4.988557803873209,-0.04481175451535152,Asset Management,Financial Services,11.029,111580393,19772,CHN
2018,2018-10-31,2018-10-31,-59435494.0,-54893442.0,0.0,-3.78,0.0,0.0,307239087.0,298469072.0,0.0,0.0,8770015.0,0.0,5974012.0,273425100.48,18.982143361386992,0.0,0.0,0.0,0.0,18.982143361386992,-0.1991345153510579,-4.863750727819181,-4.49206358880436,0.89452490568269,-0.14530829002615844,0.0,0.03234778118197448,-0.17866685692891673,0.0,-0.19345030145855108,-4.492063891119599,0.0,-1.7559999999999998,-1.8395240612401627,-5.710926272040061,-0.263631845852182,0.0,-1.7557539500737844,0.0,-6.009374767013507,-7.353308802786969,-0.046484732349529614,Asset Management,Financial Services,11.029,111580393,19772,CHN
2017,2017-10-31,2017-10-31,78643974.0,81146437.0,0.0,5.0,0.0,0.0,376852413.0,366541031.0,0.0,0.0,10311382.0,0.0,4544636.0,340901926.5,23.30382149427213,0.0,0.0,0.0,0.0,23.30382149427213,0.21455708187823588,4.08986009453502,4.220000053659547,0.9054308970391913,0.09352375809493045,0.0,0.02216202770277869,0.21532683406222478,0.0,0.20868640159138374,4.220000268297747,0.0,12.30424139215582,2.813186790131178,5.319898334551375,-0.04866752445750989,-1.0,12.309252543167421,-1.0,1.8509090546582643,7.081388479746015,-0.03765098490864641,Asset Management,Financial Services,11.029,111580393,19772,CHN
2016,2016-10-31,2016-10-31,5908970.0,11436290.0,7303200.0,0.37582,8809280.0,0.7702917641997535,297619830.0,295252140.0,0.0,1389270.0,2367700.0,0.0,-27969630.0,255420492.4,18.77874128329267,0.0,0.003457195711723913,0.0034849197028681994,0.02464956671042129,18.77874128329267,0.020013301173701908,22.244360924740455,43.05199762395138,0.8616125945776378,3.9697578427373976,0.0,0.09220844703681944,0.03842583338616919,0.014950297638328043,0.019854087007576075,43.05199762395139,0.7702917641997535,1.6968921524996292,1.1176808866132726,0.19549860493071197,-0.3522414802643746,0.6148290451015904,1.6987100580940928,0.8250198040337755,-0.9165307392937668,-0.01848144408747751,-0.27152235694698396,Asset Management,Financial Services,11.029,111580393,19772,CHN
2015,2015-10-31,2015-10-31,-8456970.0,8617250.0,4001710.0,-0.53928,5455240.0,0.6330604311120137,336003180.0,312190640.0,0.0,21546390.0,23812540.0,0.0,23006510.0,295474174.7,19.90754003148827,0.0,0.06308217082945465,0.06789380360666802,0.012003217287325264,19.90754003148827,-0.027089120929442344,31.829029527981664,-32.43226648551431,0.8785615888419972,-6.981745234995513,0.0,0.21527157955839654,0.025646334656713666,0.001592842234824488,-0.025169315361836753,-32.43226648551431,0.6330604311120137,-1.3074870426438139,-1.0721105151287011,-0.014364332281202033,-0.42230094023273523,-0.19539233038348083,-1.3075261818181818,-0.2244748062015504,0.8044377356309549,-0.3268644907578929,-0.1873140057834755,Asset Management,Financial Services,11.029,111580393,19772,CHN
2014,2014-10-31,2014-10-31,27500000.0,10010000.0,5160000.0,1.75383,6780000.0,0.6773226773226774,417100000.0,379700000.0,0.0,0.0,37400000.0,0.0,4700000.0,336179200.0,24.215561224489797,0.0,0.0,0.0,0.013589676060047406,24.215561224489797,0.07242559915722939,33.58433566433566,12.224698181818182,0.8853810903344747,1.8909090909090909,0.0,0.15467940907706365,0.023999040997362744,0.0,0.06593143131143611,12.224698181818182,0.6773226773226774,-0.6104807275877003,-0.8450325108903962,0.13083898022661614,-0.11099035504612803,-0.16502463054187191,-0.6104815864022662,-0.21100917431192662,1.549170699207518,0.04924886621315182,-0.16470247623580017,Asset Management,Financial Services,11.029,111580393,19772,CHN
2013,2013-10-31,2013-10-31,70600000.0,11620000.0,6540000.0,4.50255,8120000.0,0.6987951807228916,438500000.0,404200000.0,0.0,0.0,34400000.0,0.0,6600000.0,355308800.0,25.778061224489797,0.0,0.0,0.0,0.016180108857001486,25.778061224489797,0.17466600692726372,30.57734939759036,5.03270254957507,0.8790420583869372,0.7337110481586402,0.0,0.1457886773420754,0.026499429874572406,0.0,0.16100342075256557,13.933678431372549,0.6987951807228916,2.632790345157711,1.1880855739381992,-0.18035061373726818,0.18628755381462928,0.0112079701120797,2.583314644539134,0.12178387650085763,-0.397933128405154,0.3292604049493814,-0.2519436500714935,Asset Management,Financial Services,11.029,111580393,19772,CHN
2012,2012-10-31,2012-10-31,-44590000.0,13200000.0,5830000.0,-2.75758,8030000.0,0.6083333333333333,450300000.0,396100000.0,0.0,0.0,54200000.0,0.0,5500000.0,353314500.0,24.495980210265923,0.0,0.0,0.0,0.014718505427922243,24.495980210265923,-0.11257258268114112,26.76625,-7.923626373626374,0.8919830850795255,-1.531733572549899,0.0,0.19331219069695696,0.029313790806129246,0.0,-0.09902287363979569,1.6402715877437326,0.6083333333333333,0.13652660485535087,-1.0833774798230118,0.10306217018781567,-0.5950205335461195,0.08367071524966262,0.3870790378006873,-0.06420545746388442,-1.2436584141715827,0.4460278668232455,-0.1006955210477716,Asset Management,Financial Services,11.029,111580393,19772,CHN
2011,2011-10-31,2011-10-31,-72750000.0,13860000.0,6230000.0,-3.19359,7410000.0,0.5346320346320347,744000000.0,660400000.0,0.0,0.0,83600000.0,0.0,4000000.0,589546400.0,28.990342405618964,0.0,0.0,0.0,0.009433676559660811,28.990342405618964,-0.11016050878255602,42.5358152958153,-8.103730584192439,0.8927110841913991,-0.7120274914089347,0.0,0.08786416132809903,0.018629032258064514,0.0,-0.09778225806451613,9.958554054054055,0.5346320346320347,-1.4270367413742613,-1.3000328340233296,-0.0684041745431486,-0.07653786273841175,0.14351851851851852,-1.427036863113407,0.3283582089552239,0.8665937667709719,-0.3270581173067879,0.33411438808819516,Asset Management,Financial Services,11.029,111580393,19772,CHN
2010,2010-10-31,2010-10-31,170360000.0,12700000.0,4690000.0,7.47849,6480000.0,0.510236220472441,857100000.0,785000000.0,0.0,0.0,72100000.0,0.0,3900000.0,771623080.0000001,34.46005267778753,0.0,0.0,0.0,0.0059745222929936306,34.46005267778753,0.21701910828025478,60.78134488188977,4.531128668701574,0.9833415031847136,0.0340455505987321,0.0,0.007513702012900041,0.014817407537043518,0.0,0.19876327149690817,108.7215605633803,0.510236220472441,-0.33920306643410403,17.947318064609792,0.13956246508101208,0.4824518924764203,-0.15953307392996108,-0.33920328924401694,-0.24476650563607086,-0.7738819543519987,-0.2466685815321799,-0.43028963823319855,Asset Management,Financial Services,11.029,111580393,19772,CHN
2009,2009-10-31,2009-10-31,257810000.0,12860000.0,6210000.0,11.31738,7710000.0,0.5995334370139969,653800000.0,620500000.0,0.0,0.0,33300000.0,0.0,6000000.0,575195000.0,27.238805970149254,0.0,0.0,0.0,0.010008058017727639,27.238805970149254,0.41548751007252216,44.72744945567651,2.23108102866452,0.926986301369863,0.40960397191730347,0.0,0.1835899129860308,0.019669623738146222,0.0,0.3943254817987152,2.231167571761055,0.5995334370139969,1.4727622558152358,9.176559089424579,-0.027270885392044298,0.03649363601020944,-0.2685009487666034,1.593362332850008,-0.267688679245283,0.0632503771760079,-0.1356188805645664,-0.13233153214594864,Asset Management,Financial Services,11.029,111580393,19772,CHN
2008,2008-10-31,2008-10-31,-434490000.0,16410000.0,8480000.0,-23.93884,10540000.0,0.6422912858013407,437900000.0,394400000.0,0.0,0.0,43500000.0,0.0,8700000.0,352749750.0,21.730027548209367,0.0,0.0,0.0,0.02150101419878296,21.730027548209367,-1.1016480730223124,21.9713436928702,-0.8298228958088794,0.914172794117647,-0.4066836981288407,0.0,0.49008493280053594,0.03747430920301439,0.0,-0.9922128339803609,-0.8298037974683544,0.6422912858013407,-1.7238096850670583,-2.9579609223548613,1.2152339586977943,-0.19343392034475368,0.8687943262411347,-1.9010389664254164,1.058252427184466,-53.24881108869656,0.8480771036814426,-0.0651865577915312,Asset Management,Financial Services,11.029,111580393,19772,CHN
TTM,,,,,,,,,,,,,,,,111576354.0,11.319033987128558,0.0,0.0,0.0,-0.9975413949771447,11.319033987128558,-0.5471352397998608,-0.949897833135565,-0.9767779475797242,0.9743764364115904,-0.07167706740516881,0.0,0.06120228488530239,-0.9659451631495112,0.0,-0.9742312004053978,1.9522601294351953,1.0,,,,,,,,,,,Asset Management,Financial Services,11.029,111580393,19772,CHN
