Quarters,Year,Quarter,FillingDate,Date,NetIncome,Revenue,OperatingIncome,EPSDiluted,GrossProfit,GrossProfitRatio,TotalAssets,CommonStockEquity,CurrentAssets,CurrentLiability,TotalLiability,Inventory,RetainedEarnings,MarketCap,EnterpriseValue,bookValuePerShare,currentRatio,debtToAssets,debtToEquity,roic,shareholdersEquityPerShare,roe,priceToSalesRatio,peRatio,pbRatio,payoutRatio,inventoryTurnover,dividendYield,assetTurnover,quickRatio,returnOnAssets,priceToFreeCashFlowsRatio,grossProfitMargin,epsdilutedGrowth,fiveYNetIncomeGrowthPerShare,fiveYRevenueGrowthPerShare,fiveYShareholdersEquityGrowthPerShare,grossProfitGrowth,netIncomeGrowth,operatingIncomeGrowth,threeYNetIncomeGrowthPerShare,threeYRevenueGrowthPerShare,threeYShareholdersEquityGrowthPerShare,Industry,Sector,Symbol
2020Q2,2020,Q2,2020-04-30,2020-04-30,20995980.0,158810.0,-1197800.0,2.00393,-869590.0,-5.475662741640955,246166250.0,245537298.0,0.0,0.0,628952.0,0.0,60990193.0,209653174.20000002,210002756.20000002,23.434900767555373,0.0,0.0,0.0,-0.004878281262181194,23.434900767555373,0.08551034881877702,1320.1509615263524,2.4963489939502708,0.8538546929843628,0.6973930247599779,0.0,0.06984129887788744,0.0006451331163390595,0.0,0.085291870839321,9.985395975801083,-5.475662741640955,3.233960960057077,-0.5738870608334704,-0.7388270717849947,-0.06830820477873165,-1.2523542402442316,3.229440621814475,-1.401205828169486,0.8188063046019963,-0.818111710707407,0.20706631738522424,Asset Management,Financial Services,CHN
2019Q4,2019,Q4,2019-10-31,2019-10-31,-9417600.0,4509350.0,2985500.0,-0.89703,3445910.0,0.7641700023284952,252966774.0,242936717.0,0.0,0.0,10030057.0,0.0,54636661.0,210813092.79999998,214046255.79999998,23.13978326757891,0.0,0.0,0.0,0.012289208633703566,23.13978326757891,-0.03876565105636132,46.75021739275061,-5.596253100577641,0.8677695796802918,0.0,0.0,0.0,0.017825858822075977,0.0,-0.03722860457555584,-22.385012402310583,0.7641700023284952,0.0,-1.5075933242280053,-0.2029796262418478,-0.04442506811788967,0.0,0.0,0.0,-1.4325549743835846,-0.018604240257638308,0.2318232067942447,Asset Management,Financial Services,CHN
2019Q2,2019,Q2,2019-04-30,2019-04-30,0.0,0.0,0.0,0.0,0.0,0.0,271153026.0,255472782.0,0.0,0.0,15680244.0,0.0,64054265.0,0.0,10236565.0,0.0,0.0,0.0,0.0,,0.0,0.0,0.0,0.0,0.0,0.0,0.0,,0.0,0.0,0.0,0.0,0.0,1.0,1.0,-1.0,-1.0,-1.0,1.0,-1.0,1.0,-1.0,-1.0,Asset Management,Financial Services,CHN
2018Q4,2018,Q4,2018-10-31,2018-10-31,-79677330.0,8233130.0,3680660.0,-5.06767,6361550.0,0.7726769770427528,307239087.0,298469072.0,0.0,0.0,8770015.0,0.0,5974012.0,266971106.4,273408188.4,18.98334584180305,0.0,0.0,0.0,0.012331796977611133,18.98334584180305,-0.26695338805489366,32.4264412683876,-0.8376633177843686,0.894468242927361,0.0,0.0,0.0,0.02679714381523338,0.0,-0.25933331197537374,-3.350653271137474,0.7726769770427528,0.0,-3.3719714002652466,-0.1320527740508453,-0.26358519841793215,0.0,0.0,0.0,0.03320304284115155,0.06495210862243891,-0.04657635233993644,Asset Management,Financial Services,CHN
2018Q2,2018,Q2,2018-04-30,2018-04-30,0.0,0.0,0.0,0.0,0.0,0.0,383294885.0,378146405.0,0.0,0.0,5148480.0,0.0,-5501841.0,0.0,1126422.0,0.0,0.0,0.0,0.0,,0.0,0.0,0.0,0.0,0.0,0.0,0.0,,0.0,0.0,0.0,0.0,0.0,-1.0,-1.0,-1.0,-1.0,-1.0,-1.0,-1.0,-1.0,-1.0,-1.0,Asset Management,Financial Services,CHN
2017Q4,2017,Q4,2017-10-31,2017-10-31,61324730.0,6252920.0,3648760.0,3.9004,4583270.0,0.7329807513929492,376852410.0,366541030.0,0.0,9318410.0,10311380.0,0.0,4544640.0,331748548.0,340772898.0,23.31288495345577,0.0,0.023952480494950263,0.024626301726712558,0.009715322073326989,23.31288495345577,0.1673065904791068,53.054980393160314,1.3524256364438947,0.9050788884398563,0.0007324940525624865,0.0,0.0001354037576676908,0.016592490412891348,0.00527557812974531,0.16272877225330734,5.408005839856794,0.7329807513929492,2.5400896730744793,2.6426351219292528,-0.6430029877834084,-0.4373360763568867,77.38783333333333,2.5406887990762126,5.738649350649351,1.2070826762199747,-0.2620182087089569,-0.03727670247514751,Asset Management,Financial Services,CHN
2017Q2,2017,Q2,2017-04-30,2017-04-30,17320000.0,1310000.0,-770000.0,1.10178,-60000.0,-0.04580152671755725,314900000.0,305200000.0,0.0,0.0,9700000.0,0.0,-800000.0,277300800.0,277300800.0,19.414758269720103,0.0,0.0,0.0,-0.002522935779816514,19.414758269720103,0.05674967234600262,211.68,4.002609699769053,0.9085871559633028,0.42725173210161665,0.0,0.02668582275997761,0.004160050809780883,0.0,0.05500158780565259,16.028947976878612,-0.04580152671755725,-0.46871187535864284,2.1460536558727505,-0.25555555555555565,-0.22449904719581987,-1.010752688172043,-0.4687116564417178,-1.16008316008316,83.2663273960984,-0.16239316239316243,-0.13516076798519544,Asset Management,Financial Services,CHN
2016Q4,2016,Q4,2016-10-31,2016-10-31,32600000.0,6880000.0,4810000.0,2.07379,5580000.0,0.811046511627907,297600000.0,295300000.0,0.0,0.0,2400000.0,0.0,7400000.0,254349600.0,254349600.0,18.78498727735369,0.0,0.0,0.0,0.016288520149001017,18.78498727735369,0.11039620724686759,36.96941860465116,1.9505337423312883,0.8613261090416525,0.0,0.0,0.0,0.023118279569892472,0.0,0.10954301075268817,7.802134969325153,0.811046511627907,2.2214284031475287,1.3321215334724381,-0.010925320085625379,-0.3520260294092716,0.7275541795665634,2.221431247658299,0.9317269076305221,-0.029341840416239467,-0.27457783946333564,-0.2712800581175016,Asset Management,Financial Services,CHN
2016Q2,2016,Q2,2016-04-30,2016-04-30,-26690000.0,4560000.0,2490000.0,-1.69784,3230000.0,0.7083333333333334,268900000.0,262700000.0,0.0,0.0,6300000.0,0.0,2500000.0,228568800.0,228568800.0,16.71119592875318,0.0,0.0,0.0,0.009478492577084127,16.71119592875318,-0.10159878188047203,50.124736842105264,-2.1409591607343574,0.8700753711457936,-0.8804795803671788,0.0,0.10281368235734711,0.016957976943101524,0.0,-0.09925622908144291,-8.560629213483146,0.7083333333333334,0.676090436136299,-1.5565797996819428,0.7481319924068016,-0.5257492920680236,-0.4773462783171521,0.6752646307336659,-0.540590405904059,-1.717576455902828,1.105739327113373,-0.2931439110794446,Asset Management,Financial Services,CHN
2015Q4,2015,Q4,2015-10-31,2015-10-31,-82190000.0,7710000.0,5420000.0,-5.24171,6180000.0,0.8015564202334631,336000000.0,312200000.0,0.0,0.0,23800000.0,0.0,3300000.0,274243200.0,274243200.0,19.910714285714285,0.0,0.0,0.0,0.017360666239590008,19.910714285714285,-0.26326073030108904,35.56980544747082,-0.8341744737802651,0.8784215246636771,0.0,0.0,0.0,0.022946428571428572,0.0,-0.24461309523809524,-3.3362919708029195,0.8015564202334631,-2.1145910636406744,-3.857289667482212,0.4509242492333722,-0.4222088262056415,9.583333333333334,-2.1145918090588554,4.816901408450704,-1.2075215769127035,-0.5586159816039091,-0.51944855195297,Asset Management,Financial Services,CHN
2015Q2,2015,Q2,2015-04-30,2015-04-30,73740000.0,910000.0,-1420000.0,4.70281,-720000.0,-0.7912087912087912,448900000.0,394400000.0,0.0,0.0,54600000.0,0.0,-1400000.0,343548800.0,343548800.0,25.153061224489797,0.0,0.0,0.0,-0.0036004056795131845,25.153061224489797,0.18696754563894524,377.5261538461538,1.1647301328993762,0.8710669371196754,0.800108489286683,0.0,0.17173688279510801,0.0020271775451102697,0.0,0.1642682111828915,4.661449118046133,-0.7912087912087912,1.6611344371385568,-0.16675800366035817,-0.7345273952954676,-0.22902753674128426,-1.105726872246696,1.6611331649224106,-1.2374581939799332,5.891777327369304,-0.48154761904761906,0.004711090117267305,Asset Management,Financial Services,CHN
2014Q4,2014,Q4,2014-10-31,2014-10-31,27710000.0,8450000.0,5980000.0,1.76722,6810000.0,0.8059171597633136,417100000.0,379700000.0,0.0,0.0,37400000.0,0.0,4700000.0,336179200.0,336179200.0,24.215561224489797,0.0,0.0,0.0,0.015749275744008428,24.215561224489797,0.07297866736897551,39.78452071005917,3.033013352580296,0.8853810903344747,0.0,0.0,0.0,0.020258930712059458,0.0,0.06643490769599616,12.13643321299639,0.8059171597633136,132.98058252427182,-0.7804229428762888,0.1483827628338521,-0.11099035504612803,228.0,132.95238095238096,8.292682926829269,1.2830234649399692,0.21787814828312285,-0.16470247623580017,Asset Management,Financial Services,CHN
2014Q2,2014,Q2,2014-04-30,2014-04-30,-210000.0,1560000.0,-820000.0,-0.01339,-30000.0,-0.019230769230769232,388900000.0,352000000.0,0.0,0.0,36900000.0,0.0,-1100000.0,311404800.0,311404800.0,22.448979591836736,0.0,0.0,0.0,-0.0023295454545454544,22.448979591836736,-0.0005965909090909091,199.61846153846153,-370.72,0.8846727272727272,-247.61904761904762,0.0,0.16698522309225805,0.004011313962458215,0.0,-0.0005399845718693752,-1557.024,-0.019230769230769232,-1.0062673182056465,-1.0040968079188168,0.044413617981754874,0.169955971407094,-1.0038216560509554,-1.0062686567164179,-1.1168091168091168,-1.0043904056082067,-0.4004292193067703,-0.36291546642327044,Asset Management,Financial Services,CHN
2013Q4,2013,Q4,2013-10-31,2013-10-31,33500000.0,9460000.0,7020000.0,2.13648,7850000.0,0.8298097251585623,438500000.0,404200000.0,0.0,0.0,34400000.0,0.0,6600000.0,355308800.0,355308800.0,25.778061224489797,0.0,0.0,0.0,0.017367639782285997,25.778061224489797,0.08287976249381494,37.55906976744186,2.651558208955224,0.8790420583869372,0.0,0.0,0.0,0.021573546180159636,0.0,0.07639680729760548,-30.630068965517236,0.8298097251585623,-0.09703432273770428,1.1145963254088207,-0.10683594400239702,0.18628755381462928,28.074074074074073,-0.09703504043126684,15.326530612244898,0.16460888016369504,0.7802520619646826,-0.2519436500714935,Asset Management,Financial Services,CHN
2013Q2,2013,Q2,2013-04-30,2013-04-30,37100000.0,2160000.0,-490000.0,2.36607,270000.0,0.125,389800000.0,370700000.0,0.0,0.0,19100000.0,0.0,-500000.0,330377600.0,330377600.0,23.64158163265306,0.0,0.0,0.0,-0.0013218235770164554,23.64158163265306,0.10008092797410305,152.9525925925926,2.2262641509433965,0.8912263285675749,1.3962264150943395,0.0,0.1567902908671774,0.005541303232426886,0.0,0.09517701385325808,8.905056603773584,0.125,1.996458171894478,1.4468698899955403,-0.3975288910745022,-0.414365078978227,-0.9675870348139256,2.6343612334801763,-1.065159574468085,-0.5807800642229358,-0.369867223998033,-0.27535625727686125,Asset Management,Financial Services,CHN
2012Q4,2012,Q4,2012-10-31,2012-10-31,-22700000.0,10650000.0,7520000.0,-2.37448,8330000.0,0.7821596244131456,450300000.0,396100000.0,0.0,0.0,54200000.0,0.0,5500000.0,208886000.0,208886000.0,41.43305439330544,0.0,0.0,0.0,0.01898510477152234,41.43305439330544,-0.05730876041403686,19.613708920187793,-2.3005066079295156,0.5273567280989649,0.0,0.0,0.0,0.023650899400399734,0.0,-0.050410837219631355,1.3321811224489797,0.7821596244131456,-1.4698919250652716,-1.116388887130568,0.8168192412456824,-0.31500858027622936,28.766666666666666,-0.0365296803652968,5.476190476190476,-1.295028830446485,1.3739290229401426,0.5211039147131312,Asset Management,Financial Services,CHN
2012Q2,2012,Q2,2012-04-30,2012-04-30,-21900000.0,2550000.0,-1680000.0,-0.96137,-300000.0,-0.11764705882352941,595500000.0,570300000.0,0.0,0.0,25200000.0,0.0,-1700000.0,520295200.0,520295200.0,25.03511852502195,0.0,0.0,0.0,-0.0029458179905312992,25.03511852502195,-0.03840084166228301,204.03733333333332,-5.939442922374429,0.9123184288970717,-3.1187214611872145,0.0,0.13127163195047736,0.0042821158690176326,0.0,-0.03677581863979849,8.878757679180888,-0.11764705882352941,0.8460347177401919,-1.0758606326551818,-0.11778943122226698,-0.3754072072299452,-1.042796005706134,0.8460348706411699,-1.2906574394463668,-1.2940781522760842,0.17511520737327188,0.30473575840768696,Asset Management,Financial Services,CHN
2011Q4,2011,Q4,2011-10-31,2011-10-31,-142240000.0,10080000.0,5780000.0,-6.24407,7010000.0,0.6954365079365079,744000000.0,660400000.0,0.0,0.0,83600000.0,0.0,4000000.0,589546400.0,589546400.0,28.990342405618964,0.0,0.0,0.0,0.008752271350696547,28.990342405618964,-0.2153846153846154,58.48674603174603,-1.0361825084364453,0.8927110841913991,0.0,0.0,0.0,0.013548387096774193,0.0,-0.19118279569892474,203.29186206896512,0.6954365079365079,-3.0469139282998086,-8.576491159756229,-0.10513883939887073,-0.07653786273841175,16.525,-3.0469132249244497,11.844444444444445,0.6650808601495914,-0.3449220646599075,0.33411438808819516,Asset Management,Financial Services,CHN
2011Q2,2011,Q2,2011-04-30,2011-04-30,69490000.0,3780000.0,450000.0,3.05048,400000.0,0.10582010582010581,903900000.0,802700000.0,0.0,0.0,101200000.0,0.0,-4200000.0,731238000.0,731238000.0,35.23705004389816,0.0,0.0,0.0,0.0005606079481749096,35.23705004389816,0.08657032515260994,193.44920634920635,2.630731040437473,0.9109729662389435,0.7454309972657936,0.0,0.07083876931997517,0.0041818785263856625,0.0,0.07687797322712689,12.988241563055062,0.10582010582010581,0.662840010902153,-0.6893820101409673,0.04158352621917139,0.15257664253670947,-0.9148936170212766,0.6628379995214166,-0.8767123287671232,1.5761317821737855,-0.2742841427166084,-0.12712916842261285,Asset Management,Financial Services,CHN
2010Q4,2010,Q4,2010-10-31,2010-10-31,41790000.0,7720000.0,3650000.0,1.8345,4700000.0,0.6088082901554405,857100000.0,785000000.0,0.0,0.0,72100000.0,0.0,3900000.0,771923080.0000001,771623080.0000001,34.46005267778753,0.0,0.0,0.0,0.00464968152866242,34.46005267778753,0.05323566878980892,99.99003626943006,4.617869586025365,0.9833415031847136,0.0,0.0,0.0,0.009007117022517792,0.0,0.04875743787189359,95.29914567901236,0.6088082901554405,-0.6749639882423604,1.2259671369953091,-0.314649984142786,0.09769499962196657,1.6404494382022472,-0.6749630551450572,2.5096153846153846,-0.9100787775990564,-0.4473074815421511,-0.43028963823319855,Asset Management,Financial Services,CHN
2010Q2,2010,Q2,2010-04-30,2010-04-30,128570000.0,4980000.0,1040000.0,5.64399,1780000.0,0.357429718875502,807400000.0,743200000.0,0.0,0.0,64200000.0,0.0,1200000.0,650141200.0,650141200.0,32.625109745390695,0.0,0.0,0.0,0.0013993541442411195,32.625109745390695,0.1729951560818084,130.55044176706826,1.2641774908610095,0.874786329386437,0.045111612351248345,0.0,0.008921138977194492,0.006167946494921972,0.0,0.1592395343076542,-650.1412,0.357429718875502,-0.2987342652911364,-0.42529637420958655,0.3722449631141465,0.06714209634145071,-0.7697283311772316,-0.2987345914694011,-0.8483965014577259,-0.5546391990649885,0.7229053460835726,-0.18604705666017052,Asset Management,Financial Services,CHN
2009Q4,2009,Q4,2009-10-31,2009-10-31,183340000.0,10690000.0,6860000.0,8.04829,7730000.0,0.7231057062675398,653800000.0,620500000.0,0.0,0.0,33300000.0,0.0,6000000.0,575195000.0,575195000.0,27.238805970149254,0.0,0.0,0.0,0.011055600322320709,27.238805970149254,0.2954713940370669,53.80682881197381,0.7843282971528307,0.926986301369863,0.0,0.0,0.0,0.016350565922300397,0.0,0.28042214744570204,3.137997817785052,0.7231057062675398,1.4619283594873207,8.765705070512562,-0.05098553503709609,-0.13233153214594864,387.5,1.4619309789176849,11.553846153846154,8.765705070512562,-0.05098553503709609,-0.13233153214594864,Asset Management,Financial Services,CHN
2009Q2,2009,Q2,2009-04-30,2009-04-30,74470000.0,2170000.0,-650000.0,3.2691,-20000.0,-0.009216589861751152,449500000.0,437100000.0,0.0,0.0,12400000.0,0.0,-700000.0,402066999.99999994,402066999.99999994,19.18788410886743,0.0,0.0,0.0,-0.0014870738961336079,19.18788410886743,0.17037291237703042,185.28433179723498,1.3497616489861688,0.9198512926103865,1.4180206794682422,0.0,0.2626427933652849,0.004827586206896552,0.0,0.16567296996662959,5.396872483221475,-0.009216589861751152,1.1753476943475833,-0.6671215756971915,-0.40205390161492005,-0.37237915727819143,-1.0021321961620469,1.220078018795437,-1.0809464508094646,-0.6671215756971915,-0.40205390161492005,-0.37237915727819143,Asset Management,Financial Services,CHN
2008Q4,2008,Q4,2008-10-31,2008-10-31,-338380000.0,12260000.0,8030000.0,-18.64353,9380000.0,0.765089722675367,437900000.0,394400000.0,0.0,0.0,43500000.0,0.0,8700000.0,360549750.0,352749750.0,21.730027548209367,0.0,0.0,0.0,0.020360040567951317,21.730027548209367,-0.8579614604462474,29.408625611745514,-0.2663793294520953,0.914172794117647,0.0,0.0,0.0,0.027997259648321535,0.0,-0.7727335007992693,-1.0654543439716313,0.765089722675367,-2.521121786215454,-23.621851839044684,0.36603770685170467,-0.3078088764300619,7.086206896551724,-2.521123829344433,16.844444444444445,-23.621851839044684,0.36603770685170467,-0.3078088764300619,Asset Management,Financial Services,CHN
2008Q2,2008,Q2,2008-04-30,2008-04-30,-96100000.0,4150000.0,450000.0,-5.29477,1160000.0,0.27951807228915665,809500000.0,732700000.0,0.0,0.0,76700000.0,0.0,400000.0,636339000.0,636339000.0,40.36914600550964,0.0,0.0,0.0,0.0006141667804012556,40.36914600550964,-0.13115872799235703,153.3346987951807,-1.6554084287200834,0.8684850552750103,-1.8387096774193548,0.0,0.2776821788386379,0.005126621371216801,0.0,-0.11871525633106857,-6.621633714880333,0.27951807228915665,-1.2595319007726495,-1.5391439935617668,0.43524978235722034,0.3204435305208433,-0.8017094017094017,-1.3230795091612035,-0.9079754601226994,-1.5391439935617668,0.43524978235722034,0.3204435305208433,Asset Management,Financial Services,CHN
2007Q4,2007,Q4,2007-10-31,2007-10-31,297450000.0,8940000.0,4890000.0,20.40123,5850000.0,0.6543624161073825,1034300000.0,881900000.0,0.0,0.0,152400000.0,0.0,4000000.0,753348600.0,737148600.0,60.48696844993141,0.0,0.0,0.0,0.005544846354461957,60.48696844993141,0.33728313867785464,84.26718120805369,0.6331724659606657,0.8542335865744416,0.0,0.0,0.0,0.008643527023107415,0.0,0.2875858068258726,2.5331156691324814,0.6543624161073825,0.6098388364407663,23.75463608657472,0.2400204326440186,0.9267597594991333,28.857142857142858,0.6098392596200682,7.434210526315789,23.75463608657472,0.2400204326440186,0.9267597594991333,Asset Management,Financial Services,CHN
2007Q2,2007,Q2,2007-04-30,2007-04-30,184770000.0,1850000.0,-760000.0,12.67284,-210000.0,-0.11351351351351352,590300000.0,584400000.0,0.0,0.0,5900000.0,0.0,-800000.0,492803999.99999994,464103999.99999994,40.08230452674897,0.0,0.0,0.0,-0.0013004791238877482,40.08230452674897,0.31617043121149896,266.3805405405405,0.6667803214807597,0.843264887063655,0.3149861990582887,0.0,0.11809969074926341,0.003133999661189226,0.0,0.3130103337286126,2.6666883116883113,-0.11351351351351352,14.37704758900187,0.29042256207518385,-0.2035285245161789,0.3110611676919921,-1.0405405405405406,14.461924686192468,-1.174712643678161,0.29042256207518385,-0.2035285245161789,0.3110611676919921,Asset Management,Financial Services,CHN
2022Q4,2022,Q4,2022-10-31,2022-10-31,,,,,,,121606984.0,118765315.0,74249.0,0.0,2841669.0,0.0,-60450943.0,0.0,-4039.0,0.0,0.0,0.0,0.0,,0.0,,0.0,0.0,0.0,0.0,0.0,,,0.0,,0.0,0.0,0.0,-1.0,-1.0,-1.0,0.0,0.0,0.0,1.0,-1.0,-1.0,Asset Management,Financial Services,CHN
2022Q2,2022,Q2,2022-04-30,2022-04-30,,,,,,,157406699.0,154888844.0,481.0,0.0,2517855.0,0.0,-25276811.0,0.0,-481.0,0.0,0.0,0.0,0.0,,0.0,,0.0,0.0,0.0,0.0,0.0,,,0.0,,0.0,0.0,0.0,-1.0,-1.0,-1.0,0.0,0.0,0.0,0.0,0.0,0.0,Asset Management,Financial Services,CHN
2021Q4,2021,Q4,2021-10-31,2021-10-31,,,,,,,323051670.0,314302451.0,0.0,0.0,8749219.0,0.0,132747606.0,0.0,0.0,0.0,0.0,0.0,0.0,,0.0,,0.0,0.0,0.0,0.0,0.0,,,0.0,,0.0,0.0,0.0,-1.0,-1.0,-1.0,0.0,0.0,0.0,1.0,-1.0,-1.0,Asset Management,Financial Services,CHN
2021Q2,2021,Q2,2021-04-30,2021-04-30,,,,,,,350843624.0,341377336.0,0.0,0.0,9466288.0,0.0,158044430.0,0.0,-329.0,0.0,0.0,0.0,0.0,,0.0,,0.0,0.0,0.0,0.0,0.0,,,0.0,,0.0,0.0,0.0,1.0,-1.0,-1.0,0.0,0.0,0.0,0.0,0.0,0.0,Asset Management,Financial Services,CHN
2020Q4,2020,Q4,2020-10-31,2020-10-31,,,,,,,343384855.0,329412097.0,0.0,0.0,13972758.0,0.0,145563749.0,0.0,-351.0,0.0,0.0,0.0,0.0,,0.0,,0.0,0.0,0.0,0.0,0.0,,,0.0,,0.0,0.0,0.0,1.0,-1.0,-1.0,0.0,0.0,0.0,-1.0,-1.0,-1.0,Asset Management,Financial Services,CHN
