Quarters,Year,Quarter,FillingDate,Date,NetIncome,Revenue,OperatingIncome,EPSDiluted,GrossProfit,GrossProfitRatio,TotalAssets,CommonStockEquity,CurrentAssets,CurrentLiability,TotalLiability,Inventory,RetainedEarnings,MarketCap,EnterpriseValue,bookValuePerShare,currentRatio,debtToAssets,debtToEquity,roic,shareholdersEquityPerShare,roe,priceToSalesRatio,peRatio,pbRatio,payoutRatio,inventoryTurnover,dividendYield,assetTurnover,quickRatio,returnOnAssets,priceToFreeCashFlowsRatio,grossProfitMargin,epsdilutedGrowth,fiveYNetIncomeGrowthPerShare,fiveYRevenueGrowthPerShare,fiveYShareholdersEquityGrowthPerShare,grossProfitGrowth,netIncomeGrowth,operatingIncomeGrowth,threeYNetIncomeGrowthPerShare,threeYRevenueGrowthPerShare,threeYShareholdersEquityGrowthPerShare,Industry,Sector,Symbol
2023Q1,2023,Q1,2023-05-02,2023-03-31,134443000.0,174578000.0,135199000.0,0.6,148096000.0,0.8483084925,1271664000.0,939867000.0,183790000.0,12785000.0,33436000.0,68367000.0,0.0,3293974290.0,3274824290.0,4.476814914666502,14.375439968713335,0.0,0.0,0.15577595747116185,4.476814914666502,0.14304470738944977,18.868209568215928,6.125224611917318,3.504723849225475,0.7798844119812858,0.38735062237629264,0.031830849535865686,0.13728311881125832,8.86476339460305,0.10572210898476327,24.363534959060953,0.8483084924790065,-0.26829268292682923,2.0418501367128554,0.265950172995951,0.0,-0.257831566814503,-0.2662169316501018,-0.2690879209398128,0.7385343534638139,0.8467326384752988,0.0,Oil & Gas E&P,Energy,BSM
2022Q4,2022,Q4,2023-02-23,2022-12-31,183219000.0,230379000.0,184973000.0,0.82,199545000.0,0.866159676,1271082000.0,911451000.0,173381000.0,30734000.0,61270000.0,31472000.0,0.0,3532679220.0,3538372220.0,4.352554368069683,5.641341836402681,0.007867313045106452,0.010971516845118387,0.19881926280601597,4.352554368069683,0.2010190344845746,15.33420676363731,4.820295957297006,3.875884957062969,0.5429731632636353,0.9797280122013218,0.028160779341861668,0.18124637120185794,4.555345871022321,0.14414412288113593,22.660631963821803,0.8661596760121365,0.09333333333333327,7.981357186404385,1.1044969975868644,0.0,0.08762243212749837,0.08751446802196172,0.0867595736930543,3.503315711034266,0.8839384732878302,0.0,Oil & Gas E&P,Energy,BSM
2022Q3,2022,Q3,2022-11-01,2022-09-30,168475000.0,216429000.0,170206000.0,0.75,183469000.0,0.8477098725,1270728000.0,823227000.0,160963000.0,71531000.0,149140000.0,0.0,0.0,3277141300.0,3336303300.0,3.9313234830612886,2.2502551341376464,0.04721702834910382,0.0728839068689438,0.19072924039163577,3.9313234830612886,0.20465193682908844,15.141877012784793,4.8629489538507205,3.980847688426157,0.5531918682297077,0.0,0.02843911551814992,0.17031890380946985,2.2189679998881604,0.1325814808519211,30.771568747124387,0.8477098725217046,0.27118644067796616,6.1871671447048096,1.0682382223632267,0.0,0.25856793985292503,0.27837891158527334,0.2791000022545034,1.3588667848476867,0.8824750354865093,0.0,Oil & Gas E&P,Energy,BSM
2022Q2,2022,Q2,2022-08-02,2022-06-30,131788000.0,180372000.0,133067000.0,0.59,145776000.0,0.8081963941,1272693000.0,744327000.0,155500000.0,124817000.0,230005000.0,0.0,220797000.0,2866644930.0,2940486930.0,3.5546211263771688,1.245823886169352,0.06757324822246999,0.11554061588522249,0.15870324261363372,3.5546211263771688,0.1770565893753686,15.892959716585723,5.43798549564452,3.8513246597261688,0.6753953318966825,0.0,0.03104988660036107,0.141724673585853,1.2236073611767628,0.10355050275282413,40.296390587441486,0.808196394118821,16.051020408163264,1.2459150488411592,0.6907403543436726,0.0,16.360485887817077,17.05017659237608,23.97030899361298,0.3648453926892187,0.321290851551401,0.0,Oil & Gas E&P,Energy,BSM
2022Q1,2022,Q1,2022-05-03,2022-03-31,-8211000.0,36424000.0,-5793000.0,-0.0392,8397000.0,0.2305348122,1238569000.0,0.0,107982000.0,148438000.0,240420000.0,0.0,0.0,2817487580.0,2879834580.0,0.0,0.7274552338350018,0.05570945179477284,0.0,-0.0984528706083976,0.0,0.0,77.35250329453108,-85.7839355742297,0.0,-7.515771526001705,0.0,0.02190320214295319,0.029408131480765303,0.7148843288106819,-0.006629424763577967,35.715486455309495,0.23053481221172853,-1.0664406779661018,-1.1223477665909007,-0.6719091507514595,0.0,-0.942941596167567,-1.0618517095658855,-1.0427102149150294,-1.8950653916882658,-0.7135580467018381,0.0,Oil & Gas E&P,Energy,BSM
2021Q4,2021,Q4,2022-02-22,2021-12-31,132753000.0,179423000.0,135635000.0,0.59,147165000.0,0.8202125703,1247921000.0,765268000.0,107974000.0,77140000.0,184292000.0,0.0,379911000.0,2155509450.0,2235633450.0,3.6674478230656793,1.3997148042520093,0.07131861712400064,0.11629912658049206,0.1570684214735801,3.6674478230656793,0.17347256124651755,12.013562642470585,4.059248096088224,2.816672655853897,0.4325024669875634,0.0,0.026636858400226452,0.1437775307892086,1.374358309567021,0.10637933010182536,29.516609610144194,0.8202125702947782,10.799999999999997,17.66265059242862,1.0295478511798317,0.0,4.3969854774827635,7.20577327234516,6.741723744292237,-0.2061038678138141,0.0801884170946161,0.0,Oil & Gas E&P,Energy,BSM
2021Q3,2021,Q3,2021-11-02,2021-09-30,16178000.0,59827000.0,17520000.0,0.05,27268000.0,0.4557808347401675,1246664000.0,0.0,93068000.0,131538000.0,261219000.0,0.0,0.0,2514268650.0,2610004650.0,0.0,0.7075369855098906,0.07941193457098304,0.0,0.17696969696969697,0.0,0.0,42.02565146171461,38.85320574236618,0.0,3.54895537149215,0.0,0.022835666347746884,0.04798967484422426,0.6961106296279402,0.012977033105953167,44.584764953097014,0.4557808347401675,0.0,-0.6056851598136012,-0.400763985370393,0.0,-0.07606817334733847,0.04854494782552336,0.029014448490543875,-0.7408785416966956,-0.632083567982237,0.0,Oil & Gas E&P,Energy,BSM
2021Q2,2021,Q2,2021-08-03,2021-06-30,15429000.0,58442000.0,17026000.0,0.05,29513000.0,0.5049964066938161,1242247000.0,0.0,71540000.0,95084000.0,218193000.0,0.0,0.0,2235408750.0,2330365750.0,0.0,0.7523873627529343,0.0772793172372322,0.0,0.17735416666666667,0.0,0.0,38.25003849970911,36.220894905697065,0.0,2.6943418238382266,0.0,0.01859659894415283,0.04704539435394088,0.7301333557696352,0.012420235267221413,38.976317716597215,0.5049964066938161,0.0,1.6832441196085384,-0.2450021834950157,0.0,-0.06099268215081133,-0.04676881255405906,-0.010863881949689189,-0.47955116262107517,-0.6028707902512787,0.0,Oil & Gas E&P,Energy,BSM
2021Q1,2021,Q1,2021-05-04,2021-03-31,16186000.0,61568000.0,17213000.0,0.05,31430000.0,0.5104924636174636,1226149000.0,0.0,64785000.0,56784000.0,189359000.0,0.0,0.0,1808894240.0000002,1916105240.0000002,0.0,1.1409023668639053,0.09052733395370383,0.0,0.15507207207207208,0.0,0.0,29.380428794178798,27.939179537872235,0.0,2.565303348572841,0.0,0.0229543547001399,0.050212494566321056,1.1108234714003944,0.01320067952589775,32.60914046726277,0.5104924636174636,-0.5833333333333333,0.39019828037561105,0.05720848392150344,0.0,-0.2556894877684894,-0.4666007579502389,-0.45676323928548884,-0.629370720314645,-0.5481620389481162,0.0,Oil & Gas E&P,Energy,BSM
2020Q4,2020,Q4,2021-02-23,2020-12-31,30345000.0,77426000.0,31686000.0,0.12,42227000.0,0.5453852710975641,1243978000.0,0.0,66521000.0,39947000.0,185011000.0,0.0,0.0,1381076640.0,1500280640.0,0.0,1.665231431646932,0.09726860121320474,0.0,0.2618677685950413,0.0,0.0,17.837375558597888,11.3781235788433,0.0,1.194990937551491,0.0,0.026256327092752798,0.06224065055812884,1.5947129947180014,0.02439351821334461,22.779894106586173,0.5453852710975641,0.3333333333333333,1.5774620807422697,0.06571179378283545,0.0,2.890455131748664,0.27859941853115916,0.25598541303313777,0.5066292892611969,-0.28362561441775014,0.0,Oil & Gas E&P,Energy,BSM
2020Q3,2020,Q3,2020-11-03,2020-09-30,23733000.0,43742000.0,25228000.0,0.09,10854000.0,0.2481368021581089,1260016000.0,0.0,61921000.0,21298000.0,197022000.0,0.0,0.0,1269334480.0,1413277480.0,0.0,2.907362193633205,0.1166651852039974,0.0,0.17161904761904762,0.0,0.0,29.018665813177268,13.37098639025829,0.0,1.527872582480091,0.0,0.028566938479446333,0.034715432184988126,2.4206028735092495,0.01883547510507803,20.032739611445166,0.2481368021581089,3.222390395412735,-0.5925912462135496,-0.49789410288622793,0.0,0.6729346485819976,3.835145143949349,5.7474595408355285,0.025529218078382473,-0.5765941418987571,0.0,Oil & Gas E&P,Energy,BSM
2020Q2,2020,Q2,2020-08-04,2020-06-30,-8371000.0,38529000.0,-5314000.0,-0.04049693527553493,6488000.0,0.16839263931064913,1438838000.0,0.0,221422000.0,15152000.0,364796000.0,0.0,0.0,1343595500.0,1664995500.0,0.0,14.613384371700105,0.22448670385408226,0.0,-0.01645201238390093,0.0,0.0,34.87231695605907,-40.12649325050771,0.0,-2.6196392306773384,0.0,0.016321132364614202,0.02677785824394407,3.107180570221753,-0.005817889157778707,15.78268198423606,0.16839263931064913,-1.119108633163338,0.9267852990969974,-0.5727543104138634,0.0,-0.8790860635879086,-1.109982657136851,-1.0660050429144567,-1.1445140496348476,-0.6341434739907534,0.0,Oil & Gas E&P,Energy,BSM
2020Q1,2020,Q1,2020-05-05,2020-03-31,76112000.0,93043000.0,80509000.0,0.34,53658000.0,0.5767010951925454,1522567000.0,0.0,159777000.0,10798000.0,420480000.0,0.0,0.0,967033080.0,1351993080.0,0.0,14.796906834599,0.25483279225150685,0.0,0.20749742268041238,0.0,0.0,10.39339961093258,3.1763489331511456,0.0,0.8788495900777801,0.0,0.06917136691952669,0.06110929765323956,5.695869605482497,0.0499892615563059,14.247894271570015,0.5767010951925454,1.0,3.053455144815907,0.19968596046145057,0.0,-0.29252149148251677,0.9019916535472424,0.8019427471519058,0.1488798188929405,-0.150992242920054,0.0,Oil & Gas E&P,Energy,BSM
2019Q4,2019,Q4,2020-02-25,2019-12-31,40017000.0,120277000.0,44679000.0,0.17,75844000.0,0.6305777496944553,1545208000.0,0.0,102291000.0,29803000.0,448404000.0,0.0,0.0,2619887520.0,3005768520.0,0.0,3.432238365265242,0.25498185357569986,0.0,0.1133984771573604,0.0,0.0,21.782115616452025,16.367340880125948,0.0,2.0354849189094635,0.0,0.03109064773895331,0.07783871168153414,2.8967889138677316,0.02589748435162127,24.934923907146732,0.6305777496944553,-0.46875,-0.7829963626765611,-0.34323735802927535,0.0,0.15843655969818699,-0.4303386621492733,-0.40612497175441625,6.088600373002569,0.378344708842024,0.0,Oil & Gas E&P,Energy,BSM
2019Q3,2019,Q3,2019-11-05,2019-09-30,70247000.0,113079000.0,75233000.0,0.32,65471000.0,0.5789846036841501,1595813000.0,0.0,121334000.0,23016000.0,460131000.0,0.0,0.0,2932827680.0,3343861680.0,0.0,5.271724018074383,0.258802253146202,0.0,0.18216222760290557,0.0,0.0,25.936094942473847,10.437554913377083,0.0,1.1595370620809429,0.0,0.02777319668505038,0.07085980625549484,3.7716371220020855,0.04401956870886501,32.88144583716394,0.5789846036841501,-0.2727272727272727,0.0,-0.1583125786130219,0.0,-0.2422951844179291,-0.26123444845246985,-0.25264736852561936,0.7345792590570295,0.14744193147532883,0.0,Oil & Gas E&P,Energy,BSM
2019Q2,2019,Q2,2019-08-06,2019-06-30,95087000.0,134431000.0,100666000.0,0.44,86407000.0,0.6427609703119073,1724555000.0,0.0,126282000.0,45973000.0,580540000.0,0.0,0.0,3167308800.0,3599402800.0,0.0,2.7468731646836186,0.2528188431218488,0.0,0.23088532110091742,0.0,0.0,23.560851291740743,8.327397015364875,0.0,0.8870297727344432,0.0,0.02662986318227007,0.07795112362319555,2.1722315272007484,0.05513712233010835,44.7164207762138,0.6427609703119073,21.0,0.0,0.0227178905609822,0.0,0.1182187597059737,9.545303315958744,5.897766205289845,5.246279330634989,0.7513354778607703,0.0,Oil & Gas E&P,Energy,BSM
2019Q1,2019,Q1,2019-05-07,2019-03-31,9017000.0,124989000.0,14594000.0,0.02,77272000.0,0.6182304042755763,1711887000.0,0.0,113129000.0,48509000.0,577998000.0,0.0,0.0,3668504669.9999995,4099257669.9999995,0.0,2.332123935764497,0.2541055572009134,0.0,0.03354942528735632,0.0,0.0,29.35062021457888,101.71078712432072,0.0,9.001552622823555,0.0,0.02212536368394483,0.07301241261835624,2.2176091034653362,0.00526728691788652,100.9911815554026,0.6182304042755763,-0.9722222222222222,-0.8806862085312867,-0.1336005848110067,0.0,-0.2670846335518017,-0.9450568199128659,-0.9145134930909048,-0.21916685800868238,1.1638958043152638,0.0,Oil & Gas E&P,Energy,BSM
2018Q4,2018,Q4,2019-02-26,2018-12-31,164115000.0,163022000.0,170717000.0,0.72,105431000.0,0.6467286623891254,1750124000.0,0.0,157533000.0,64766000.0,547500000.0,0.0,0.0,3170211120.0,3574797120.0,0.0,2.4323410431399193,0.23426911464559083,0.0,0.4163829268292683,0.0,0.0,19.446523291334913,4.829252536331231,0.0,0.49369649331261617,0.0,0.025557603873397554,0.09314882831159392,1.8306210048482228,0.093773355487954,109.1520148739843,0.6467286623891254,1.6666666666666663,-0.10494634715433086,-0.10473753394069954,0.0,-0.0154824491777867,1.7013480815762185,1.5795859776367482,4.1528890996806584,1.2652871113619801,0.0,Oil & Gas E&P,Energy,BSM
2018Q3,2018,Q3,2018-11-06,2018-09-30,60753000.0,158232000.0,66180000.0,0.27,107089000.0,0.6767847211689165,1754259000.0,0.0,117128000.0,114723000.0,636950000.0,0.0,0.0,3735843999.9999995,4133402999.9999995,0.0,1.0209635382617261,0.22915658406198858,0.0,0.16462686567164178,0.0,0.0,23.609914555842053,15.373084456734645,0.0,1.2149688081247016,0.0,0.01975805199574715,0.09019876768481735,1.0104599775110483,0.034631716297308435,230.30910548054987,0.6767847211689165,0.5882352941176471,0.0,0.19472745110544354,0.0,0.14288001195291405,1.1140302039111978,0.9741081016585134,0.061896628038770746,0.8493869964289549,0.0,Oil & Gas E&P,Energy,BSM
2018Q2,2018,Q2,2018-08-07,2018-06-30,28738000.0,142656000.0,33524000.0,0.17,93701000.0,0.6568318192014356,1669464000.0,0.0,107739000.0,92697000.0,598832000.0,0.0,0.0,3727195709.9999995,4141124709.9999995,0.0,1.1622706236447782,0.25217674654859284,0.0,0.07962945368171022,0.0,0.0,26.127157007065946,32.42393094509012,0.0,2.104078223954346,0.0,0.016223188881058247,0.0854501804171878,1.1445785732008587,0.017213908176516534,82.39263677962728,0.6568318192014356,-0.2608695652173913,0.0,0.11019782385269522,0.0,0.12778633671946463,-0.3146196041020749,-0.301000834028357,1.2577433023394795,0.6221458232347311,0.0,Oil & Gas E&P,Energy,BSM
2018Q1,2018,Q1,2018-05-08,2018-03-31,41930000.0,130827000.0,47960000.0,0.23,83084000.0,0.6350676848051243,1635978000.0,0.0,100624000.0,55214000.0,549498000.0,0.0,0.0,3296246950.0,3725949950.0,0.0,1.8224363386097728,0.2665072513200055,0.0,0.11,0.0,0.0,25.19546385684912,19.653273014548056,0.0,1.2683758645361316,0.0,0.016134410075070375,0.07996867928541826,1.7957764335132393,0.0256299290088253,-1340.4826962179748,0.6350676848051243,1.3609588475241392,-0.42684850492914056,-0.06317228581348631,0.0,0.44892051201562555,1.1650229772293075,1.0840394559596749,1.3167055255070648,0.7500682620561825,0.0,Oil & Gas E&P,Energy,BSM
2017Q4,2017,Q4,2018-02-28,2017-12-31,19367000.0,103927000.0,23013000.0,0.097418047011363,57342000.0,0.5517526725490007,1576451000.0,0.0,87643000.0,59734000.0,485908000.0,0.0,0.0,3566525820.0000005,3948883820.0000005,0.0,1.467221347976027,0.24612246114849112,0.0,0.059311855670103095,0.0,0.0,34.31760581946944,46.03869752672072,0.0,2.730934063097021,0.0,0.014829557577687743,0.06592466242211144,1.445357752703653,0.012285189961502133,-12.535766375637944,0.5517526725490007,-0.129753021685153,-0.8911928488057992,-0.41206834200972126,0.0,0.0792772444946358,-0.12183730842477555,-0.12217729630759841,-0.8911928488057992,-0.41206834200972126,0.0,Oil & Gas E&P,Energy,BSM
2017Q3,2017,Q3,2017-11-07,2017-09-30,22054000.0,98452000.0,26216000.0,0.11194298795498729,53130000.0,0.539653841465892,1246070000.0,0.0,83799000.0,42297000.0,427681000.0,0.0,0.0,3416170740.0,3769259740.0,0.0,1.9812043407333852,0.2905133740480069,0.0,0.07241988950276243,0.0,0.0,34.698845528785604,38.725069601886275,0.0,2.367597714700281,0.0,0.015284657581254269,0.07901000746346513,1.839515804903421,0.017698845169212003,79.12564830685135,0.539653841465892,-0.6501781626406646,0.0,-0.23391051315473857,0.0,-0.008953553441522105,-0.5930245432736667,-0.5467496542185338,0.0,-0.23391051315473857,0.0,Oil & Gas E&P,Energy,BSM
2017Q2,2017,Q2,2017-08-09,2017-06-30,54190000.0,98521000.0,57840000.0,0.32,53610000.0,0.5441479481531856,1250086000.0,0.0,94836000.0,43277000.0,452199000.0,0.0,0.0,3047637280.0,3433150280.0,0.0,2.191371860341521,0.31437837076809116,0.0,0.14717557251908397,0.0,0.0,30.93388495853676,14.059961616534414,0.0,0.8571323122347296,0.0,0.015240658822758595,0.07881137777720892,1.842595373986182,0.04334901758758997,74.71713648287529,0.5441479481531856,-0.13513513513513511,0.0,-0.2007597210035624,0.0,-0.0972771818748211,-0.11992074576931822,-0.11035914788894871,0.0,-0.2007597210035624,0.0,Oil & Gas E&P,Energy,BSM
2017Q1,2017,Q1,2017-05-09,2017-03-31,61574000.0,101857000.0,65015000.0,0.37,59387000.0,0.5830428934682937,1199722000.0,0.0,90100000.0,47594000.0,451724000.0,0.0,0.0,3170745500.0000005,3544740500.0000005,0.0,1.8930957683741647,0.3234082562460303,0.0,0.16756443298969073,0.0,0.0,31.129382369400243,12.873719021015365,0.0,0.7636827232273362,0.0,0.014830266257572548,0.08490050194961833,1.8695423792915074,0.051323556623951216,-1492.115529411765,0.5830428934682937,10.699238578680202,-0.1271304048250732,-0.24358408230056897,0.0,0.43762860393618824,9.447523665797778,17.339532545865797,-0.1271304048250732,-0.24358408230056897,0.0,Oil & Gas E&P,Energy,BSM
2016Q4,2016,Q4,2017-03-01,2016-12-31,-7289000.0,80881000.0,-3979000.0,-0.03814732434907759,41309000.0,0.5107379977992359,1128827000.0,0.0,78989000.0,71331000.0,403166000.0,0.0,0.0,3585195900.0,3891423900.0,0.0,1.1073586519185208,0.2799366067608234,0.0,-0.012591772151898734,0.0,0.0,44.326799866470495,-122.96597269858691,0.0,-6.363561531074222,0.0,0.012937647284490088,0.07165048320070302,1.092834812353675,-0.006457145337593803,96.13331635115568,0.5107379977992359,-1.1589471847878232,-1.0426450539277452,-0.5235135030028268,0.0,-0.14636716812696313,-1.1941507071890898,-1.1012056160341845,-1.0426450539277452,-0.5235135030028268,0.0,Oil & Gas E&P,Energy,BSM
2016Q3,2016,Q3,2016-11-08,2016-09-30,37543000.0,91358000.0,39316000.0,0.24,48392000.0,0.5296963593773945,1137232000.0,0.0,84242000.0,44364000.0,364264000.0,0.0,0.0,3400445489.9999995,3694597489.9999995,0.0,1.8988819763772429,0.262919087749905,0.0,0.13149163879598663,0.0,0.0,37.22110258543312,22.643671856271474,0.0,1.2339717124364062,0.0,0.01362380315645054,0.0803336522363071,1.5607023712920385,0.03301261308158757,125.32508347768399,0.5296963593773945,4.0,0.0,-0.2664662164604926,0.0,0.5709138126927447,2.804865150713908,3.018482390389157,0.0,-0.2664662164604926,0.0,Oil & Gas E&P,Energy,BSM
2016Q2,2016,Q2,2016-08-09,2016-06-30,-20801000.0,71302000.0,-19478000.0,-0.08,30805000.0,0.43203556702476786,1126830000.0,0.0,78910000.0,43470000.0,349552000.0,0.0,0.0,2968947500.0,3244177500.0,0.0,1.815274902231424,0.252921913687069,0.0,-0.0683438596491228,0.0,0.0,41.63904939552888,-35.682749627421764,0.0,-2.1540791308110188,0.0,0.015091880203338051,0.06327662557794876,1.4570508396595354,-0.018459749917911307,-36.972273417847624,0.43203556702476786,-2.427352749604541,0.0,-0.4160354178342709,0.0,0.5338843798237315,-2.9355168884339817,-2.6776916451335055,0.0,-0.4160354178342709,0.0,Oil & Gas E&P,Energy,BSM
2016Q1,2016,Q1,2016-05-10,2016-03-31,10747000.0,53755000.0,11610000.0,0.05604781300359327,20083000.0,0.3736024555855269,1045843000.0,0.0,97286000.0,52916000.0,186791000.0,0.0,0.0,2682620790.0,2793607790.0,0.0,1.838498752740192,0.11091530946805592,0.0,0.10008620689655172,0.0,0.0,49.904581713328994,62.4039450544338,0.0,4.169535684377036,0.0,0.016703814481360223,0.05139872810737367,0.9332338045203719,0.010275920955631008,-291.3042447605603,0.3736024555855269,1.2075844926059012,-0.8471968144635438,-0.5996113059320091,0.0,-0.3676239057875181,1.2210998415866028,1.234436524443188,-0.8471968144635438,-0.5996113059320091,0.0,Oil & Gas E&P,Energy,BSM
2015Q4,2015,Q4,2016-03-08,2015-12-31,-48607000.0,67202000.0,-49523000.0,-0.27,31758000.0,0.4725752209755662,1061436000.0,0.0,103595000.0,63039000.0,150783000.0,0.0,0.0,2759578770.0,2812345770.0,0.0,1.6433477688415108,0.062179914756989585,0.0,-0.7503484848484848,0.0,0.0,41.063938126841464,-14.193319737897832,0.0,-1.1102721830189068,0.0,0.019556245535256093,0.06331234290150324,0.8642110439569156,-0.04579362297868171,49.70333333333333,0.4725752209755662,-2.0,-1.2838836459348744,-0.6047907298068573,0.0,-0.28154197678890575,-1.9019837072500883,-1.9053730415546901,-1.2838836459348744,-0.6047907298068573,0.0,Oil & Gas E&P,Energy,BSM
2015Q3,2015,Q3,2015-11-10,2015-09-30,53889000.0,80590000.0,54699000.0,0.27,44203000.0,0.5484923687802457,1161446000.0,0.0,93657000.0,46335000.0,111250000.0,0.0,0.0,2639153400.0,2676583400.0,0.0,2.0213013920362575,0.037022814663789795,0.0,1.2720697674418604,0.0,0.0,32.74790172477975,12.243469910371319,0.0,0.8907198129488393,0.0,0.018187650630690885,0.06938764264546092,1.249962231574404,0.046398196730627166,243.28478982300885,0.5484923687802457,1.4821428571428572,0.0,-0.35398731935912603,0.0,0.23696655939555059,1.5094585779517287,1.4512225301920412,0.0,-0.35398731935912603,0.0,Oil & Gas E&P,Energy,BSM
2015Q2,2015,Q2,2015-08-13,2015-06-30,-105777000.0,83430000.0,-121224000.0,-0.56,35735000.0,0.4283231451516241,1118569000.0,0.0,70420000.0,65497000.0,93929000.0,0.0,0.0,3293066700.0,3293018700.0,0.0,1.0751637479579217,0.005363996320298524,0.0,-20.204,0.0,0.0,39.47101402373247,-7.783040500297796,0.0,-0.5543360087731738,0.0,0.01780589503395118,0.07458636883375099,0.9200879429592195,-0.09456457312870284,80.48359321536807,0.4283231451516241,-8.409073468901738,0.0,-0.31559924641124876,0.0,0.22821790685684826,-7.117813765182186,-7.003268459367107,0.0,-0.31559924641124876,0.0,Oil & Gas E&P,Energy,BSM
2015Q1,2015,Q1,2015-03-31,2015-03-31,17290000.0,71414000.0,20193000.0,0.075583,29095000.0,0.40741311227490407,1274291000.0,0.0,108598000.0,95969000.0,502154000.0,0.0,0.0,3615066654.0,3995698654.0,0.0,1.1315945774156237,0.30526779205063836,0.0,0.05191002570694087,0.0,0.0,50.62125989301818,52.271062087912085,0.0,3.4959514170040484,0.0,0.01672030028356982,0.056042144219805363,0.6164699017391032,0.01356832936903737,59.51020880043459,0.40741311227490407,-0.9160188888888889,-0.7526006267260005,-0.46469075835600826,0.0,-0.7528163390141539,-0.8985036777007472,2.148177631204867,-0.7526006267260005,-0.46469075835600826,0.0,Oil & Gas E&P,Energy,BSM
2014Q4,2014,Q4,2014-12-31,2014-12-31,170351000.0,169177000.0,-17587000.0,0.9,117706000.0,0.6957565153655639,1326782000.0,0.0,137417000.0,98572000.0,512400000.0,0.0,0.0,3615066654.0,3994263654.0,0.0,1.3940774256381123,0.29695910858000785,0.0,-0.04463705583756345,0.0,0.0,21.368546871028567,5.305320564598976,0.0,0.3449583506994382,0.0,0.01625530194166096,0.127509266782335,0.9018281053443169,0.12839411448150487,36.036431053560214,0.6957565153655639,0.0,0.0,0.0,0.0,0.7100973412756065,0.0,-1.2869941253263708,0.0,0.0,0.0,Oil & Gas E&P,Energy,BSM
2014Q3,2014,Q3,2014-09-30,2014-09-30,0.0,124113000.0,61280000.0,0.0,68830000.0,0.5545752660881615,,,,,,,,3615066654.0,,,0.0,0.0,0.0,0.0,,0.0,29.127219985013657,0.0,0.0,0.0,0.0,0.017098716542779408,0.0,0.0,0.0,45.48455131544181,0.5545752660881615,0.0,0.0,0.0,0.0,-0.15854717050330688,0.0,-0.05418962510225186,0.0,0.0,0.0,Oil & Gas E&P,Energy,BSM
2014Q2,2014,Q2,2014-06-30,2014-06-30,0.0,121285000.0,64791000.0,0.0,81799000.0,0.674436245207569,,,,,,,,3615066654.0,,,0.0,0.0,0.0,0.0,,0.0,29.806378810240343,0.0,0.0,0.0,0.0,0.016759856953940413,0.0,0.0,0.0,55.579641990683086,0.674436245207569,-1.0,0.0,0.0,0.0,-0.1373051530300154,-1.0,-0.11517924206213725,0.0,0.0,0.0,Oil & Gas E&P,Energy,BSM
2014Q1,2014,Q1,2014-03-31,2014-03-31,69887000.0,133407000.0,73225000.0,0.346908,94818000.0,0.7107423148710338,,,,,,,,3615066654.0,,,0.0,0.0,0.0,0.0,,0.0,27.09802824439497,12.931828000915765,0.0,0.8511597292772619,0.0,0.016454745013949057,0.0,0.0,0.0,117.73160470266397,0.7107423148710338,0.0,0.0,0.0,0.0,0.0,0.0,0.0,0.0,0.0,0.0,Oil & Gas E&P,Energy,BSM
