Quarters,Year,Quarter,FillingDate,Date,NetIncome,Revenue,OperatingIncome,EPSDiluted,GrossProfit,GrossProfitRatio,TotalAssets,CommonStockEquity,CurrentAssets,CurrentLiability,TotalLiability,Inventory,RetainedEarnings,MarketCap,EnterpriseValue,bookValuePerShare,currentRatio,debtToAssets,debtToEquity,roic,shareholdersEquityPerShare,roe,priceToSalesRatio,peRatio,pbRatio,payoutRatio,inventoryTurnover,dividendYield,assetTurnover,quickRatio,returnOnAssets,priceToFreeCashFlowsRatio,grossProfitMargin,epsdilutedGrowth,fiveYNetIncomeGrowthPerShare,fiveYRevenueGrowthPerShare,fiveYShareholdersEquityGrowthPerShare,grossProfitGrowth,netIncomeGrowth,operatingIncomeGrowth,threeYNetIncomeGrowthPerShare,threeYRevenueGrowthPerShare,threeYShareholdersEquityGrowthPerShare,Industry,Sector,Symbol
2023Q1,2023,Q1,2023-05-05,2023-03-31,33679000.0,136046000.0,66463000.0,0.26,136046000.0,1.0,14193816000.0,1513275000.0,1338184000.0,2236000.0,12680541000.0,0.0,649672000.0,1500586555.11,2336036555.1099997,12.13172155115405,598.4722719141324,0.11417563817933106,1.070914407493681,0.016238083796913286,12.13172155115405,0.02225570368901885,11.02999393668318,11.138888885581519,0.9916152418496307,0.7543276225541138,0.0,0.016930046396515724,0.009584878372384142,598.4722719141324,0.0023727938984132247,50.28269795630466,1.0,-0.03703703703703707,0.09792717903322196,0.07537759761653957,0.014248794401621918,-0.057455019087010444,-0.027995035931772924,0.15235106456758443,2.6009937420945284,0.006555588310334258,-0.04267006352600784,Banks—Regional,Financial Services,NWBI
2022Q4,2022,Q4,2023-02-24,2022-12-31,34649000.0,144339000.0,57676000.0,0.27,144339000.0,1.0,14113324000.0,1491486000.0,1393001000.0,660297000.0,12621838000.0,0.0,641727000.0,1794048227.4,3236069227.4,11.62230421766197,2.1096582295542765,0.1120491529847965,1.0602754568262793,0.014380129347065621,11.62230421766197,0.023231193588139614,12.429407349365038,12.944444481803227,1.2028595825907853,0.7330081676238852,0.0,0.01415681006346619,0.010227144222013184,2.1096582295542765,0.0024550559457148435,29.103371413276232,1.0,-0.06896551724137918,0.234838035536747,0.07515470357383128,-0.025222957259250636,0.03669467787114846,-0.0711719922796483,0.04629562441042014,0.11442859980816378,0.018975496772480005,-0.09285081684493716,Banks—Regional,Financial Services,NWBI
2022Q3,2022,Q3,2022-11-04,2022-09-30,37304000.0,139230000.0,55124000.0,0.29,139230000.0,1.0,13953144000.0,1459786000.0,1399876000.0,111046000.0,12493358000.0,0.0,632476000.0,1706592738.06,2091296738.06,11.556189370885878,12.606271274967131,0.03606735514232491,0.34474436664004177,0.02125241953065586,11.556189370885878,0.025554430580920766,12.257363628959276,11.437062634435986,1.1690704925653486,0.6803291872185289,0.0,0.014871151994265506,0.009978396266819865,12.606271274967131,0.002673519315790047,20.499612469189188,1.0,0.11538461538461527,0.26636383668240393,0.039518761125348134,-0.03050307681484295,0.0684521525592817,0.1160174714294262,0.17140549959624293,-0.06743795692277225,-0.0004894649107341952,-0.09793633230974907,Banks—Regional,Financial Services,NWBI
2022Q2,2022,Q2,2022-08-05,2022-06-30,33426000.0,130310000.0,47058000.0,0.26,130310000.0,1.0,14154695000.0,1494539000.0,1896983000.0,1725000.0,12660156000.0,0.0,620551000.0,1613557312.0,1482365312.0,11.855853558922114,1099.7002898550725,0.026375700783379648,0.24980278199498307,0.01945861777347408,11.855853558922114,0.022365425057492644,12.382451937687055,12.068130437384074,1.0796354675254376,0.7585711721414468,0.0,0.015714347306679366,0.009206132664815455,1099.7002898550725,0.002361477940711545,32.73798997707306,1.0,0.18181818181818185,-0.13600709202216976,-0.15607999599504976,-6.0513570438704006e-05,0.12488454200944382,0.18167356029271398,0.06654276778024568,0.05764611248719914,-0.054289746658551914,-0.06445276499708999,Banks—Regional,Financial Services,NWBI
2022Q1,2022,Q1,2022-05-06,2022-03-31,28287000.0,115843000.0,44122000.0,0.22,115843000.0,1.0,14373403000.0,1523512000.0,2629372000.0,563000.0,12849891000.0,0.0,612481000.0,1700392080.3799999,913611080.3799999,12.104647720659951,4670.287744227354,0.02603593595754603,0.24563311611592165,0.018319415253455457,12.104647720659951,0.018566968950687622,14.678418897818599,15.028034789656026,1.1161002213175872,0.895641107222399,0.0,0.014899504821463405,0.008059538857986518,4670.287744227354,0.0019680099416957836,-75.71768626174466,1.0,-0.0833333333333333,0.2747370469667243,-0.0875668629805493,0.034655861312732,-0.05892149216871385,-0.058856800638807556,-0.03200895109804524,-0.07475729006727501,-0.13208120913520552,-0.05186234861471814,Banks—Regional,Financial Services,NWBI
2021Q4,2021,Q4,2022-02-25,2021-12-31,30056000.0,123096000.0,45581000.0,0.24,123096000.0,1.0,14501508000.0,1583571000.0,2853450000.0,140897000.0,12917937000.0,0.0,609529000.0,1773303995.28,1024859995.28,12.64496410073187,20.252028077247918,0.03660412420556538,0.3352012634735039,0.016477645589956035,12.64496410073187,0.018979887861043175,14.40586205303178,14.749999960739952,1.119813380820942,0.8422278413627895,0.0,0.014275048196687215,0.00848849650670813,20.252028077247918,0.0020726120345553028,32.76493838512989,1.0,-0.1111111111111112,-0.018018744834616972,-0.06032503644841757,0.08252360914111463,-0.03221850087268267,-0.14280010267233265,-0.13101252549901818,-0.070730316792065,-0.07839874729504655,0.03037946018314818,Banks—Regional,Financial Services,NWBI
2021Q3,2021,Q3,2021-11-04,2021-09-30,35063000.0,127194000.0,52453000.0,0.27,127194000.0,1.0,14389235000.0,1561768000.0,2701195000.0,127085000.0,12827467000.0,0.0,604787000.0,1662988000.0,951474000.0,12.471694949091635,21.255026163591296,0.026337119381259672,0.242655119070182,0.020665533966191023,12.471694949091635,0.022450837768477776,13.07442174945359,11.857142857142856,1.0648111627335173,0.7237258648718022,0.0,0.015259280283441614,0.008839524825329492,21.255026163591296,0.002436752197041747,55.775020123423666,1.0,-0.28947368421052627,0.9641147002887938,0.02304440711407206,0.06813152534264756,0.019125529818039052,-0.2839463312026467,-0.2604754116850891,0.03294113626532101,-0.03658286748210761,0.02870558382472529,Banks—Regional,Financial Services,NWBI
2021Q2,2021,Q2,2021-08-05,2021-06-30,48967000.0,124807000.0,70928000.0,0.38,124807000.0,1.0,14298056000.0,1575361000.0,2483761000.0,135696000.0,12722695000.0,0.0,595100000.0,1757657574.64,1286806574.64,12.225318713971415,18.303863046810516,0.027017728843697353,0.24521427152252723,0.027618820506057865,12.225318713971415,0.031083034301344264,14.083004756463982,8.973684188535136,1.1157173337666733,0.520330018175506,0.0,0.014495997609328744,0.008728948886477994,18.303863046810516,0.0034247313061300084,48.461704889575124,1.0,0.1875,6.377781323110459,-0.0018101109195984232,0.049351016971357485,-0.05302173830570204,0.2169644854238636,0.19391327767304067,0.4719425238551047,-0.08559190057224694,0.013438043650293592,Banks—Regional,Financial Services,NWBI
2021Q1,2021,Q1,2021-05-06,2021-03-31,40237000.0,131795000.0,59408000.0,0.32,131795000.0,1.0,14270356000.0,1540994000.0,2438153000.0,128851000.0,12729362000.0,0.0,571612000.0,1823335810.05,1226521810.05,12.21243129064052,18.92226680429333,0.026802134438692348,0.248200836602868,0.023972874672811936,12.21243129064052,0.026111068570026878,13.83463568458591,11.328726110607152,1.1832205771404691,0.5990754777940701,0.0,0.013220274546869666,0.009235578986256545,18.92226680429333,0.002819621318487079,26.91906295287448,1.0,0.14285714285714277,0.7534433418734133,0.14353170600122764,0.03169023084896703,-0.017320568454644417,0.14749750463425068,0.11599947401048222,0.2966911608581166,0.029842359620504216,0.020996373929016775,Banks—Regional,Financial Services,NWBI
2020Q4,2020,Q4,2021-02-26,2020-12-31,35065000.0,134118000.0,53233000.0,0.28,134118000.0,1.0,13806268000.0,1538703000.0,2170772000.0,139715000.0,12267565000.0,0.0,555480000.0,1614329085.46,1289890085.46,12.143172291549304,15.537143470636654,0.029829784558723618,0.26765269191000474,0.02155733098810668,12.143172291549304,0.022788673317722784,12.036632558344145,11.509547165692286,1.0491492415755348,0.6924283473549123,0.0,0.015040303875266833,0.00971428339649788,15.537143470636654,0.002539788449709943,-108.92173844275015,1.0,-0.06666666666666654,0.687419772052885,0.15228836295523263,0.0308389688346176,-0.03470562832877501,-0.07844940867279895,-0.05610227494370268,0.2656028232446956,0.011762629256455166,0.018462892914107167,Banks—Regional,Financial Services,NWBI
2020Q3,2020,Q3,2020-11-06,2020-09-30,38050000.0,138940000.0,56397000.0,0.3,138940000.0,1.0,13788805000.0,1547231000.0,2102815000.0,127834000.0,12241574000.0,0.0,544695000.0,1167073452.0,913992452.0,12.196768914249967,16.449575230376894,0.029275053204392984,0.2608970476935894,0.023646353588630525,12.196768914249967,0.024592320086658036,8.399837714121203,7.668025308804205,0.7542981313068312,0.6381865965834428,0.0,0.02080674524674219,0.01007629014987158,16.449575230376894,0.0027594849589939086,18.393012860114734,1.0,6.882352941176471,1.219700026404442,0.2262537993650192,0.00042043135481660934,0.04521176559091251,7.137096774193548,17.018210862619807,0.2862397892739846,0.03297779215079775,0.023237812713279148,Banks—Regional,Financial Services,NWBI
2020Q2,2020,Q2,2020-08-07,2020-06-30,-6200000.0,132930000.0,3130000.0,-0.051,132930000.0,1.0,13845084000.0,1530849000.0,2076529000.0,140987000.0,12314235000.0,0.0,530928000.0,1242138756.675,973620756.675,12.601596191153641,14.728513976465916,0.041076601629863714,0.3714990831884791,0.0012594219636010851,12.601596191153641,-0.004050040206447533,9.344307204355676,-50.086240188508064,0.8114051462129838,-3.9116129032258065,0.0,0.019524388776756788,0.00960124185595407,14.728513976465916,-0.0004478123787475757,37.86892950443584,1.0,-1.7285714285714284,-1.305248680280202,0.2727032615081506,0.07972769188034529,0.1586333129957291,-1.7809547801990175,-0.858409481588709,-1.1662972579942625,-0.10666536636218157,0.06283647659363503,Banks—Regional,Financial Services,NWBI
2020Q1,2020,Q1,2020-05-11,2020-03-31,7939000.0,114730000.0,22106000.0,0.07,114730000.0,1.0,10681196000.0,1341792000.0,1067564000.0,92433000.0,9339404000.0,0.0,561380000.0,1225061138.21,1262019138.21,12.672456056098307,11.549598087263206,0.029342406973900677,0.23357718632992297,0.011838872830798519,12.672456056098307,0.005916714364074312,10.677775108602807,38.577312577465676,0.9130037578179033,2.559138430532813,0.0,0.016584478411980495,0.010741306497886566,11.549598087263206,0.0007432688249518125,26.205076861751053,1.0,-0.7083333333333333,-0.5750984397538871,0.27942324818684583,0.08778570933053918,-0.015970220941402498,-0.6897737485834864,-0.5280227170826484,-0.574725992815236,0.07418124919393897,0.08318979934389104,Banks—Regional,Financial Services,NWBI
2019Q4,2019,Q4,2020-03-02,2019-12-31,25591000.0,116592000.0,46837000.0,0.24,116592000.0,1.0,10493908000.0,1353285000.0,9139383000.0,247478000.0,9140623000.0,0.0,583407000.0,1756580236.2199998,2063870236.2199998,12.811899556850861,36.930082674015466,0.03508092504717975,0.27203139028364315,0.02151429094745185,12.811899556850861,0.018910281278518567,15.066044293090433,17.160136729905044,1.2980120493613687,0.7503419170802235,0.0,0.010931467634704206,0.011110446175056994,3.6629599398734434,0.0024386529784709374,115.97651104053874,1.0,-0.22580645161290325,0.2814538934317854,0.2685858335454399,0.10608952609863773,0.0020110349095034293,-0.23412342132040462,-0.20799161269594332,-0.00870373739293415,0.05522886747173444,0.0968147981877556,Banks—Regional,Financial Services,NWBI
2019Q3,2019,Q3,2019-11-08,2019-09-30,33414000.0,116358000.0,59137000.0,0.31,116358000.0,1.0,10580474000.0,1351770000.0,9237767000.0,1314000.0,9228704000.0,0.0,577018000.0,1729435217.73,1998877217.73,12.810835625910634,7030.264079147641,0.035635832572340334,0.27892614867913923,0.026453636017689006,12.810835625910634,0.024718702146075147,14.863053831537153,12.93945066237206,1.2793857074280388,0.5744598072664153,0.0,0.011098999143312652,0.010997427903513586,717.2709284627093,0.003158081575551341,64.13153920458338,1.0,0.24,0.6762518553680598,0.2634047741464733,0.09158888295761998,0.011571196327818686,0.26649736572793087,0.2322518805609385,1.2213241489225577,0.11068217847102972,0.09717704400832015,Banks—Regional,Financial Services,NWBI
2019Q2,2019,Q2,2019-08-08,2019-06-30,26383000.0,115027000.0,47991000.0,0.25,115027000.0,1.0,10505483000.0,1333588000.0,9112499000.0,1207000.0,9171895000.0,0.0,562799000.0,1853164312.35,2039610312.35,12.672640263733168,7549.709196354598,0.027931509669760067,0.22003347360654116,0.02303249151439691,12.672640263733168,0.019783471356970818,16.1106897715319,17.56021218540348,1.3896078191690386,0.7252018345146496,0.0,0.010324502728922843,0.010949234794820953,820.6255178127589,0.002511355260867111,38.643012602176995,1.0,0.041666666666666706,0.803992467044038,0.26157293434657347,0.08109192433550126,0.0520505597424453,0.05346590001597189,0.0892192464820699,4.548045218870498,0.12652113264317105,0.08774652502623213,Banks—Regional,Financial Services,NWBI
2019Q1,2019,Q1,2019-05-09,2019-03-31,25044000.0,109336000.0,44060000.0,0.24,109336000.0,1.0,10297088000.0,1316276000.0,8912545000.0,1111000.0,8980812000.0,0.0,555205000.0,1771288735.02,1914203735.02,12.766761981210626,8022.092709270927,0.022903368408621932,0.17917062986790006,0.02238926353584871,12.766761981210626,0.019026404796562424,16.20041646868369,17.68176743950647,1.3456818592909086,0.7444098386839163,0.0,0.010525105044372958,0.010618147577256794,867.4050405040504,0.00243214392263133,66.85622159809768,1.0,-0.07692307692307698,0.5124356411427576,0.20002517055008093,0.005354525278889868,0.00033852093797747464,-0.05376506593115956,-0.01982158350203555,0.33568009121493575,0.16103435530196092,0.07851936294482058,Banks—Regional,Financial Services,NWBI
2018Q4,2018,Q4,2019-03-01,2018-12-31,26467000.0,109299000.0,44951000.0,0.26,109299000.0,1.0,9607773000.0,1257638000.0,8312927000.0,235133000.0,8350135000.0,0.0,550374000.0,1735995716.8400002,2012808716.8400002,12.27214302047932,35.35414850318756,0.035971082997069144,0.27480244712707474,0.021816638122202494,12.27214302047932,0.021045006591721944,15.882997253771766,16.39773790796086,1.3803620094494602,0.6635432803113311,0.0,0.010116384406735618,0.011376101412887253,3.805203863345426,0.0027547486810939434,56.49924223263686,1.0,-0.03703703703703707,0.15244425529357156,0.16765891036462402,-0.036052033022330204,0.013050208080377417,-0.04589041095890411,0.008706774678544981,0.5748580254238028,0.16112157855973888,0.04178734789307729,Banks—Regional,Financial Services,NWBI
2018Q3,2018,Q3,2018-11-08,2018-09-30,27740000.0,107891000.0,44563000.0,0.27,107891000.0,1.0,9575331000.0,1240676000.0,8266354000.0,627000.0,8334655000.0,0.0,541469000.0,1737647518.92,1954031518.92,12.123677702537492,13183.977671451355,0.030320622858886027,0.23400952384022905,0.023218643607102133,12.123677702537492,0.022358778601343138,16.105583588251108,15.660125440879598,1.400565110407552,0.6322999279019467,0.0,0.010094107009056495,0.011267600044322227,1453.4290271132377,0.0028970277894309867,45.885751377643984,1.0,0.08000000000000007,0.397868122073466,0.2170798355432677,-0.033537986568043465,-9.267754701068572e-05,0.05479295790714476,0.06487765245650927,1.00600701248655,0.18038764165406015,-0.005574758196098725,Banks—Regional,Financial Services,NWBI
2018Q2,2018,Q2,2018-08-08,2018-06-30,26299000.0,107901000.0,41848000.0,0.25,107901000.0,1.0,9562309000.0,1228880000.0,8260359000.0,568000.0,8333429000.0,0.0,531269000.0,1771520047.77,1849577047.77,12.063212734680008,14542.885563380281,0.02207646709597023,0.17178406353753012,0.02302140771431504,12.063212734680008,0.02140078770913352,16.41801325075764,16.84018449152059,1.4415728531426992,0.6621544545419978,0.0,0.009829976252270386,0.01128399009067789,1686.411971830986,0.002750277155862669,54.91042240933606,1.0,0.041666666666666706,0.7320070240672166,0.24807171435017358,-0.033177956653013145,0.04714536649748163,0.05259155493295978,0.05434481368572221,0.5440510216320772,0.23194105479073746,0.033598017671857446,Banks—Regional,Financial Services,NWBI
2018Q1,2018,Q1,2018-05-10,2018-03-31,24985000.0,103043000.0,39691000.0,0.24,103043000.0,1.0,9520979000.0,1215254000.0,8255541000.0,528000.0,8305725000.0,0.0,522384000.0,1682478247.6799998,1706091247.6799998,11.961287623034762,15635.494318181818,0.022662690464919626,0.1775521825067023,0.021706673197553757,11.961287623034762,0.0205594879753533,16.327923756878196,16.834883406844106,1.3844663318779449,0.6966179707824695,0.0,0.01034485885567916,0.010822731569936243,1843.153409090909,0.0026242049268252773,51.265372122246255,1.0,0.09090909090909087,0.4532581963578482,0.14089118630029368,-0.05771522874600388,-0.027584319498707134,0.12809283005237493,0.10115133860452212,0.3935968511133433,0.19754272650920487,0.026740016610126014,Banks—Regional,Financial Services,NWBI
2017Q4,2017,Q4,2018-03-01,2017-12-31,22148000.0,105966000.0,36045000.0,0.22,105966000.0,1.0,9363934000.0,1207724000.0,8056688000.0,108698000.0,8156210000.0,0.0,508058000.0,1694637026.1100001,1836378026.1100001,11.923038508358701,74.11992860954203,0.023435769624177188,0.18170625076590347,0.019474100060367847,11.923038508358701,0.018338627037303226,15.992271352226187,19.12855592051201,1.403165811153873,0.7384413942568178,0.0,0.009651034261621512,0.01131639757392566,8.22091482823971,0.0023652452057009374,46.356020081242995,1.0,-0.04347826086956525,0.24182334317115195,0.21113862695703667,-0.0203824478497381,-0.012091774423612988,-0.061167394345301176,-0.16172469127189004,0.15649893109678725,0.202299423179455,0.029351498959757305,Banks—Regional,Financial Services,NWBI
2017Q3,2017,Q3,2017-11-09,2017-09-30,23591000.0,107263000.0,42999000.0,0.23,107263000.0,1.0,9459814000.0,1205847000.0,8070947000.0,518000.0,8253967000.0,0.0,502265000.0,1747094232.18,1808661232.18,11.919779314945641,15580.978764478765,0.023954065058784453,0.18791853361164393,0.019668127979108777,11.919779314945641,0.019563841847265864,16.28794861396754,18.51441473634013,1.4488523271857872,0.692764189733373,0.0,0.009354389533761685,0.011338806450105678,2041.1525096525097,0.002493812246202727,39.387114371576075,1.0,-0.23333333333333328,0.40311612932473007,0.23190796931939234,-0.04182278611061241,-0.13256237111317778,-0.23855787231295592,-0.1801906577693041,0.23440737146229362,0.21477978951955073,0.015663534171523576,Banks—Regional,Financial Services,NWBI
2017Q2,2017,Q2,2017-08-09,2017-06-30,30982000.0,123655000.0,52450000.0,0.3,123655000.0,1.0,9499010000.0,1196930000.0,8018862000.0,530000.0,8302080000.0,0.0,495017000.0,1575841550.9199998,1641368550.9199998,11.856571042369048,15129.928301886792,0.02333443169340805,0.18518543273207289,0.0252404512152844,11.856571042369048,0.02588455465231885,12.743856301160486,12.715782962042475,1.3165695161120532,0.5252727390097476,0.0,0.010327180413855058,0.013017672367962555,2133.2,0.0032616030512653423,55.0377742008941,1.0,0.764705882352941,0.7687987501413529,0.42951885752296537,-0.043730492317388694,0.21789189615096718,0.7458582215710583,0.6144422556020684,1.2083348163018448,0.4137388066258158,0.011473768485189533,Banks—Regional,Financial Services,NWBI
2017Q1,2017,Q1,2017-05-10,2017-03-31,17746000.0,101532000.0,32488000.0,0.17,101532000.0,1.0,9731523000.0,1177563000.0,8315661000.0,586000.0,8553960000.0,0.0,480309000.0,1695001184.68,1516539184.68,11.699201805421596,14190.547781569965,0.02552570651068697,0.21094752467596214,0.015672126920873653,11.699201805421596,0.01507010665246785,16.69425584722058,23.878637223599686,1.4394144387009442,0.9151358052518878,0.0,0.009581114247460516,0.010433310387284704,2259.1433447098975,0.0018235583474446907,40.57162106084542,1.0,-0.2916666666666666,0.09303340096017312,0.19743162689589422,-0.05281706281804251,-0.031488176432993426,-0.275496039846493,-0.26072907659400174,0.09777154005181476,0.14148023868727866,-0.07871349880714024,Banks—Regional,Financial Services,NWBI
2016Q4,2016,Q4,2017-03-01,2016-12-31,24494000.0,104833000.0,43946000.0,0.24,104833000.0,1.0,9623640000.0,1170663000.0,8276424000.0,143534000.0,8452977000.0,0.0,478803000.0,1806955241.1000001,1674762241.1000001,11.681005378501181,57.661766550085694,0.026404977742309564,0.21706673910425117,0.02049917406695377,11.681005378501181,0.02092318626282713,17.23651179590396,18.442835399485592,1.5435315211123954,0.6185188209357394,0.0,0.008384269657270151,0.010893279465981686,8.598687419008737,0.0025451908009859053,34.82682987240768,1.0,0.7142857142857141,0.5157954557643732,0.21531935228097457,-0.04809064763612704,0.060257901390644755,0.7252940762132845,0.6679064824654622,0.09058243464239853,0.1452001556547444,-0.08248450428980927,Banks—Regional,Financial Services,NWBI
2016Q3,2016,Q3,2016-11-09,2016-09-30,14197000.0,98875000.0,26348000.0,0.14,98875000.0,1.0,9714607000.0,1162803000.0,8292127000.0,682000.0,8551804000.0,0.0,469459000.0,1564521667.3000002,1493298667.3000002,11.676179059588023,12158.543988269796,0.02543633520120783,0.21250719167391208,0.01404202879665967,11.676179059588023,0.012209290825703064,15.823227987863467,27.550216019229417,1.3454743987588613,1.0618440515601888,0.0,0.00963553290125789,0.010177972202066435,1804.4076246334312,0.001461407548447405,36.15635569550046,1.0,3.002861230329042,-0.17365876043903494,0.1803499576348101,-0.030121343739191793,0.027464876548341507,3.025827625570776,54.66191446028513,-0.2648517491614261,0.14614337075760983,-0.06921119152156113,Banks—Regional,Financial Services,NWBI
2016Q2,2016,Q2,2016-08-09,2016-06-30,-7008000.0,96232000.0,-491000.0,-0.0699,96232000.0,1.0,8963975000.0,1155455000.0,7811656000.0,737000.0,7808520000.0,0.0,470337000.0,1470803941.47,2231190941.4700003,11.650361524646152,10599.261872455902,0.11949854835605855,0.9270650955684124,-0.00014718997383740914,11.650361524646152,-0.006065143168708431,15.283938206313909,-52.46874791202911,1.2729218718773125,-2.136272831050228,0.0,0.010178786973495042,0.010735415928759283,1406.7910447761194,-0.0007817960224119322,362.98221655231987,1.0,-1.3883333333333334,-1.4814209899520652,0.20295234878451737,-0.029562417256280202,0.06540897214472344,-1.3896797153024911,-1.0123332747230664,-1.4740644212111085,0.1433164137936437,-0.066266459629977,Banks—Regional,Financial Services,NWBI
2016Q1,2016,Q1,2016-05-10,2016-03-31,17984000.0,90324000.0,39811000.0,0.18,90324000.0,1.0,8916288000.0,1170588000.0,7681450000.0,1894000.0,7745700000.0,0.0,492316000.0,1336000441.44,2143966441.44,11.837304382140983,4055.675818373812,0.10867381134391352,0.8277609201529488,0.012838319992805953,11.837304382140983,0.015363219168486266,14.791201025641026,18.572070193505336,1.1413071391813345,0.8318505338078291,0.0,0.011197601090517196,0.010130224595706195,510.37645195353747,0.00201698285205682,59.462366095780666,1.0,0.12499999999999993,0.12333819986690513,0.025453537166641386,-0.019889064635281572,-0.004134554956504482,0.11060334712530105,0.011381246348093387,0.07470085440483747,0.02746435905859298,-0.0674823644814526,Banks—Regional,Financial Services,NWBI
2015Q4,2015,Q4,2016-02-29,2015-12-31,16193000.0,90699000.0,39363000.0,0.16,90699000.0,1.0,8951899000.0,1163163000.0,7620736000.0,120657000.0,7788736000.0,0.0,489292000.0,1322147252.27,2241594252.27,11.779892552255163,63.16033052371599,0.1213396174375962,0.9338501998430143,0.011390796453240747,11.779892552255163,0.013921522606891725,14.57730793360456,20.412327120823814,1.1366826938872712,0.8614216019267584,0.0,0.010550262065024076,0.010131816724026936,8.803882078951077,0.0018088899349735738,68.70438849875286,1.0,0.23076923076923075,0.37204049722751587,0.17612376947580183,-0.039811835620303965,0.06603119380355191,0.2580018645121193,0.22017978921264725,-0.06860453153483641,0.06343589070135534,-0.032143568223546276,Banks—Regional,Financial Services,NWBI
2015Q3,2015,Q3,2015-11-09,2015-09-30,12872000.0,85081000.0,32260000.0,0.13,85081000.0,1.0,8934908000.0,1161337000.0,7486060000.0,1816000.0,7773571000.0,0.0,487048000.0,1238338491.0,2190277491.0,12.191643165196583,4122.27973568282,0.11713058489242419,0.901160472799885,0.010385200958684662,12.191643165196583,0.011083776715974778,14.55481824379121,24.051011711466753,1.0663041744127673,1.0079241765071474,0.0,0.010476941558622683,0.00952231405180669,602.0853524229075,0.0014406415824315146,37.03386838327651,1.0,-0.23529411764705885,-0.05493504834891837,0.19657582092477288,0.004278761294617423,0.08103884222964818,-0.15896765762822607,-0.11153952079316992,-0.18694248184834,0.03774078004036691,-0.01996887927996597,Banks—Regional,Financial Services,NWBI
2015Q2,2015,Q2,2015-08-10,2015-06-30,15305000.0,78703000.0,36310000.0,0.17,78703000.0,1.0,7864510000.0,1068350000.0,6621330000.0,1302000.0,6796160000.0,0.0,487150000.0,1173519365.04,1883358365.04,11.67108733611154,5085.506912442396,0.1274268835566361,0.9380352880610286,0.011919403809909758,11.67108733611154,0.014325829550241026,14.910732310585365,19.168888680823258,1.0984409276360743,0.8447566154851356,0.0,0.011017287302761558,0.010007362187854044,900.2688172043011,0.0019460843714357284,54.564530852280654,1.0,-0.055555555555555455,0.12108618766406296,0.1706171855063988,-0.03630692211660469,0.01413550498672783,-0.053494124922696354,-0.015829132108201877,-0.036371322483114525,0.003406484045890566,-0.058690332884461446,Banks—Regional,Financial Services,NWBI
2015Q1,2015,Q1,2015-05-11,2015-03-31,16170000.0,77606000.0,36894000.0,0.18,77606000.0,1.0,7890359000.0,1067516000.0,6562105000.0,1336000.0,6822843000.0,0.0,484774000.0,1085863658.3999999,1836333658.3999999,11.649772512545116,4911.755239520958,0.1326854709652628,0.980721600425661,0.012269716232573388,11.649772512545116,0.015147313951266304,13.992006525268662,16.78824456400742,1.0171872444066412,0.8022881880024737,0.0,0.011947172096279083,0.009835547406651586,922.6362275449102,0.0020493364116892527,42.10405810003877,1.0,-0.05263157894736847,0.454019951479095,0.20791243271084048,-0.030334618795404136,-0.027798308800501097,-0.06774286537907177,-0.016605805368233067,0.09399149803987136,0.005342526506535874,-0.0568189241063806,Banks—Regional,Financial Services,NWBI
2014Q4,2014,Q4,2015-02-27,2014-12-31,17345000.0,79825000.0,37517000.0,0.19,79825000.0,1.0,7775033000.0,1062647000.0,6436702000.0,163650000.0,6712386000.0,0.0,481577000.0,1149520832.11,1900651832.11,11.58305838229982,39.33212343415826,0.12748537530323023,0.9327678899954548,0.01346230676159345,11.58305838229982,0.016322447623717002,14.400511520325711,16.56847552767368,1.0817522960211623,0.6959354280772557,0.0,0.010500897124102663,0.010266837452651327,7.1559181179346165,0.002230858698606167,93.41900301584721,1.0,0.0,19.49557677887107,0.33814450169365573,-0.04049546901892031,-0.003159419565923225,0.0007500576967459035,0.0019228201361997596,0.17257622601775177,0.010921003381990282,-0.05607255147906392,Banks—Regional,Financial Services,NWBI
2014Q3,2014,Q3,2014-11-07,2014-09-30,17332000.0,80078000.0,37445000.0,0.19,80078000.0,1.0,7826926000.0,1076721000.0,6461507000.0,880000.0,6750205000.0,0.0,476484000.0,1110120695.2,1798507695.2,11.735952816961772,7342.621590909091,0.125405810659255,0.9116029129180169,0.01355717749468302,11.735952816961772,0.0160970204909164,13.86299227253428,16.012587918301406,1.0310198233339927,0.6962843295638126,0.0,0.010870890032210256,0.010231092002147458,1413.1511363636364,0.0022144070354057264,47.710189754168816,1.0,0.35714285714285704,0.7091581916773946,0.3272410808850505,0.9602342772379551,0.01018026768931892,0.3631144317734959,0.19274383640186024,0.09504532079060994,0.037667174551952405,-0.02515625274620071,Banks—Regional,Financial Services,NWBI
2014Q2,2014,Q2,2014-08-08,2014-06-30,12715000.0,79271000.0,31394000.0,0.14,79271000.0,1.0,7902316000.0,1072472000.0,6485350000.0,816000.0,6829844000.0,0.0,472726000.0,1241541744.78,1828636744.78,11.722074671423035,7947.732843137255,0.12305620276384796,0.9067173781693135,0.011362334530281012,11.722074671423035,0.01185578737719959,15.661991709200086,24.41096627565867,1.157644903344796,8.224066063704287,0.0,0.08422511803542258,0.010031362957391226,1697.1519607843138,0.0016090219626752461,57.5800827743252,1.0,-0.12499999999999993,1.0784127888398858,0.2999297546406083,1.020709768568962,-0.01592720411152767,-0.13148907103825136,-0.07962474347698623,-0.053153783695024256,0.07417590023869092,-0.023588943157482428,Banks—Regional,Financial Services,NWBI
2014Q1,2014,Q1,2014-05-09,2014-03-31,14640000.0,80554000.0,34110000.0,0.16,80554000.0,1.0,7974960000.0,1157556000.0,6520626000.0,860000.0,6817404000.0,0.0,564580000.0,1330862970.8,1837885970.8,12.698766117026299,7582.123255813954,0.12146957476902706,0.8368623202678748,0.011798320253229633,12.698766117026299,0.012647336284378466,16.521376602030934,22.726485157103824,1.1497180013753114,1.4497267759562842,0.0,0.015947547167265434,0.010100865709671272,1736.7406976744187,0.001835745884618857,56.707272180322974,1.0,-0.2727272727272727,0.4220681540317537,0.4292168218428493,1.2152905515319763,-0.029423104727938697,-0.2810489613514708,-0.22927446505637528,-0.007944253330495277,-0.007865155136177315,0.05143866670473557,Banks—Regional,Financial Services,NWBI
2013Q4,2013,Q4,2014-02-28,2013-12-31,20363000.0,82996000.0,44257000.0,0.22,82996000.0,1.0,7881476000.0,1156802000.0,6420422000.0,888000.0,6724674000.0,0.0,571164000.0,1342971043.28,1936439043.28,12.731125995272324,7230.204954954955,0.1249434750546725,0.8512597661483988,0.014288365386155629,12.731125995272324,0.0176028395524904,16.181153830064098,16.487882965181946,1.1609342335853499,0.5871924569071355,0.0,0.00890339375508564,0.0105305148426513,1610.2015765765766,0.0025836531126910748,64.58765177126918,1.0,0.15789473684210525,1.1615387795877599,0.7621039353641886,1.2575002931771662,0.05564671016649496,0.15698863636363636,0.14572330951641296,0.8749444741817797,0.1695390457551781,0.03772393896300241,Banks—Regional,Financial Services,NWBI
2013Q3,2013,Q3,2013-11-08,2013-09-30,17600000.0,78621000.0,38628000.0,0.19,78621000.0,1.0,7908379000.0,1138534000.0,6370152000.0,861000.0,6769845000.0,0.0,562758000.0,1198944910.42,1752455910.42,12.54439133048353,7398.550522648084,0.12242584731965932,0.8503830364310596,0.013819208384703702,12.54439133048353,0.015458475548380637,15.2496776995968,17.03046747755682,1.053060260317215,0.67875,0.0,0.009963760549944885,0.00994148105446135,1777.047619047619,0.0022254876757929784,58.17296993789423,1.0,0.2666666666666667,1.1485658828117622,0.2821777690479303,1.1922360477528973,0.024511336982017202,0.30583172577533757,0.1372883851023112,0.3562130005906926,0.1605017765257778,0.033336164442260466,Banks—Regional,Financial Services,NWBI
2013Q2,2013,Q2,2013-08-09,2013-06-30,13478000.0,76740000.0,33965000.0,0.15,76740000.0,1.0,7963814000.0,1128233000.0,6367554000.0,1043000.0,6835581000.0,0.0,557104000.0,1247847294.6000001,1760764294.6000001,12.477180074338241,6105.037392138063,0.12060025510389871,0.8512762877880722,0.011828646492717807,12.477180074338241,0.011946113967593572,16.260715332290854,23.146002645051198,1.1060191419680154,1.6299154177177624,0.0,0.017604718217577964,0.009636086427935158,1549.0364333652924,0.0016924051716928597,40.08890335078871,1.0,-0.11764705882352951,0.12298921594781734,0.4125403216827588,1.1800268329293357,-0.04511858248513053,-0.11896979997385279,-0.09140762934032422,-0.0005731793538448813,0.1554875843170468,0.03025294240926207,Banks—Regional,Financial Services,NWBI
2013Q1,2013,Q1,2013-05-10,2013-03-31,15298000.0,80366000.0,37382000.0,0.17,80366000.0,1.0,7994490000.0,1147580000.0,6422539000.0,1180000.0,6846910000.0,0.0,565594000.0,1132760979.77,1511158979.77,12.693920126838764,5442.829661016949,0.12045221146064351,0.8391170985900765,0.01246537165375606,12.693920126838764,0.013330661043238816,14.095027496329294,18.511586151294285,0.9870867214224716,0.0,0.0,0.0,0.010052673779065331,1458.1550847457627,0.0019135679699392957,29.08617228835537,1.0,-0.055555555555555455,0.4643895351369736,0.5833791872851497,1.2333866172766428,0.0035087719298245615,-0.06290964777947933,-0.05133866260626824,0.39432733351554106,0.2678919474728648,0.05657470010825958,Banks—Regional,Financial Services,NWBI
2012Q4,2012,Q4,2013-03-01,2012-12-31,16325000.0,80085000.0,39405000.0,0.18,80085000.0,1.0,7942600000.0,1128469000.0,6391631000.0,888000.0,6814131000.0,0.0,550296000.0,1125584052.22,1473123052.22,12.171115638125935,7197.782657657658,0.10054767960113817,0.7076933438136094,0.014925747848477016,12.171115638125935,0.014466502845891203,14.054867356184054,17.237121779785607,0.9974434851289667,1.3801531393568147,0.0,0.020017163494420426,0.010082970311988518,1749.3896396396397,0.002055372296225417,39.6667624830843,1.0,0.058823529411764594,0.1931760814911283,0.6276391843253131,1.1416391813780167,-0.014568900810887301,0.040272733065698084,-0.025376567485345402,18.087346656286595,0.3283783761064976,0.008217365089183921,Banks—Regional,Financial Services,NWBI
2012Q3,2012,Q3,2012-11-05,2012-09-30,15693000.0,81269000.0,40431000.0,0.17,81269000.0,1.0,8047671000.0,1174626000.0,6619386000.0,1111000.0,6873045000.0,0.0,556502000.0,1153932549.7502,1475143549.7502,12.440057164959535,5958.043204320432,0.11912092330812231,0.8161287082015892,0.01339078732659933,12.440057164959535,0.013359997139515046,14.198926401828496,18.38291833540751,0.9823829455079318,0.7308354043203976,0.0,0.009939055798783712,0.010098449601133049,596.5427542754276,0.0019500051629844212,40.89783979267057,1.0,0.0,0.8697401915667089,0.5772695599757759,1.2624569999648358,0.0058293522116884084,-0.040828800195587066,-0.058978238100779706,0.5036513562260241,0.3087874102884596,1.0778395112759365,Banks—Regional,Financial Services,NWBI
2012Q2,2012,Q2,2012-08-03,2012-06-30,16361000.0,80798000.0,42965000.0,0.17,80798000.0,1.0,8037996000.0,1169142000.0,6648784000.0,1242000.0,6868854000.0,0.0,552278000.0,1104193934.76,1339166934.76,12.398775603649467,5353.288244766506,0.11896099475540918,0.8178715673545215,0.013856705182580387,12.398775603649467,0.013994022967270016,13.666104789227456,16.872347881547583,0.9444480950645859,0.6989181590367337,0.0,0.010355970667856849,0.010052007988060706,599.9243156199678,0.0020354575941565534,35.852780529904535,1.0,0.06250000000000006,0.5615787550714803,0.6718938885681763,1.3132823770233124,0.019095908380001008,0.07772873987220869,0.01509710343524075,1.59488611911069,0.2855802008848136,1.1373628545182661,Banks—Regional,Financial Services,NWBI
2012Q1,2012,Q1,2012-05-08,2012-03-31,15181000.0,79284000.0,42326000.0,0.16,79284000.0,1.0,8069008000.0,1162475000.0,6625165000.0,1119000.0,6906533000.0,0.0,547352000.0,1195267129.3999999,1376834129.3999999,12.351575758141148,5920.612153708668,0.11643364339209974,0.8081928643626745,0.014229325253226859,12.351575758141148,0.013059205574313426,15.075767234246504,19.68360334299453,1.0282088899976343,0.7527172123048548,0.0,0.009560206014981877,0.009825743139677144,699.739946380697,0.0018813960774360368,54.801115464673785,1.0,0.0,0.5779520621947064,0.6858318177058689,1.243337319841867,-0.021257684615954373,0.00039538714991762766,-0.0359859700268756,0.42823261040214233,0.36243500028656483,1.1547234448908015,Banks—Regional,Financial Services,NWBI
2011Q4,2011,Q4,2012-02-29,2011-12-31,15175000.0,81006000.0,43906000.0,0.16,81006000.0,1.0,7957705000.0,1154904000.0,6511810000.0,1104000.0,6802801000.0,0.0,543598000.0,1170797093.68,1414152093.68,12.271132066823153,5898.378623188406,0.11699591779288124,0.8061440604587048,0.014761727484015198,12.271132066823153,0.013139620262809723,14.453214498679111,19.288255250082372,1.0137613980729134,0.6892257001647446,0.0,0.008933230238149733,0.010179568104120473,645.1657608695652,0.001906956842456462,-572.7970125636008,1.0,-0.058823529411764754,0.8231447871390518,0.7953271271738326,1.258360747029516,-0.006329579745344815,-0.0924043062200957,-0.057021971177594985,0.5551809552219823,0.6604373963695147,1.1759335544048581,Banks—Regional,Financial Services,NWBI
2011Q3,2011,Q3,2011-11-08,2011-09-30,16720000.0,81522000.0,46561000.0,0.17,81522000.0,1.0,7989343000.0,1166777000.0,6448857000.0,1072000.0,6822566000.0,0.0,538882000.0,1154293570.56,1415653570.56,12.038804013487027,6015.724813432836,0.11662636089100192,0.798582762601594,0.01575784885390408,12.038804013487027,0.014330073355919768,14.1592891558107,17.259174200956938,0.9893009294492436,0.661901913875598,0.0,0.009587682269278254,0.010203842794082067,649.3964552238806,0.00209278785502137,31.667862018106995,1.0,0.13333333333333347,0.49293509776662886,0.6913555295646767,1.1873891484416825,-0.011231321560256162,0.11444377791108445,0.04523413999012257,0.9114554314143863,0.24502020830481175,1.1038804860993785,Banks—Regional,Financial Services,NWBI
2011Q2,2011,Q2,2011-08-09,2011-06-30,15003000.0,82448000.0,44546000.0,0.15,82448000.0,1.0,8087345000.0,1227141000.0,6464859000.0,1155000.0,6860204000.0,0.0,533229000.0,1285888501.36,1523586501.36,12.005266213729136,5597.28051948052,0.11753474100585544,0.7746004737841862,0.014555889659233026,12.005266213729136,0.0122259789217376,15.596357720745196,21.42718958474972,1.0478734728609018,0.760114643737919,0.0,0.00886857607633845,0.010194693066760475,639.3878787878788,0.0018551205618160223,40.824449214553304,1.0,-0.06250000000000006,0.2701780643392693,0.6535579513311651,1.2756503413589872,-0.13143146095824026,-0.13041210224308816,-0.08709730305762768,0.10582887700352703,0.3425141374527879,1.0975735163281735,Banks—Regional,Financial Services,NWBI
2011Q1,2011,Q1,2011-05-10,2011-03-31,17253000.0,94924000.0,48796000.0,0.16,94924000.0,1.0,8122204000.0,1287116000.0,6523273000.0,1170000.0,6835088000.0,0.0,529630000.0,1336403625.48,1502045625.48,12.077514855740377,5575.447008547008,0.11507578484854604,0.7261730877403435,0.015313586202207494,12.077514855740377,0.013404386240245635,14.078669519615692,19.364800693792382,1.038293071859879,0.6208775285457602,0.0,0.008015542457206773,0.011686975604158675,680.208547008547,0.002124177132216822,33.10880055197701,1.0,0.3333333333333334,0.1383008324514352,0.6552841638966953,1.2788346403874564,0.14047481737793158,0.35445124823363167,0.11999632757987513,0.40098563796697406,0.5864840510528936,1.1249353847547663,Banks—Regional,Financial Services,NWBI
2010Q4,2010,Q4,2011-03-01,2010-12-31,12738000.0,83232000.0,43568000.0,0.12,83232000.0,1.0,8148155000.0,1307450000.0,6535625000.0,1716000.0,6840705000.0,0.0,523089000.0,1255143038.205,1531051038.205,12.268316762543359,3808.6392773892776,0.12203830192233701,0.7605545145129833,0.01355932654705054,12.268316762543359,0.009742628781215342,15.080053803885525,24.63383259155676,0.9599931455925657,0.790390956194065,0.0,0.008021396520988084,0.010214827773894826,433.9714452214452,0.0015632986854079236,33.033557169307294,1.0,-0.14285714285714296,0.35149627025863783,0.6290630102090669,1.2578426226509491,0.029207369852850253,-0.1777160932154154,-0.1093666952859888,-0.19002478598299313,0.471690285194112,1.1587427684866844,Banks—Regional,Financial Services,NWBI
2010Q3,2010,Q3,2010-11-09,2010-09-30,15491000.0,80870000.0,48918000.0,0.14,80870000.0,1.0,8142785000.0,1315222000.0,6556203000.0,1725000.0,6827563000.0,0.0,520419000.0,1211247527.8799999,1515298527.8799999,12.139700285486786,3800.697391304348,0.1202490302764963,0.7444842011462703,0.015319811749710328,12.139700285486786,0.011778239719226109,14.977711486088783,19.547600669420955,0.9209453064805789,0.7150603576270093,0.0,0.009145116704087436,0.009931491498301871,407.36289855072465,0.0019024203635488349,-51.94697121756658,1.0,-0.06666666666666654,0.16761248670680073,0.5535326334882724,1.3516005721251774,0.017360674298653917,-0.04027011957127811,-0.057383998766764296,0.608573375922736,0.36790073381074206,1.2078314853518628,Banks—Regional,Financial Services,NWBI
2010Q2,2010,Q2,2010-08-05,2010-06-30,16141000.0,79490000.0,51896000.0,0.15,79490000.0,1.0,8136133000.0,1310723000.0,6585735000.0,4333000.0,6825410000.0,0.0,516005000.0,1241371466.66,1435594466.66,12.110792952612362,1519.901915531964,0.12298852538423352,0.7634343793463607,0.015608119705372705,12.110792952612362,0.012314577527059493,15.616699794439553,19.226991305681185,0.9470891001836391,0.6857072052537018,0.0,0.008915945224501782,0.009769997614345783,192.38841449342257,0.0019838662912712956,65.18781004358557,1.0,0.25,0.211693560429855,0.5426079735956797,1.384202875726809,0.04608622414065379,0.22717250817304038,0.046501310748134704,0.3422536885619963,0.43308093302960976,1.2595524594226983,Banks—Regional,Financial Services,NWBI
2010Q1,2010,Q1,2010-05-10,2010-03-31,13153000.0,75988000.0,49590000.0,0.12,75988000.0,1.0,8084630000.0,1302080000.0,6596587000.0,4559000.0,6782550000.0,0.0,510932000.0,1271276813.8500001,1343563813.8500001,12.014219274357137,1446.9372669445054,0.12455721535803123,0.7733772118456623,0.015280486731894114,12.014219274357137,0.010101529859916442,16.72996807193241,24.16324819147723,0.9763430924751167,0.8411008895309054,0.0,0.00870227465763042,0.009399069592547835,210.99385830225927,0.0016269142805545832,68.16132185137526,1.0,12.043478260869565,-0.02476968388130421,0.43805037675399333,1.4247442471884029,0.07158167870036101,12.07455268389662,0.6847290640394089,0.18723690042867358,0.40311364713243886,1.182065429924139,Banks—Regional,Financial Services,NWBI
2009Q4,2009,Q4,2010-03-16,2009-12-31,1006000.0,70912000.0,29435000.0,0.0092,70912000.0,1.0,8025298000.0,1316515000.0,6657852000.0,4493000.0,6708783000.0,0.0,508842000.0,1229061210.1599998,1122323210.1599998,12.07191629460708,1481.8277320275986,0.12465829929306052,0.7599001910346634,-0.003761185872763729,12.07191629460708,0.0007641386539462141,17.3322034375,305.4327063021869,0.9335717482596095,3.9324055666003974,0.0,0.003218716828175714,0.008836058175035992,252.15624304473624,0.00012535360057657673,-184.6823756814425,1.0,-0.9163636363636364,-0.9201715764664375,0.4008260996373809,1.4382213308917162,-0.011238461752976938,-0.9165422266467562,-0.4065045568190983,-0.8956957270804262,0.356306361909615,1.2216973750022253,Banks—Regional,Financial Services,NWBI
2009Q3,2009,Q3,2009-09-30,2009-09-30,12054000.0,71718000.0,49596000.0,0.11,71718000.0,1.0,7132041000.0,652920000.0,306043000.0,4627000.0,6479121000.0,0.0,511792000.0,1107039642.4248881,1827242642.4248881,5.987015405882086,66.14285714285714,0.1401755822772191,1.5311799301598972,0.022594540639856834,5.987015405882086,0.018461679838265025,15.436008288363983,22.960005857493115,1.69552110890291,0.3280238924838228,0.0,0.0035716878135809635,0.010055747015475654,66.14285714285714,0.0016901192800209644,59.24433492587435,1.0,0.6491754122938532,-0.17102228792383456,0.3586589400946682,0.18407531404393906,-0.01319537130041141,0.6532711562199972,0.12187839305103149,-0.04348725529673214,0.3223401074625128,0.08781009440043423,Banks—Regional,Financial Services,NWBI
2009Q2,2009,Q2,2009-06-30,2009-06-30,7291000.0,72677000.0,44208000.0,0.0667,72677000.0,1.0,7092291000.0,632535000.0,5785878000.0,4955000.0,6459756000.0,0.0,503692000.0,913993647.822324,1505624647.822324,5.800968973255592,1167.6847628657922,0.1417471448929549,1.589338139391496,0.02039963316013441,5.800968973255592,0.011526634889768945,12.57610589075394,31.339790420460982,1.4449692867941286,0.5420381292003841,0.0,0.004323881253897127,0.0102473234671279,88.70494450050454,0.0010280176039026035,22.039344308609003,1.0,-0.3936363636363637,-0.4241881794137531,0.499219816284271,0.25641834601453495,0.07907826164422206,-0.40733214111526583,-0.1534278054385293,-0.4213549393503735,0.36639083352551566,0.09959885846641522,Banks—Regional,Financial Services,NWBI
2009Q1,2009,Q1,2009-03-31,2009-03-31,12302000.0,67351000.0,52220000.0,0.11,67351000.0,1.0,7041851000.0,624405000.0,5672475000.0,5059000.0,6417446000.0,0.0,498677000.0,818162787.897,1656536787.8969998,5.732325318791484,1121.2640838110299,0.15664219535460208,1.766563368326647,0.021379922674884824,5.732325318791484,0.019701956262361767,12.147745213834984,16.62662144157454,1.310307873730992,0.3211672898715656,0.0,0.004829112321467985,0.009564388681328247,57.63728009488041,0.0017469838541031327,174.37399571547314,1.0,0.09999999999999995,-0.09246231509469084,0.33059146335152056,0.23178253117737738,0.1938068312742613,0.0902162353775257,-0.009972320175937513,-0.20590452780302407,0.14906644817938394,0.08159846313277933,Banks—Regional,Financial Services,NWBI
2008Q4,2008,Q4,2008-12-31,2008-12-31,11284000.0,56417000.0,52746000.0,0.1,56417000.0,1.0,6930241000.0,613784000.0,5490191000.0,5194000.0,6316457000.0,0.0,490326000.0,1034193335.814,2137782335.8140001,5.639479221220725,1057.0256064690027,0.1697197831936869,1.9163076913050845,0.02204675952676068,5.639479221220725,0.01838431761010388,18.33123590077459,22.912826475850764,1.6849467171089503,0.34987593052109184,0.0,0.0038174680335689667,0.008140698137337504,19.22641509433962,0.0016282262045432476,136.5271730447525,1.0,0.12485939257592799,-0.06689820557347226,0.15466864081161358,0.24499733191443793,-0.2327453726999497,0.1487325664257355,-0.0006820506991019665,0.1723039566664582,0.08123746857258773,0.03788130039991159,Banks—Regional,Financial Services,NWBI
2008Q3,2008,Q3,2008-09-30,2008-09-30,9823000.0,73531000.0,52782000.0,0.0889,73531000.0,1.0,6894609000.0,622786000.0,5386330000.0,5728000.0,6271823000.0,0.0,482990000.0,1332164880.0,1267770880.0,5.7221900640407215,940.350907821229,0.0,0.0,0.06422226587014723,5.7221900640407215,0.015772673117250547,18.117051039697543,33.90422681461875,2.1390411473604094,0.40140486613051,0.0,0.00295984382954158,0.010664999276971326,15.996857541899441,0.0014247363411036072,110.56227736741639,1.0,-0.3161538461538461,-0.21895374723777924,0.6386939795880158,0.29339695489026213,0.12479158062196931,-0.3198310483312561,-0.17415862187661352,-0.2629822307094108,0.4061056310410224,0.10845450150811416,Banks—Regional,Financial Services,NWBI
2008Q2,2008,Q2,2008-06-30,2008-06-30,14442000.0,65373000.0,63913000.0,0.13,65373000.0,1.0,6916333000.0,622751000.0,5323396000.0,4530000.0,6293582000.0,0.0,477110000.0,1055193404.1795,1789237404.1795,5.723406650721111,1175.1426048565122,0.12038055426191885,1.3369581100632517,0.030953461596559786,5.723406650721111,0.023190649232197137,16.14111948632463,18.266053943004778,1.6944065993944608,0.2728846420163412,0.0,0.003734860343506841,0.009451974044627406,27.601986754966887,0.0020881007319919387,55.960617531793595,1.0,0.08333333333333341,0.48502166545882935,0.6217641644464965,0.7517098335189204,0.06600896860986546,0.14419267944858183,-0.016586912033973934,0.07837103464589465,0.26188564927820074,0.1267439422832966,Banks—Regional,Financial Services,NWBI
2008Q1,2008,Q1,2008-03-31,2008-03-31,12622000.0,61325000.0,64991000.0,0.12,61325000.0,1.0,6852531000.0,620825000.0,5281567000.0,3699000.0,6231706000.0,0.0,466609000.0,1326766419.1562822,1721867419.1562822,5.683709228238116,1427.8364422816978,0.08827789323390146,0.9743921394918053,0.0403056621280877,5.683709228238116,0.020331011154512142,21.635000720037215,26.27884683798689,2.1371021127633103,0.312074156235145,0.0,0.0029688722469361946,0.008949248095338787,63.77750743444174,0.001841947157918731,76.99880559203076,1.0,-0.2,0.23809523822000478,0.4651903076678751,0.790976345818241,0.0715533810938319,-0.20686188261907754,-0.1316471594249372,-0.0714285689633056,0.1515198048503539,0.1471025240297555,Banks—Regional,Financial Services,NWBI
2007Q4,2007,Q4,2007-12-31,2007-12-31,15914000.0,57230000.0,74844000.0,0.15,57230000.0,1.0,6663516000.0,612878000.0,5218237000.0,4356000.0,6050638000.0,0.0,458425000.0,1273500111.9825,1491870111.9825,5.683084127315298,1197.942378328742,0.06714698366447984,0.7300555738662508,0.04967790594736368,5.683084127315298,0.0259660160749774,22.25231717600035,20.005971345709757,2.077901494232947,0.25091114741736836,0.0,0.0031354531989667154,0.00858855895296117,58.803719008264466,0.00238822867687269,59.26564184579766,1.0,0.6872890888638918,0.5092085074350441,0.351273497550821,0.7735943266137487,-0.027494562262098968,0.6601293553098269,0.13100113335851907,0.2770225758345474,0.1432675726686013,0.14783905109269996,Banks—Regional,Financial Services,NWBI
2007Q3,2007,Q3,2007-09-30,2007-09-30,9586000.0,58848000.0,66175000.0,0.0889,58848000.0,1.0,6802493000.0,592969000.0,5111116000.0,5320000.0,6209524000.0,0.0,446504000.0,1366484288.0175,1735044288.0175,5.498472309154554,960.7360902255639,0.07051738237731373,0.8089697775094482,0.05051524408145974,5.498472309154554,0.0161661064912331,23.220573137872144,35.6374996875,2.3044784601176453,0.42082203213018987,0.0,0.002952101268469424,0.008650946057570365,26.62687969924812,0.0014091892487063198,461.6500973032094,1.0,-0.19181818181818175,-0.09090909403694387,0.4044923511300107,0.7939532452037289,0.03724332422666784,-0.22065040650406503,-0.059346126510305616,-0.3333333333333333,0.12738859659415105,0.08745424637250512,Banks—Regional,Financial Services,NWBI
2007Q2,2007,Q2,2007-06-30,2007-06-30,12300000.0,56735000.0,70350000.0,0.11,56735000.0,1.0,6898161000.0,593332000.0,5166450000.0,5633000.0,6304829000.0,0.0,440952000.0,1286088024.6,1536885024.6,5.359819331526649,917.175572519084,0.07087729613733283,0.824029379841303,0.04733240147224065,5.359819331526649,0.020730383663783516,22.668335676390235,26.1400005,2.1675689573459715,0.3069918699186992,0.0,0.002936035425082521,0.008224655817688222,47.47967335345287,0.0017830839262812218,95.6199274795539,1.0,0.09999999999999995,0.21200737165223132,0.3786538432202695,0.822553102082766,0.027361292191800668,0.08878463308843056,0.06270487469599238,-0.043169551579412484,0.15280480763036922,0.16087077357252627,Banks—Regional,Financial Services,NWBI
2007Q1,2007,Q1,2007-03-31,2007-03-31,11297000.0,55224000.0,66199000.0,0.1,55224000.0,1.0,6732139000.0,608479000.0,5027215000.0,4154000.0,6123660000.0,0.0,432428000.0,1330590125.1999998,1471393125.1999998,5.505893228313882,1210.210640346654,0.07518293962736064,0.8318150667484006,0.04373260608198903,5.505893228313882,0.018565965300363692,24.094417738664344,29.44565205806851,2.186747817426731,0.3446047623262813,0.0,0.0029257694960082817,0.008203039182643139,94.60832932113625,0.0016780699269578361,68.23539103589742,1.0,0.13122171945701355,0.21052631935218968,0.3954761184326138,0.9485695775742601,0.0353011754560282,0.1480691056910569,0.024895109225743523,-0.17857142317249355,0.07534118274004542,0.18312599512315914,Banks—Regional,Financial Services,NWBI
