Quarters,Year,Quarter,FillingDate,Date,NetIncome,Revenue,OperatingIncome,EPSDiluted,GrossProfit,GrossProfitRatio,TotalAssets,CommonStockEquity,CurrentAssets,CurrentLiability,TotalLiability,Inventory,RetainedEarnings,MarketCap,EnterpriseValue,bookValuePerShare,currentRatio,debtToAssets,debtToEquity,roic,shareholdersEquityPerShare,roe,priceToSalesRatio,peRatio,pbRatio,payoutRatio,inventoryTurnover,dividendYield,assetTurnover,quickRatio,returnOnAssets,priceToFreeCashFlowsRatio,grossProfitMargin,epsdilutedGrowth,fiveYNetIncomeGrowthPerShare,fiveYRevenueGrowthPerShare,fiveYShareholdersEquityGrowthPerShare,grossProfitGrowth,netIncomeGrowth,operatingIncomeGrowth,threeYNetIncomeGrowthPerShare,threeYRevenueGrowthPerShare,threeYShareholdersEquityGrowthPerShare,Industry,Sector,Symbol
2023Q1,2023,Q1,2023-05-10,2023-03-31,1555000.0,307142000.0,26315000.0,0.0331,261412000.0,0.8511112124,3527068000.0,1894615000.0,1106584000.0,441179000.0,1632453000.0,0.0,1530665000.0,3667354784.45,3945469784.45,40.32189669158967,2.5082426860752665,0.2834130218073482,0.5276095671152187,0.015056874636140532,40.32189669158967,0.0008207472230505934,11.940258201255444,589.6068785289389,1.9356728329766204,0.0,0.0,0.0,0.08708139451805295,2.3534166404112615,0.000440876104458434,42.99864913178567,0.8511112124033835,-0.9752985074626866,-0.9160450770860504,0.11513291067166827,0.8719844317994248,-0.24415286263239006,-0.9769530613152317,-0.13474501035741296,1.2460908697741233,-0.06350865112215633,0.5471672917412639,Advertising Agencies,Communication Services,ZD
2022Q4,2022,Q4,2023-03-01,2022-12-31,67471000.0,396700000.0,30413000.0,1.34,345853000.0,0.8718250567,3533270000.0,1892611000.0,1084272000.0,432448000.0,1640659000.0,0.0,1537830000.0,3711027677.7,4113436677.7,40.34072044237182,2.507288737605446,0.2986474285859841,0.5575377084884321,0.007390175343953719,40.34072044237182,0.03564969240905817,9.354745847491808,13.750454557143067,1.9607979017875303,0.0,0.0,0.0,0.11227559739278345,2.3493067374574514,0.019095908322885033,208.62534729592983,0.8718250567179229,2.435897435897436,0.3761547281392566,0.2754145732841711,0.8868159606536625,0.19560618107650293,2.7102557052515808,-0.49830916679038617,-0.4432441009995277,-0.007087228471322467,0.46530847931388286,Advertising Agencies,Communication Services,ZD
2022Q3,2022,Q3,2022-11-09,2022-09-30,18185000.0,341873000.0,60621000.0,0.39,289270000.0,0.8461329207,3433068000.0,1793645000.0,975304000.0,416455000.0,1639423000.0,0.0,1469519000.0,3209787506.5600004,3647874506.5600004,38.26695983736268,2.341919295001861,0.30876289080204644,0.5909775903258448,0.011260427904308009,38.26695983736268,0.010138572571495474,9.388830081814008,44.12685601539731,1.7895333282561487,0.0,0.0,0.0,0.09958235607334315,2.182975351478551,0.005297011303009436,43.467140276258064,0.8461329207044721,1.4534883720930232,-0.4291583740646785,0.26913351530975377,0.8580404996604999,-0.007145995222274088,1.4508491384653526,0.3210931200557892,-0.39840989835132873,0.01039284134813943,0.6823706072616644,Advertising Agencies,Communication Services,ZD
2022Q2,2022,Q2,2022-08-09,2022-06-30,-40335000.0,337356000.0,45887000.0,-0.86,291352000.0,0.8636336689,3543095000.0,1794196000.0,1025081000.0,484047000.0,1748899000.0,0.0,1451316000.0,3501323181.77,4023735181.77,38.19168381149001,2.117730303049084,0.3304178973468112,0.6524939304290055,0.020147861177584447,38.19168381149001,-0.022480821493303965,10.378719162457463,-21.701519658919054,1.9514719583423439,0.0,0.0,0.0,0.0952150591502627,1.991800383020657,-0.011384114735845356,66.56634502119812,0.863633668883909,-2.7916666666666665,-2.3010907968361107,0.24989116059645405,0.900358320944709,0.08322179590137117,-2.5928836584787933,0.5014396963549506,-2.2574225306081086,0.06296878747707692,0.7002219124879064,Advertising Agencies,Communication Services,ZD
2022Q1,2022,Q1,2022-05-10,2022-03-31,25322000.0,315068000.0,30562000.0,0.48,268968000.0,0.8536823797,3663171000.0,1865494000.0,1192929000.0,432191000.0,1797677000.0,0.0,1508802000.0,4553925896.58,5124018896.58,39.64546490657379,2.7601893607224586,0.32734562486981905,0.6427911320004246,0.008104720275211147,39.64546490657379,0.013573884450981885,14.453787425508144,44.96017195107022,2.4411367158404156,0.0,0.0,0.0,0.08600963482185243,2.6165283404790936,0.006912590212141339,52.94708573033055,0.8536823796767682,-0.933609958506224,-0.01076670779384183,0.24791547575224152,1.0224089384465882,-0.25885756799206416,-0.9278026304910003,-0.9197542371768783,-0.2112397229528834,0.06190657850057564,0.7844706076065247,Advertising Agencies,Communication Services,ZD
2021Q4,2021,Q4,2022-03-15,2021-12-31,350733000.0,408628000.0,380855000.0,7.23,362910000.0,0.8881182885,3763265000.0,1960706000.0,1300686000.0,497230000.0,1802559000.0,0.0,1530015000.0,5296729498.7,5773378498.7,41.037373574268535,2.615863885928041,0.3112964407236801,0.5974842735218845,0.116816114290499,41.037373574268535,0.17888097450612178,12.962228478469415,3.775471297753562,2.7014399398481976,0.0,0.0,0.0,0.10858337108866901,2.4853086096977255,0.09319912363333435,86.52524664630161,0.8881182885166949,7.215909090909092,7.0535516874955055,0.6079802708322489,1.1246324145768305,-0.04484800631662061,7.239164650332402,2.9614212458784492,5.9567621110033615,0.18546227373847163,0.900508497041903,Advertising Agencies,Communication Services,ZD
2021Q3,2021,Q3,2021-11-09,2021-09-30,42569000.0,444252000.0,96141000.0,0.88,379950000.0,0.8552578266389347,3830657000.0,1369259000.0,888273000.0,1028397000.0,2461398000.0,0.0,931477000.0,5552483212.614219,6800924212.614219,29.296436761524166,0.8637452267947106,0.46856400873270565,1.3108608378692417,0.024447205194364992,29.296436761524166,0.031089078107209813,12.498499078482975,32.60872473287027,4.055100760786834,0.0,0.0,0.0,0.11597279526723484,0.7923165859099162,0.011112715129545663,50.82550585480676,0.8552578266389347,1.6666666666666667,-0.05440275891519814,1.140190902416944,0.5431128970450847,0.03894647901188657,1.7084685372526565,0.01969581265113911,0.4232798652526928,0.5589476757779737,0.3461819831399486,Advertising Agencies,Communication Services,ZD
2021Q2,2021,Q2,2021-08-09,2021-06-30,15717000.0,429044000.0,94284000.0,0.33,365707000.0,0.8523764462386142,3703366000.0,1294500000.0,661978000.0,845019000.0,2408866000.0,0.0,892605000.0,5336166506.082968,6692740506.082968,29.01585938060543,0.7833883025115411,0.46023833453134255,1.3166713016608729,0.027541119567201695,29.01585938060543,0.012141367323290846,12.43734093958421,84.87889715090296,4.122183473219751,0.0,0.0,0.0,0.11585244342579157,0.7063296801610378,0.004243976965819744,66.86171366741806,0.8523764462386142,-0.8023952095808383,-0.49867699587378556,1.1820008633564294,0.5182823061073951,0.07446167767941873,-0.7982982982982983,0.20137614678899082,-0.40683035000239337,0.6018091350052358,0.3500259868966496,Advertising Agencies,Communication Services,ZD
2021Q1,2021,Q1,2021-05-10,2021-03-31,77922000.0,398185000.0,78480000.0,1.67,340363000.0,0.8547860918919598,3703657000.0,1274911000.0,675503000.0,867534000.0,2428746000.0,0.0,882071000.0,4627549655.198261,5952704655.198261,28.714762077984872,0.778647292209873,0.4582297982777563,1.3311721367217006,0.023002593288733574,28.714762077984872,0.06111956050265469,11.621607180577524,14.846736657164412,3.6297040775381664,0.0,0.0,0.0,0.10751130571756509,0.708968178768786,0.02103920530437889,30.355137557303596,0.8547860918919598,0.3149606299212598,1.8114485389373933,1.1455149478011084,0.5168349716883701,-0.1682497867858548,0.34144745902768214,-0.39108980028862717,3.452267375557108,0.5299516057710024,0.3331115841091891,Advertising Agencies,Communication Services,ZD
2020Q4,2020,Q4,2021-03-01,2020-12-31,58088000.0,469240000.0,128886000.0,1.27,409213000.0,0.8720761230926605,3665331000.0,1211018000.0,622843000.0,882557000.0,2454313000.0,0.0,809107000.0,3780536773.208706,5248293773.208706,27.211305929581243,0.705725522544153,0.46664516792617095,1.4123728961914688,0.03172913403721109,27.211305929581243,0.047966256488342865,8.05672315490731,16.27073050031291,3.1217841297228497,0.0,0.0,0.0,0.1280211800789615,0.6446427822792182,0.015847954795897016,36.85883290313456,0.8720761230926605,-0.030534351145038195,0.7609231802053124,1.4631720325263908,0.46264033965249485,0.3588164195062991,-0.04590772465220176,0.664376662620419,0.24897297122932885,0.5903792373712786,0.27272705532139624,Advertising Agencies,Communication Services,ZD
2020Q3,2020,Q3,2020-11-09,2020-09-30,60883000.0,356976000.0,77438000.0,1.31,301154000.0,0.8436253417596701,3342993000.0,1176337000.0,807324000.0,768913000.0,2166656000.0,0.0,782142000.0,2785624310.058045,3801981310.058045,25.418092648550875,1.0499549363842202,0.4739127482468554,1.3467968787855862,0.01930217801870387,25.418092648550875,0.0517564269422793,7.803393813752311,11.438432362309861,2.368049555576374,0.0,0.0,0.0,0.1067833525227244,0.989357703667385,0.01821212308850183,30.687468989556976,0.8436253417596701,0.6375,0.6788428370952743,1.0587671757129233,0.3903604505428376,0.09837261381126405,0.5979370620193696,0.06021358159912377,0.9356289315928157,0.342162994997826,0.2341676936409915,Advertising Agencies,Communication Services,ZD
2020Q2,2020,Q2,2020-08-10,2020-06-30,38101000.0,330984000.0,73040000.0,0.8,274182000.0,0.8283844536291785,3419445000.0,1263168000.0,853145000.0,772181000.0,2156277000.0,0.0,850232000.0,2575172350.465792,3538689350.465792,26.961420457184385,1.104851064711512,0.4621618420533157,1.2510901162790697,0.018085104844090923,26.961420457184385,0.030163050362263768,7.780352979194741,16.897012876734156,2.0386618014910067,0.0,0.0,0.0,0.09679465527300483,1.0427645849871987,0.011142451479699191,22.212208137885817,0.8283844536291785,7.153846153846154,-0.006593360534007223,0.9077411741597354,0.5092753325661673,0.00336673229354978,6.949562773266709,0.3220627364381776,0.23238002380673953,0.22962728165995963,0.3415580198871654,Advertising Agencies,Communication Services,ZD
2020Q1,2020,Q1,2020-05-11,2020-03-31,-6404000.0,332393000.0,55247000.0,-0.13,273262000.0,0.8221051586525588,3368893000.0,1241081000.0,782095000.0,368681000.0,2127812000.0,0.0,832648000.0,3099491412.50704,4148785412.50704,26.06175615709228,2.1213325340877343,0.4677643368311193,1.2697382362633864,-0.006113931190023039,26.06175615709228,-0.0051600177587119616,9.324779440322269,-120.99825938893818,2.4974126688806293,0.0,0.0,0.0,0.09866534793476671,1.9836579590486083,-0.0019009211631239105,41.25394522316776,0.8221051586525588,-1.0530612244897959,-1.291508081556947,1.052726594671093,0.5165314094783519,-0.19925569946668228,-1.0520553067312617,-0.49887069708376797,-1.2472042507852097,0.30087819824296175,0.32947182553985277,Advertising Agencies,Communication Services,ZD
2019Q4,2019,Q4,2020-03-02,2019-12-31,123023000.0,405588000.0,110245000.0,2.45,341260000.0,0.8413957020424667,3505846000.0,1311192000.0,886890000.0,833104000.0,2194654000.0,0.0,891526000.0,3880965549.836682,4884808549.836681,27.530530950903245,1.0645609671781675,0.45052121513608984,1.2045970384200027,0.052261926854504856,27.530530950903245,0.09382531315017176,9.568738596399996,7.8866666189181736,2.9598758609240154,0.00021134259447420402,0.0,6.699363770723017e-06,0.11568905194352519,1.0053282663388965,0.035090816881289136,47.255659525328845,0.8413957020424667,2.9516129032258065,2.7180887360290886,1.4021055556777902,0.5824346194302273,0.20832079313091972,3.0013986013986016,0.8572583769942216,1.8338597325606791,0.6011016588491142,0.4253411793749842,Advertising Agencies,Communication Services,ZD
2019Q3,2019,Q3,2019-11-08,2019-09-30,30745000.0,344141000.0,59359000.0,0.62,282425000.0,0.820666529126143,2893300000.0,1084368000.0,344911000.0,410053000.0,1808932000.0,0.0,768192000.0,3764940113.291065,4918275113.291065,22.745856158084255,0.8411376090407825,0.43048422216845816,1.1486137547400883,0.020323570701683245,22.745856158084255,0.028352920779661516,10.940109179932252,30.614247140112745,3.472013295570383,0.0,0.0,0.0,0.11894411225935783,0.7219895964667982,0.010626274496249958,48.04793528792293,0.820666529126143,-0.060606060606060656,0.05049497059908614,1.2099739576191748,0.326023141365552,0.07727546668904435,-0.05658350977323637,0.04848624015261243,-0.3304490298545581,0.6253838353021067,0.1980782604241221,Advertising Agencies,Communication Services,ZD
2019Q2,2019,Q2,2019-08-09,2019-06-30,32589000.0,322432000.0,56614000.0,0.66,262166000.0,0.8130892715363239,2809932000.0,1072098000.0,365335000.0,387713000.0,1737834000.0,0.0,752040000.0,3723597151.015182,4758704151.0151825,22.462764143302184,0.9422820488350919,0.4237052711595868,1.1105169490102584,0.017438664041315,22.462764143302184,0.030397407699669247,11.548472704369237,28.564831315897866,3.473187293526508,0.6758108564239468,0.0,0.00591471072374075,0.11474726078780555,0.8501597831385587,0.01159778955504973,48.297562175119424,0.8130892715363239,0.0,-0.08932206217559298,1.1817600218471558,0.32314249348039037,0.053383156541305044,0.004314462695306481,0.11309032283433605,-0.028339959553433505,0.5328037367252098,0.1753853951965124,Advertising Agencies,Communication Services,ZD
2019Q1,2019,Q1,2019-05-10,2019-03-31,32449000.0,299893000.0,50862000.0,0.66,248880000.0,0.8298959962386585,2642913000.0,1056654000.0,435561000.0,348523000.0,1586259000.0,0.0,742173000.0,3599314776.1774893,4462236776.177489,22.21693354745107,1.2497338769607744,0.41224739520370135,1.0311170922553645,0.02312050623752649,22.21693354745107,0.03070920093048434,12.00199663272397,27.73055237586281,3.4063324192947637,0.6620543005947795,0.0,0.005968636069895275,0.11347062880995326,1.1573210376359666,0.012277740508295203,34.5016417873095,0.8298959962386585,-0.3592233009708738,0.0997146174709903,1.1797309482271643,0.4142500256781197,-0.14208006287552094,-0.35890546280746816,-0.4132481196068479,0.09294252900553723,0.50847785263436,0.17359223374123403,Advertising Agencies,Communication Services,ZD
2018Q4,2018,Q4,2019-03-01,2018-12-31,50615000.0,346059000.0,86684000.0,1.03,290097000.0,0.8382876908272867,2560830000.0,1035744000.0,460331000.0,307322000.0,1525086000.0,0.0,769575000.0,2893870916.205118,3697525916.205118,21.59283877874908,1.4978784467106163,0.3956252465021106,0.9781654540118021,0.029834731267320235,21.59283877874908,0.04886825315908178,8.36236282311721,14.293543989949216,2.7940021049652404,0.41539069445816457,0.0,0.007265355162272118,0.13513548341748574,1.4027274324649717,0.019765076166711575,30.37483118025357,0.8382876908272867,0.6885245901639345,1.332074184462891,1.3973191883796359,0.40202449705118626,0.19132920203525977,0.6474628128763467,0.519252677147414,0.42361238365706294,0.6854209832552586,0.16064098971001287,Advertising Agencies,Communication Services,ZD
2018Q3,2018,Q3,2018-11-09,2018-09-30,30723000.0,292724000.0,57057000.0,0.61,243507000.0,0.8318655115398805,2517163000.0,1044822000.0,514146000.0,294451000.0,1472341000.0,0.0,740433000.0,3408706663.0,4115748663.0,21.76261243163475,1.7461173505948357,0.4014702266003433,0.9672135540790681,0.02140086551978167,21.76261243163475,0.029405008700046514,11.644780281083888,27.73741710607688,3.2624759652840387,0.6756176154672395,0.0,0.006089406350305244,0.11629123739702196,1.631110099812872,0.012205407436864438,47.705577974332776,0.8318655115398805,0.0701754385964913,0.05241529212780276,1.1818772072676735,0.47136146477739477,0.014020987757141667,0.07879490150637311,0.04916977732011842,-0.18335155956384966,0.6273616066822894,0.19040700825999615,Advertising Agencies,Communication Services,ZD
2018Q2,2018,Q2,2018-08-09,2018-06-30,28479000.0,287889000.0,54383000.0,0.57,240140000.0,0.8341409362636294,2480659000.0,1030609000.0,573489000.0,263922000.0,1450050000.0,0.0,730725000.0,3611360228.993692,4261689228.993692,21.49281544372725,2.1729488257894376,0.40622028259426224,0.9777655735589346,0.021802234560419322,21.49281544372725,0.027633176112376274,12.544280014150218,31.701957837298465,3.504103136100783,0.7027283261350469,0.0,0.005541679237459132,0.11605343580072876,2.0349989769704684,0.011480417098843492,41.51847771945565,0.8341409362636294,0.49999999999999983,-0.25137358326675285,0.9293928159305025,0.5128137180495308,0.032957957312089746,0.5091410100153675,0.17819229602669093,-0.27450713735699495,0.621269634588236,0.20314789156336246,Advertising Agencies,Communication Services,ZD
2018Q1,2018,Q1,2018-05-10,2018-03-31,18871000.0,280623000.0,46158000.0,0.38,232478000.0,0.8284353028796642,2452218000.0,1031168000.0,537768000.0,241944000.0,1421050000.0,0.0,723562000.0,3285336951.841581,3958765951.841581,21.539653859637436,2.2226961610951292,0.40974986726302476,0.9744251179245284,0.016526211367134388,21.539653859637436,0.01830060669066534,11.707297519595974,43.52362026179827,3.1860346246601723,1.0536802501192306,0.0,0.006052347229971073,0.11443640002642505,2.090475481929703,0.007695482212429727,36.27400852204462,0.8284353028796642,-0.6274509803921569,-0.22338284647883425,1.3299388218539687,0.5929742300746217,-0.14026315984112778,-0.6216037376431193,-0.3943791329904482,-0.14552387344738427,0.723884820476759,0.25339065527794014,Advertising Agencies,Communication Services,ZD
2017Q4,2017,Q4,2018-03-01,2017-12-31,49871000.0,316380000.0,76216000.0,1.02,270406000.0,0.8546874012263733,2453093000.0,1020305000.0,620427000.0,265102000.0,1432788000.0,0.0,723062000.0,3113529636.3508997,3764528636.3508997,21.380315453975864,2.340333154785705,0.40844109864566897,0.9820044006449052,0.022771683290744114,21.380315453975864,0.048878521618535634,9.841107643817244,15.607916606599527,3.051567557103905,0.3834492991919151,0.0,0.006141903959010464,0.12897187346749595,2.2072258979562585,0.020329844812243154,41.853579550629775,0.8546874012263733,0.5454545454545454,0.5594851637770208,1.9285430935634114,0.6203878616946482,0.16934852645462606,0.5412262809815193,0.21060406309068094,0.504240616598695,0.8700439329706923,0.2289247675261594,Advertising Agencies,Communication Services,ZD
2017Q3,2017,Q3,2017-11-09,2017-09-30,32358000.0,273616000.0,62957000.0,0.66,231245000.0,0.8451442898076136,2304686000.0,980540000.0,630214000.0,225850000.0,1324146000.0,0.0,692387000.0,3058620311.900663,3655274311.900663,20.59533139581984,2.790409563869825,0.4335506008193741,1.0190282905337875,0.024782788575710216,20.59533139581984,0.03300018357231729,11.17851409238006,23.631098274774885,3.119322324332167,0.5760244761728166,0.0,0.006093924089720539,0.11872159591371666,2.6124684525127297,0.014040090493889407,54.37450555369083,0.8451442898076136,0.04761904761904766,-0.03361830782660405,1.7736522903125007,0.6308064269195984,0.0053474773384344495,0.03129780724120347,0.0750853825136612,0.10708005063338968,0.7594223455671983,0.20065324625044798,Advertising Agencies,Communication Services,ZD
2017Q2,2017,Q2,2017-08-09,2017-06-30,31376000.0,273174000.0,58560000.0,0.63,230015000.0,0.8420091223908571,2527661000.0,955559000.0,805460000.0,483670000.0,1572102000.0,0.0,679029000.0,3518073167.1676364,4430359167.167637,20.09709610580393,1.6653089916678727,0.4917704549779421,1.3008396132525568,0.020552060733402832,20.09709610580393,0.03283523047765758,12.878506619105904,28.031562079038405,3.6816912060559694,0.5778939316675166,0.0,0.005153957617828023,0.108073827938161,1.0592676825108027,0.0124130569724342,69.59177827562432,0.8420091223908571,0.2115384615384615,-0.039953542271335254,1.9138580725572651,0.677769005000865,0.07554510214674154,0.21518202943454687,0.22063574778530484,-0.11988697488851693,0.8554758030948278,0.18379562210189088,Advertising Agencies,Communication Services,ZD
2017Q1,2017,Q1,2017-05-10,2017-03-31,25820000.0,254669000.0,47975000.0,0.52,213859000.0,0.8397527771342409,2102552000.0,930426000.0,383713000.0,477114000.0,1172126000.0,0.0,668550000.0,3463164996.899358,4104151996.899358,19.603090232099877,0.8042375616728916,0.39399548738865914,0.8903405536818618,0.01998429284783497,19.603090232099877,0.027750729235855403,13.598690837515983,33.53180670894034,3.7221283550753714,0.6806738962044926,0.0,0.005074837616958839,0.12112375817577876,0.7535641377113227,0.012280314589127879,83.67356053297634,0.8397527771342409,-0.4157303370786517,-0.11553165185561466,1.873176470627603,0.6836907352369916,0.010642370053920712,-0.40173316650447194,-0.29615175833687885,-0.1231479842184568,0.8548296565425983,0.2478621680577724,Advertising Agencies,Communication Services,ZD
2016Q4,2016,Q4,2017-03-01,2016-12-31,43158000.0,251837000.0,68161000.0,0.89,211607000.0,0.840253814967618,2062328000.0,914536000.0,347999000.0,454089000.0,1147792000.0,0.0,660382000.0,3367910154.8567038,4024587154.8567038,19.31504635470888,0.7663673861291509,0.3785173842376188,0.8535771145149016,0.029815796709377222,19.31504635470888,0.04719114392435071,13.373373074078486,19.50918806974781,3.682643608186779,0.3954539135270402,0.0,0.005067534231989083,0.12211297136052073,0.7132544501188093,0.020926836080390705,41.97243497534557,0.840253814967618,-0.05319148936170206,0.4183561392365925,1.901014846333976,0.616643370992441,0.2222857604953675,-0.0529087757027804,0.09721193779981327,1.014475843212195,0.7673919932254394,0.254127279347467,Advertising Agencies,Communication Services,ZD
2016Q3,2016,Q3,2016-11-09,2016-09-30,45569000.0,210116000.0,62122000.0,0.94,173124000.0,0.8239448685488017,1769145000.0,898194000.0,466619000.0,180487000.0,870951000.0,0.0,634386000.0,2740278061.919118,3054178061.919118,18.98528410826199,2.585333015674259,0.3388433395792883,0.6674092679309815,0.03077847099470753,18.98528410826199,0.050734028506091114,13.041739143706895,15.033674548043175,3.0508754922868757,0.36353661480392374,0.0,0.00604537190229455,0.11876697500770146,2.4381368187182457,0.025757639989938644,52.66929464748055,0.8239448685488017,0.3623188405797102,0.7374214058603382,1.374466970998384,0.6401257694732515,-0.017507618793591702,0.3493929523245484,0.0538977012469251,0.5840586563589617,0.5893126156463874,0.2835874149990094,Advertising Agencies,Communication Services,ZD
2016Q2,2016,Q2,2016-08-09,2016-06-30,33770000.0,211800000.0,58945000.0,0.69,176209000.0,0.8319593956562795,1793151000.0,918393000.0,493506000.0,185246000.0,874758000.0,0.0,657035000.0,2639725064.455605,2922892064.455605,19.110977756828976,2.6640575235092796,0.3328894220285966,0.6499624888255899,0.026885470970840895,19.110977756828976,0.03677075064814301,12.463291144738456,19.541938587915347,2.874287003990236,0.4851939591353272,0.0,0.006207085813832322,0.11811609842115918,2.5427485613724454,0.018832769800200877,43.15814963795051,0.8319593956562795,0.13114754098360648,0.11887748943785567,1.3354813020301304,0.7208093634932163,0.06013332210283129,0.1278095047256454,0.1051220518204657,-0.11421884506057044,0.41636930098048214,0.3451634287544307,Advertising Agencies,Communication Services,ZD
2016Q1,2016,Q1,2016-05-10,2016-03-31,29943000.0,200502000.0,53338000.0,0.61,166214000.0,0.8289892370150921,1771834000.0,908044000.0,430611000.0,167715000.0,863790000.0,0.0,640001000.0,2568513421.28835,2920501421.28835,18.930709413973247,2.5675163223325286,0.3356651921116764,0.6549715652545471,0.024721847423841706,18.930709413973247,0.032975274325913725,12.810412969887333,21.445024056443497,2.8286222047481733,0.5282369836021775,0.0,0.006158036733974429,0.11316071370117065,2.4500193781116777,0.016899438660732326,42.88933192994055,0.8289892370150921,-0.15277777777777776,-0.09005417099199797,1.5685479477448205,0.8211090854493678,-0.023505566489439828,-0.15575041587955,0.005371986504061976,0.22986679927891437,0.6614629720930418,0.4000286378788645,Advertising Agencies,Communication Services,ZD
2015Q4,2015,Q4,2016-02-29,2015-12-31,35467000.0,204823000.0,53053000.0,0.72,170215000.0,0.8310346006063772,1792868000.0,890208000.0,482805000.0,196654000.0,902660000.0,0.0,626789000.0,3425209897.532028,3771227897.532028,18.604235909455575,2.455098802973751,0.3355227490255836,0.6757387037636148,0.029718541740648537,18.604235909455575,0.039841250584133146,16.72277965624968,24.14363984501105,3.847651220312587,0.43138692305523446,0.0,0.004466879536645078,0.11424321255106344,2.28759648926541,0.019782270641229584,45.717621194752184,0.8310346006063772,-0.06493506493506498,0.2440446771323083,1.7176791233478887,0.9430987564489242,0.1498527345438824,-0.05105016722408027,-0.04808641200007177,0.10609868760064055,0.8908521492805647,0.40999220094199174,Advertising Agencies,Communication Services,ZD
2015Q3,2015,Q3,2015-11-09,2015-09-30,37375000.0,178701000.0,55733000.0,0.77,148032000.0,0.8283781288297212,1764999000.0,871966000.0,499679000.0,165429000.0,893033000.0,0.0,606808000.0,2938502164.763904,3265740164.763904,18.28165684562367,3.020504264669435,0.3397203057905415,0.6876483716108197,0.031880249388399465,18.28165684562367,0.04286290979235429,16.44368058804318,19.655532874674943,3.3699733301113857,0.39909030100334447,0.0,0.005076055474404742,0.10124708285953703,2.7513555664363563,0.021175649391302773,64.44225015381706,0.8283781288297212,-0.03750000000000003,0.7666617095588139,1.6687138587722257,1.040259805468501,0.010153946937438586,-0.03959810874704492,0.11319058842328127,0.11419384888276694,0.8082148913994059,0.4476020271581043,Advertising Agencies,Communication Services,ZD
2015Q2,2015,Q2,2015-08-10,2015-06-30,38916000.0,176038000.0,50066000.0,0.8,146544000.0,0.8324566286824435,1726809000.0,849203000.0,632091000.0,164335000.0,877606000.0,0.0,584831000.0,2808438610.4164143,2990236610.4164143,17.863818400412626,3.8463565278242613,0.3461459837191027,0.7038693928306895,0.034428974328284255,17.863818400412626,0.04582649849329312,15.953593033415594,18.04167058803843,3.3071463600769357,0.3725973892486381,0.0,0.005163011199967106,0.1019441061518674,3.6537377917059666,0.022536366210738998,59.304810592457436,0.8324566286824435,0.7777777777777778,0.9467737005003805,1.687380054560598,1.123048635158923,0.1012798064133106,0.778854504730996,0.23528250678509746,0.1909947341073013,0.8781160827435797,0.4913279344134136,Advertising Agencies,Communication Services,ZD
2015Q1,2015,Q1,2015-05-11,2015-03-31,21877000.0,161253000.0,40530000.0,0.45,133067000.0,0.8252063527500264,1698236000.0,814959000.0,587105000.0,157871000.0,883277000.0,0.0,561049000.0,2708437436.75582,2912193436.75582,17.18510806581768,3.7188907399078994,0.3508187319076972,0.7310465925279677,0.02026693607325018,17.18510806581768,0.02684429523448419,16.796198748276435,30.950740923753486,3.3234033083330816,0.6449696027791745,0.0,0.005209645904503901,0.09495323382615843,3.549404260440486,0.0128821906966994,63.82856354148469,0.8252063527500264,-0.3181818181818182,0.1575041913072594,1.4961429617949156,1.1404424867180667,-0.03676545104454707,-0.33208157782255604,-0.23967283232656736,-0.24995446377169447,0.8208234063158274,0.47601255168860584,Advertising Agencies,Communication Services,ZD
2014Q4,2014,Q4,2015-03-02,2014-12-31,32754000.0,167144000.0,53306000.0,0.66,138146000.0,0.8265088785717705,1705202000.0,820235000.0,646183000.0,159367000.0,884967000.0,0.0,553584000.0,2541811490.685132,2701897490.685132,17.397578776945558,4.05468509791864,0.3481986298397492,0.7238766938743165,0.028865213911854638,17.397578776945558,0.039932458380829886,15.207315193396903,19.400771590379282,3.0988820163552298,0.41894119802161567,0.0,0.005398512065228451,0.0980200586206209,3.9002302860692617,0.0192082814821939,62.75148103207258,0.8265088785717705,0.10000000000000009,0.736448257749569,1.5753451735971364,1.2900536779338663,0.10539792276793573,0.13891303591919052,0.14690821463918413,0.08104529901713498,0.933645118896797,0.4561539167215595,Advertising Agencies,Communication Services,ZD
2014Q3,2014,Q3,2014-11-10,2014-09-30,28759000.0,153018000.0,46478000.0,0.6,124974000.0,0.8167274438301376,1640004000.0,803561000.0,729699000.0,130498000.0,836443000.0,0.0,535567000.0,2010689290.2790258,2087156290.2790258,17.153438313799217,5.591648914159604,0.3606479008587784,0.7360536412294773,0.026538960087716026,17.153438313799217,0.03578944224520603,13.140214159634983,17.47878307902766,2.5022235900933794,0.46055147953684067,0.0,0.006587293255121468,0.09330343096724154,5.344380756793208,0.0175359328391882,55.41531502257264,0.8167274438301376,-0.17808219178082194,0.4011329157063098,1.332245630062424,1.4001410152946778,0.048562750658634406,-0.17946303746183914,0.03657611847093983,0.10737530440705848,0.74636457538953,0.48187385835794094,Advertising Agencies,Communication Services,ZD
2014Q2,2014,Q2,2014-08-11,2014-06-30,35049000.0,144744000.0,44838000.0,0.73,119186000.0,0.8234261869231194,1639817000.0,793592000.0,761471000.0,130220000.0,846225000.0,0.0,520351000.0,2067374748.8172562,2065096748.8172562,16.97682921830754,5.847573337428966,0.3595541453710993,0.7429548180929243,0.028879725350260767,16.97682921830754,0.044165011744070004,14.282973724764108,14.746317646846245,2.6050851682190044,0.3675996462095923,0.0,0.0062320583181017025,0.08826838604551605,5.562878206112733,0.021373726458501163,41.48605841143933,0.8234261869231194,0.21666666666666667,1.946233591955656,1.1693545830763317,1.5588991228695666,0.0763076145065742,0.21845993394750565,0.07822532163039557,0.19380134456662632,0.6408012022205938,0.5286442720519497,Advertising Agencies,Communication Services,ZD
2014Q1,2014,Q1,2014-05-09,2014-03-31,28765000.0,134124000.0,41585000.0,0.6,110736000.0,0.8256240493871343,1178284000.0,728366000.0,369487000.0,114582000.0,449918000.0,0.0,498318000.0,2017892351.53492,2055620351.53492,15.709339327604578,3.2246513413974274,0.20860505616642508,0.33746220993291837,0.03322652639032355,15.709339327604578,0.03949250788751809,15.04497592925144,17.537739888188078,2.7704373234540327,0.4317051972883713,0.0,0.006153945719926133,0.11382994252658951,2.9937861095110927,0.024412620386935577,60.33825767828604,0.8256240493871343,0.3636363636363636,0.4511198541442749,1.0897704724710584,1.537449646267044,-0.044201040938398196,0.3859978799267611,-0.17687694226163378,-0.09565765534595108,0.7775577741619062,0.5112175645563046,Advertising Agencies,Communication Services,ZD
2013Q4,2013,Q4,2014-03-03,2013-12-31,20754000.0,138035000.0,50521000.0,0.44,115857000.0,0.8393306045568153,1153789000.0,706418000.0,389025000.0,114892000.0,447371000.0,0.0,484850000.0,1994649744.0567021,2032518744.0567021,15.401185089250799,3.386005988232427,0.2129245468625546,0.34776860159282463,0.035188746477235355,15.401185089250799,0.029379206079120295,14.450318716678394,24.02729285989089,2.82361115381644,0.5717933892261733,0.0,0.005949415447679046,0.11963625931604478,3.1841642586080843,0.01798769099029372,50.47573813945143,0.8393306045568153,-0.25423728813559315,-0.026428235855579574,1.1652453535181313,1.6878494094442993,0.09312462849217357,-0.2536143278429116,0.2852599979647909,-0.24057415497865,0.9106481283125397,0.608559671056046,Advertising Agencies,Communication Services,ZD
2013Q3,2013,Q3,2013-11-12,2013-09-30,27806000.0,127788000.0,39308000.0,0.59,105987000.0,0.8293971264907503,1138090000.0,676371000.0,397011000.0,116474000.0,463255000.0,0.0,475979000.0,1969137933.367941,2015504933.367941,14.790799509573441,3.4085804557240245,0.21575446581553304,0.36303744542566135,0.03391502309919065,14.790799509573441,0.04111057393057952,15.409411942967578,17.70425387837104,2.9113281518100877,0.41375962022585056,0.0,0.005842658254174339,0.1122828598792714,3.1895787901162493,0.024432162658489222,102.51121523077417,0.8293971264907503,-0.23376623376623382,0.4091428602137366,0.9739836074635793,1.766748922735679,-0.10696651556259584,-0.22846836847946725,-0.2527990571596936,0.3708861327665557,0.9904706179251382,0.650674989961307,Advertising Agencies,Communication Services,ZD
2013Q2,2013,Q2,2013-08-09,2013-06-30,36040000.0,141361000.0,52607000.0,0.77,118682000.0,0.8395667829174949,1103879000.0,645407000.0,407016000.0,113592000.0,459478000.0,0.0,460880000.0,1686769986.6082802,1717270986.6082802,14.207179104270626,3.583139657722375,0.22233143306467465,0.3802670253034132,0.044444081608476745,14.207179104270626,0.05584073305681531,11.93235748621105,11.700679707327138,2.6134981284806025,0.3073806881243063,0.0,0.006567581880132571,0.12805841944633425,3.39938552010705,0.032648505859790795,26.360311719331136,0.8395667829174949,0.5714285714285715,1.0932562232689573,1.2638052264563606,1.777689364337179,0.2709301578462659,0.5722886310095106,0.5947797617243157,0.8866157983807795,1.258206645677753,0.6884706019001746,Advertising Agencies,Communication Services,ZD
2013Q1,2013,Q1,2013-05-10,2013-03-31,22922000.0,113617000.0,32987000.0,0.49,93382000.0,0.8219016520415079,1039826000.0,610640000.0,368465000.0,99791000.0,429772000.0,0.0,435976000.0,1508348766.32028,1560532766.32028,13.521658701678072,3.6923670471284984,0.23591447030560883,0.4017260579064588,0.03104097520470684,13.521658701678072,0.03753766540023582,13.275731328236796,16.450885244746097,2.470111303419822,0.466102434342553,0.0,0.007083242442703983,0.10926539632592376,3.50869316872263,0.022044072758326875,39.92241719126251,0.8219016520415079,-0.2461538461538462,0.42833044015282445,1.027311312502296,1.8101340117517264,0.12003742173819176,-0.2410687680031785,-0.21920564287066843,0.2735486119154968,0.8468566304046297,0.6841519218340569,Advertising Agencies,Communication Services,ZD
2012Q4,2012,Q4,2013-03-01,2012-12-31,30203000.0,102033000.0,42248000.0,0.65,83374000.0,0.8171277919888663,995170000.0,594695000.0,377499000.0,78927000.0,400575000.0,0.0,424790000.0,1199285965.589984,1225799965.589984,13.194566535209487,4.782887985100156,0.24638403488851152,0.41230210444009113,0.04044717623918658,13.194566535209487,0.05078737840405586,11.753902811737222,9.926877839866767,2.016640404896601,0.34178723967817765,0.0,0.008607621781783831,0.10252821126038768,4.5740874478948905,0.03034958851251545,28.146966898,0.8171277919888663,-0.05797101449275352,0.8788063203773396,0.8825627125642737,1.2064143207566373,0.0835813524297207,-0.04571879936808847,-0.0006859521725761052,0.6749348173359198,0.6445066585414749,0.7368086680395294,Advertising Agencies,Communication Services,ZD
2012Q3,2012,Q3,2012-11-06,2012-09-30,31650000.0,93246000.0,42277000.0,0.69,76943000.0,0.825161401025245,925208000.0,568334000.0,470759000.0,66326000.0,356874000.0,0.0,404862000.0,1283160025.95273,1240727025.95273,12.628924595742488,7.0976540120013265,0.2648928673336158,0.43122706014421097,0.041613944640387764,12.628924595742488,0.05568908423567832,13.761019517756578,10.13554522869455,2.257756928061193,0.3171879936808847,0.0,0.007823653945692526,0.10078382374557937,6.882278442842927,0.03420852392110747,35.34583990173622,0.825161401025245,0.029850746268656577,0.9135754592225601,0.8292747008346318,1.1274467012285274,0.05001501132672835,0.014813389765294343,0.056212056861618405,0.60512798599865,0.4794230304985191,0.767062634720948,Advertising Agencies,Communication Services,ZD
2012Q2,2012,Q2,2012-08-07,2012-06-30,31188000.0,89465000.0,40027000.0,0.67,73278000.0,0.819068909629464,649281000.0,543510000.0,213225000.0,63822000.0,105771000.0,0.0,462658000.0,1042416720.28809,899543720.28809,11.978464285548993,3.340932593776441,0.0,0.0,0.056245765591103766,11.978464285548993,0.0573825688579787,11.651670712436037,8.35591189149745,1.9179347579402217,0.31826343465435425,0.0,0.009522103595246224,0.1377908794497298,3.2098492682773965,0.04803467219894006,24.377744212906386,0.819068909629464,0.11666666666666678,0.9765103800522053,0.7937787266717342,1.1602801533615774,0.035175453466689266,0.09282035109849679,0.06426482318532305,1.7009302918901252,0.38139361526912396,0.8055009778010529,Advertising Agencies,Communication Services,ZD
2012Q1,2012,Q1,2012-05-07,2012-03-31,28539000.0,86652000.0,37610000.0,0.6,70788000.0,0.8169228638692702,637934000.0,540237000.0,195956000.0,59279000.0,97697000.0,0.0,457458000.0,1157186676.556771,1021504676.556771,11.64292813510113,3.305656303243982,0.0,0.0,0.05385640151555235,11.64292813510113,0.052826814897905916,13.354413938013792,10.136888788646859,2.141998190714022,0.34952170713760117,0.0,0.008620043941121744,0.13583223342853648,3.1151335211457685,0.04473660284606244,31.374526924511862,0.8169228638692702,-0.06250000000000006,0.8266836951036207,0.6840396566629131,1.2766542841057291,0.005354277030577608,-0.04292565143029612,-0.022989998701130016,0.43862397327904173,0.3490881215728684,0.8806229378476261,Advertising Agencies,Communication Services,ZD
2011Q4,2011,Q4,2012-02-28,2011-12-31,29819000.0,85072000.0,38495000.0,0.64,70411000.0,0.8276636261049464,651171000.0,554375000.0,212897000.0,57798000.0,96796000.0,0.0,472595000.0,1135398560.677724,996039560.6777239,11.947623515043746,3.6834665559361914,0.0,0.0,0.05255433714560138,11.947623515043746,0.053788500563697855,13.346325003264575,9.51908649416248,2.048069557028589,0.3256648445621919,0.0,0.008552943729471936,0.13064463865866263,3.407436243468632,0.04579288696824644,29.839646798363308,0.8276636261049464,0.18518518518518512,1.1155467960465661,0.830384192463952,1.2898381365965799,-0.00864484336501232,0.1694642717075849,0.05627812534299199,0.38275341872741486,0.3191374411656392,1.0851260875753383,Advertising Agencies,Communication Services,ZD
2011Q3,2011,Q3,2011-11-08,2011-09-30,25498000.0,86027000.0,36444000.0,0.54,71025000.0,0.8256128889767166,636905000.0,532396000.0,200223000.0,53498000.0,104509000.0,0.0,452489000.0,1075843917.219712,941653917.219712,11.575505038469927,3.742625892556731,0.0,0.0,0.04751482665777209,11.575505038469927,0.047892921810081215,12.505886724164647,10.548316703464115,2.020758828427922,0.0,0.0,0.0,0.13507037941294228,3.3817712811693896,0.040034228024587656,42.46305325306726,0.8256128889767166,-0.11475409836065566,1.133402496532674,1.0060626098745802,1.3674003494462605,0.00718965370543691,-0.10577260293189311,-0.03953194180898166,0.2847573641252969,0.32125529170949574,1.1652998591846726,Advertising Agencies,Communication Services,ZD
2011Q2,2011,Q2,2011-08-08,2011-06-30,28514000.0,85676000.0,37944000.0,0.61,70518000.0,0.8230776413464681,607539000.0,504203000.0,178442000.0,55889000.0,103336000.0,0.0,440168000.0,1114469872.93038,984762872.9303801,11.105807628820655,3.1927928572706614,0.0,0.0,0.05611046631988754,11.105807628820655,0.056552618687314433,13.00795873909123,9.771251603864593,2.210359464204656,0.0,0.0,0.0,0.14102139944925346,3.008302170373419,0.046933612492366744,27.987691434715725,0.8230776413464681,-0.07575757575757582,1.3482531368842674,1.1038593248655417,1.3267520840057716,0.2244408945686901,-0.0782608695652174,0.6449473273507609,0.6571670558524619,0.3729008334876369,1.1713306706802122,Advertising Agencies,Communication Services,ZD
2011Q1,2011,Q1,2011-05-09,2011-03-31,30935000.0,73384000.0,23067000.0,0.66,57592000.0,0.7848032268614412,570119000.0,468750000.0,158362000.0,55646000.0,101369000.0,0.0,411661000.0,1157128869.8404899,1050212869.8404899,10.395154010942733,2.845882902634511,0.0,0.0,0.06694366649076516,10.395154010942733,0.06599466666666666,15.768135694981057,9.351291981901488,2.468541588993045,0.0,0.0,0.0,0.12871698715531318,2.541943715630953,0.05426060173402395,31.80148600671934,0.7848032268614412,0.13793103448275876,1.744420871954114,0.907479715574078,1.3414759216399836,-0.012432052403244336,0.15141251349238843,-0.12399361993012305,0.9305063342709704,0.31136453247262624,1.160369262975281,Advertising Agencies,Communication Services,ZD
2010Q4,2010,Q4,2011-02-28,2010-12-31,26867000.0,71025000.0,26332000.0,0.58,58317000.0,0.821077085533263,532623000.0,431745000.0,115502000.0,57892000.0,100878000.0,0.0,381145000.0,1135170410.9028242,1070418410.9028242,9.574518972702869,1.9951288606370483,0.0,0.0,0.05235846091221431,9.574518972702869,0.06222886194397156,15.9826879394977,10.562869048487215,2.6292612790022445,0.0,0.0,0.0,0.13334947983845985,1.661887652870863,0.05044280851559171,55.905954735425965,0.821077085533263,0.34883720930232553,1.6317112225990018,0.9817600035441656,1.312822779168364,0.12048956692156938,0.354593122920238,-0.033297845001652046,0.6704747373024983,0.3098116406113843,0.6010647806697603,Advertising Agencies,Communication Services,ZD
2010Q3,2010,Q3,2010-11-05,2010-09-30,19834000.0,62778000.0,27239000.0,0.43,52046000.0,0.8290483927490522,474004000.0,400679000.0,251158000.0,33888000.0,73325000.0,0.0,354286000.0,925045495.921896,712345495.921896,8.960455328592667,7.411414069877242,0.0,0.0,0.0486244853598305,8.960455328592667,0.049500972099860485,14.735185828186562,11.659845415976303,2.3086947304997167,0.0,0.0,0.0,0.1324419203213475,7.143177525967895,0.041843528746592855,37.37255558831189,0.8290483927490522,0.04878048780487809,0.18855176910647567,0.8155552851476251,1.2816476327917448,0.021892364178987257,0.060074826296098345,0.05198316147221257,0.20684905010548824,0.23944414034374314,0.5094627405366413,Advertising Agencies,Communication Services,ZD
2010Q2,2010,Q2,2010-08-05,2010-06-30,18710000.0,61311000.0,25893000.0,0.41,50931000.0,0.830699221999315,443142000.0,374380000.0,242926000.0,31299000.0,68762000.0,0.0,334620000.0,844992926.9935039,633001926.9935039,8.4142294738695,7.761462027540816,0.0,0.0,0.047998054112175656,8.4142294738695,0.04997596025428709,13.78207706599964,11.29065909932528,2.25704612157034,0.0,0.0,0.0,0.13835519991334605,7.492316048436052,0.04222122931250028,91.21253529722624,0.830699221999315,0.05128205128205118,0.7081359650451982,0.882115771111348,1.4249477318233505,0.018334866237453513,0.06089816284871853,0.058628725622470255,0.2091870020360064,0.25360931727102604,0.5174810814571146,Advertising Agencies,Communication Services,ZD
2010Q1,2010,Q1,2010-05-05,2010-03-31,17636000.0,60280000.0,24459000.0,0.39,50014000.0,0.8296947577969476,438669000.0,355277000.0,243963000.0,47821000.0,83392000.0,0.0,319306000.0,898862780.095924,714853780.095924,8.028764226301426,5.101587168817047,0.0,0.0,0.04925350626615931,8.028764226301426,0.04964013994713984,14.911459523820902,12.741874292582276,2.53003369229059,0.0,0.0,0.0,0.13741568243937913,4.894042366324419,0.04020343356836248,28.16868630823955,0.8296947577969476,0.0,0.8516731125693583,1.0009994132969957,1.5051884712401677,-0.008347377813026668,-0.0038409399005874378,0.029202608878602987,0.18366392269054502,0.22843077137335605,0.5699418788626915,Advertising Agencies,Communication Services,ZD
2009Q4,2009,Q4,2010-02-23,2009-12-31,17704000.0,60915000.0,23765000.0,0.39,50435000.0,0.8279569892473119,414001000.0,336172000.0,256453000.0,28915000.0,77829000.0,0.0,301670000.0,783041820.4346919,585630820.4346919,7.597017897258204,8.869202835898323,0.0,0.0,0.04851151180407489,7.597017897258204,0.052663517485096914,12.854663390539143,11.057413867412617,2.32928923418575,0.0,0.0,0.0,0.1471373257552518,8.32509078333045,0.042763181731445096,39.19716776466396,0.8279569892473119,-0.09302325581395345,0.974721980402949,1.1866321280838803,1.5692577052578813,-0.0021367944126783134,-0.08430743767456295,-0.10882363970450369,0.31705733730347296,0.3743064408411741,0.45601686257058943,Advertising Agencies,Communication Services,ZD
2009Q3,2009,Q3,2009-11-04,2009-09-30,19334000.0,61801000.0,26667000.0,0.43,50543000.0,0.8178346628695329,393058000.0,315362000.0,246903000.0,30067000.0,77696000.0,0.0,283967000.0,882904480.026448,694554480.026448,7.146846041332784,8.211760401769382,0.0,0.0,0.06126137755407117,7.146846041332784,0.06130732301291849,14.286249090248507,11.416474604665977,2.7996539850281517,0.0,0.0,0.0,0.1572312483144981,7.747696810456647,0.049188669356685276,35.55940553491675,0.8178346628695329,0.72,1.5169485611837776,1.3550153015430821,1.5955480113334677,-0.0063109468386284995,0.7360150848522942,-0.032542446669569,0.6861192914233449,0.5021216602321024,0.461659405741687,Advertising Agencies,Communication Services,ZD
2009Q2,2009,Q2,2009-08-05,2009-06-30,11137000.0,62464000.0,27564000.0,0.25,50864000.0,0.8142930327868853,365509000.0,290338000.0,217957000.0,32294000.0,75171000.0,0.0,264632000.0,858502841.2955359,665926841.2955359,6.6344269168647845,6.749148448628228,0.0,0.0,0.05658355577488496,6.6344269168647845,0.03835874050244887,13.743961982830685,19.271411540260754,2.9569082975550423,0.0,0.0,0.0,0.1708959286912224,6.394438595404719,0.030469837952006654,46.92297995712374,0.8142930327868853,-0.40476190476190477,0.5775590321677523,1.565250628309428,1.6032746306028551,0.03806200126533195,-0.4029058546000429,0.04152654449272624,-0.04849779737443513,0.5912635658884003,0.38996344713728576,Advertising Agencies,Communication Services,ZD
2009Q1,2009,Q1,2009-05-05,2009-03-31,18652000.0,60391000.0,26465000.0,0.42,48999000.0,0.8113626202579854,346664000.0,270095000.0,188950000.0,35343000.0,76569000.0,0.0,253495000.0,830431785.783522,662219785.783522,6.190995494517613,5.34617887559064,0.0,0.0,0.0686886294410777,6.190995494517613,0.06905718358355394,13.750919603641636,11.13059974511476,3.0745914799737943,0.0,0.0,0.0,0.174206147739598,5.159494100670571,0.05380426003276948,27.673679878149894,0.8113626202579854,-0.06666666666666672,2.089547407675331,1.7901176258340543,1.6046954561872502,-0.008358293531935563,-0.08009469323337937,0.009729111026325829,0.7103315063689668,0.6225013426788198,0.39450236775087194,Advertising Agencies,Communication Services,ZD
2008Q4,2008,Q4,2009-02-25,2008-12-31,20276000.0,60636000.0,26210000.0,0.45,49412000.0,0.814895441651824,322040000.0,249980000.0,174518000.0,32395000.0,72060000.0,0.0,234843000.0,760249091.1741061,609469091.1741061,5.729928557431692,5.387189381077326,0.0,0.0,0.07907993573905434,5.729928557431692,0.08111048883910713,12.537916273733527,9.373755809505155,3.0412396638695336,0.0,0.0,0.0,0.18828716929573966,5.089581725574934,0.062961122841883,34.578781550718915,0.814895441651824,0.0714285714285715,0.219298624305667,2.139130802110181,1.5748406315051795,-0.009422236478088288,0.08069502185268095,0.041691506696872146,1.0528425255130394,0.7487376363071389,0.38412272495546984,Advertising Agencies,Communication Services,ZD
2008Q3,2008,Q3,2008-11-07,2008-09-30,18762000.0,61552000.0,25161000.0,0.42,49882000.0,0.8104042110735639,302423000.0,232440000.0,164291000.0,33528000.0,69983000.0,0.0,214567000.0,882831893.6921641,742110893.6921641,5.3459131719652895,4.900113338105464,0.0,0.0,0.07573596539040639,5.3459131719652895,0.0807176045431079,14.342862842672279,11.763563235424849,3.7981065810194634,0.0,0.0,0.0,0.20352949345783886,4.645341207349081,0.06203893222407026,62.68777204375233,0.8104042110735639,0.13513513513513511,1.7397313300295725,2.423519260595845,2.1026544978458075,0.018998202320640627,0.1214584578601315,0.045586768617021274,0.1562838547796953,0.8307190782341489,0.3612578475786624,Advertising Agencies,Communication Services,ZD
2008Q2,2008,Q2,2008-08-06,2008-06-30,16730000.0,60677000.0,24064000.0,0.37,48952000.0,0.806763683108921,300720000.0,225779000.0,159985000.0,40601000.0,74941000.0,0.0,0.0,882854960.0,744070960.0,5.114747274002969,3.940420186694909,0.0,0.0,0.07240502441498219,5.114747274002969,0.07409900832229747,14.55007597607001,13.192692169754931,3.910261627520717,0.0,0.0,0.0,0.20177241287576483,3.7923696460678307,0.05563314711359404,39.37098465929361,0.806763683108921,0.0571428571428572,1.8830915281477336,2.6499877281049007,2.3106272898529223,0.04115532679669056,-0.0038108848398237466,0.06955864705098004,0.5395135395341454,0.877461140467283,0.47404998157713985,Advertising Agencies,Communication Services,ZD
2008Q1,2008,Q1,2008-05-08,2008-03-31,16794000.0,58648000.0,22499000.0,0.35,47017000.0,0.8016812167507843,301970000.0,227399000.0,189622000.0,41868000.0,74571000.0,0.0,0.0,917237807.2310101,766022807.2310101,4.811748708471453,4.529043661029903,0.0,0.0,0.06973638798363203,4.811748708471453,0.07385256751348951,15.639711622408438,13.654248648788407,4.033605280722475,0.0,0.0,0.0,0.19421796867238467,4.374414827553263,0.05561479617180515,35.4173220801224,0.8016812167507843,0.0,2.147804689467138,2.637991350907302,2.3907731310687588,0.039440231689253424,-0.0036782154722354056,0.06277751535191309,0.651015518496993,0.8228868013970327,0.5013938697413296,Advertising Agencies,Communication Services,ZD
2007Q4,2007,Q4,2008-02-25,2007-12-31,16856000.0,56830000.0,21170000.0,0.35,45233000.0,0.7959352454689425,350409000.0,282614000.0,230667000.0,36873000.0,67795000.0,0.0,162281000.0,869978689.2310101,715758689.2310101,5.980094677179545,6.255715564233992,0.0,0.0,0.05376623637142156,5.980094677179545,0.05964318823554389,15.308440774784621,12.903101109857174,3.0783283532698666,0.0,0.0,0.0,0.16218190742817679,6.071705584031676,0.048103787288568504,45.304311265479875,0.7959352454689425,0.0,1.975494869471265,2.8226380650195457,3.703481524815705,0.014693346493786173,-0.06811145510835913,-0.004841818267287172,0.7604425552875266,0.9101255275138068,1.0224257116809303,Advertising Agencies,Communication Services,ZD
2007Q3,2007,Q3,2007-11-09,2007-09-30,18088000.0,55746000.0,21273000.0,0.35,44578000.0,0.7996627560721845,355655000.0,292151000.0,253996000.0,34862000.0,63504000.0,0.0,0.0,1424246566.94775,1292150566.94775,5.936188478164796,7.285755263610809,0.0,0.0,0.05517486757175489,5.936188478164796,0.061913188727746954,25.548856724208914,19.68496471345298,4.875035741612215,0.0,0.0,0.0,0.15674178628164936,7.051144512649877,0.05085827557604982,95.07653984964954,0.7996627560721845,0.06060606060606049,3.0672160415981256,2.923981878274877,0.0,0.01897229587638292,0.059140414568450636,-0.03959367945823928,1.1112439310423021,0.9046149125058135,1.1558687720839684,Advertising Agencies,Communication Services,ZD
2007Q2,2007,Q2,2007-08-07,2007-06-30,17078000.0,53980000.0,22150000.0,0.33,43748000.0,0.8104483141904409,332521000.0,272299000.0,242384000.0,32164000.0,60222000.0,0.0,0.0,1490330416.686234,1382186416.686234,5.544866144749558,7.535878622061933,9.021986581298625e-06,1.101730083474416e-05,0.056590534256512365,5.544866144749558,0.06271782121858692,27.608936952320008,21.81652442742467,5.473139514600619,0.0,0.0,0.0,0.16233561188616658,7.324524312896406,0.05135916227847264,76.2863644904911,0.8104483141904409,0.03125000000000003,3.509883950725922,3.1833927385404097,0.0,0.0138351370767769,0.038870977553379156,0.014519305638254019,1.1557574502159753,0.9755061127783369,1.175743217250874,Advertising Agencies,Communication Services,ZD
2007Q1,2007,Q1,2007-05-09,2007-03-31,16439000.0,54141000.0,21833000.0,0.32,43151000.0,0.797011506991005,305471000.0,249682000.0,224486000.0,29422000.0,55789000.0,0.0,0.0,1176840145.929045,1072975145.929045,5.114051885868336,7.629868805655632,5.892539717354511e-05,7.209170064321818e-05,0.06101433053393591,5.114051885868336,0.06583974815965908,21.736579411703605,17.89707625051775,4.713355972513217,0.0,0.0,0.0,0.17723777379849479,7.437223846101556,0.05381525578532823,48.7607269910522,0.797011506991005,0.10344827586206906,8.529281884934209,3.5841069444502636,0.0,0.07533393141945774,0.10842154945721799,0.30533301446849215,1.4332055840744322,1.235169778758519,1.1516002913623502,Advertising Agencies,Communication Services,ZD
