Quarters,Year,Quarter,FillingDate,Date,NetIncome,Revenue,OperatingIncome,EPSDiluted,GrossProfit,GrossProfitRatio,TotalAssets,CommonStockEquity,CurrentAssets,CurrentLiability,TotalLiability,Inventory,RetainedEarnings,MarketCap,EnterpriseValue,bookValuePerShare,currentRatio,debtToAssets,debtToEquity,roic,shareholdersEquityPerShare,roe,priceToSalesRatio,peRatio,pbRatio,payoutRatio,inventoryTurnover,dividendYield,assetTurnover,quickRatio,returnOnAssets,priceToFreeCashFlowsRatio,grossProfitMargin,epsdilutedGrowth,fiveYNetIncomeGrowthPerShare,fiveYRevenueGrowthPerShare,fiveYShareholdersEquityGrowthPerShare,grossProfitGrowth,netIncomeGrowth,operatingIncomeGrowth,threeYNetIncomeGrowthPerShare,threeYRevenueGrowthPerShare,threeYShareholdersEquityGrowthPerShare,Industry,Sector,Symbol
2023Q1,2023,Q1,2023-05-12,2023-03-31,-1780383.0,311508.0,-687217.0,-0.13,229494.0,0.7367194422,9502327.0,8958194.0,9492328.0,544133.0,544133.0,0.0,-152895577.0,18595451.360000003,17152393.360000003,0.6551679550089716,17.444867339418856,0.0,0.0,-0.096634300695164,0.6551679550089716,-0.1987435190619895,59.694939969439,-2.6111588573919207,2.075803600591816,0.0,0.0,0.0,0.03278228585482272,17.273128077142903,-0.18736284280681983,-16.51414112565185,0.7367194421973111,0.13333333333333328,0.6810914630258398,0.0,0.9540839312175904,0.44858798429550706,0.05432127356583881,0.24605676156915493,0.19102317728193674,0.0,11.687646785909932,Capital Markets,Financial Services,BTCS
2022Q4,2022,Q4,2023-03-31,2022-12-31,-1882651.0,270894.0,-911497.0,-0.15,158426.0,0.5848265373,9917575.0,9331163.0,4197799.0,586412.0,586412.0,0.0,-151482208.0,8021735.82,5874952.82,0.7328379819419184,7.158446621146907,0.0,0.0,-0.13163454500974334,0.7328379819419184,-0.2017595234377537,29.61208376708233,-1.0652181179623839,0.8596715993494058,-0.33505997659683073,0.0,0.07863647147631944,0.02731454009674744,6.9474567369017,-0.18982977189484324,-12.343372827682565,0.5848265373171794,-0.7921146953405018,-1.0405622489420938,0.0,-0.014448300979773912,-0.39530445469917136,-0.7365722766596656,0.06644974226144204,0.5799124315397128,0.0,10.174177600275026,Capital Markets,Financial Services,BTCS
2022Q3,2022,Q3,2022-11-10,2022-09-30,-1084119.0,344196.0,-976377.0,-0.0837,261993.0,0.7611738661,11331664.0,10301962.0,5719212.0,1029702.0,1029702.0,0.0,-150085134.0,19428967.5,16539969.5,0.7953558520286783,5.554239964572274,0.0,0.0,-0.09973159679050493,0.7953558520286783,-0.1052342262570955,56.44739479831259,-4.4803585907082155,1.8859482785900394,0.0,0.0,0.0,0.030374709310124266,5.353135178915841,-0.09567165069490235,-24.80057326450585,0.7611738660530628,0.9272173913043479,0.9967766792999827,10.919094034236062,1.069882539083007,-0.37687329497751215,0.9252899726442462,-0.04055644011330865,0.6184986827657099,0.0,2.0619830836175717,Capital Markets,Financial Services,BTCS
2022Q2,2022,Q2,2022-08-11,2022-06-30,-14511024.0,514349.0,-938322.0,-1.15,420449.0,0.8174391318,11457687.0,10390713.0,5948264.0,1066974.0,1066974.0,0.0,-149054886.0,18840631.31,15649213.309999999,0.8217432906180042,5.57489123446307,0.0,0.0,-0.16963853215805985,0.8217432906180042,-1.3965378506749249,36.630053348990664,-0.32459169163389157,1.8132183335253318,-0.01589184884540195,0.0,0.012239876477897068,0.04489117218859269,5.33011019949877,-1.2664880791384858,11.058071305736036,0.8174391317957262,-0.4743589743589742,-1.427808719108043,24.061565477414813,1.0330595021118893,-0.01104796940345199,-0.514296096104996,0.48656835654291264,-3.9541369494030367,0.0,10.871469989154196,Capital Markets,Financial Services,BTCS
2022Q1,2022,Q1,2022-05-13,2022-03-31,-9582686.0,563015.0,-1827550.0,-0.78,425146.0,0.7551237534,20475520.0,17531184.0,11779738.0,2944336.0,2944336.0,0.0,-141330213.0,51185262.04,48940200.04,1.4316689257687738,4.000813086549905,0.0,0.0,-0.17509778245758434,1.4316689257687738,-0.5466080328630399,90.91278569842721,-1.335357905914897,2.9196694324810006,-0.04176219485851879,0.0,0.007818539635242238,0.02749698176163536,3.8937706158536254,-0.46800696636764294,-48.388366091542736,0.7551237533635872,-5.333333333333333,0.9985376471872675,-0.04937575632189137,1.0154760099166198,0.3519273453449252,-8.976345693481207,0.17002432409356874,-2.859848721419196,0.0,7.527803252505272,Capital Markets,Financial Services,BTCS
2021Q4,2021,Q4,2022-03-11,2021-12-31,1201388.0,436885.0,-2201932.0,0.18,314474.0,0.7198095609,14101993.0,12103443.0,5466532.0,1998550.0,1998550.0,0.0,-135589470.0,20468545.3,19067678.3,1.856742160372286,2.735249055565285,0.0,0.0,0.37489633824631025,1.856742160372286,0.09926002047516562,46.85110566853978,4.25935361848129,1.6911341095256944,0.0,0.0,0.0,0.030980372774259638,2.5728558204698406,0.08519278090692571,-21.25096326550953,0.7198095608684207,1.6,1.0003349110885553,4.534797902695821,1.002698663977968,0.24946957717155505,1.3126711686143095,0.5647879234208647,2.1513096468524164,0.0,10.462354590597721,Capital Markets,Financial Services,BTCS
2021Q3,2021,Q3,2021-11-09,2021-09-30,-3842337.0,323376.0,-5059446.0,-0.3,251686.0,0.7783076048,13133672.0,8476364.0,4291296.0,4657308.0,4657308.0,0.0,-135006472.0,35135496.55,35325250.55,1.3003260646959607,0.9214112530242793,0.06461901896133845,0.1001237087034016,-0.2802584392537684,1.3003260646959607,-0.45330014142856534,108.65214657241106,-2.286075931783183,4.145114172775024,0.0,0.0,0.0,0.024621903150923823,0.8199816288723013,-0.2925561868759933,-57.161188776489645,0.7783076047696799,0.76,-1.0086727447622705,-0.8490208102991822,1.0025554674598292,-0.21654163424124515,0.45954488443334623,-1.6050224772151422,-2.2553401114145153,0.0,18.354353322123607,Capital Markets,Financial Services,BTCS
2021Q2,2021,Q2,2021-08-06,2021-06-30,-7109447.0,380499.0,-1942189.0,-1.25,321250.0,0.8442860559,14431379.0,13004151.0,6163661.0,1427228.0,1427228.0,0.0,-131164135.0,35937418.89122663,34288288.89122663,2.2945698340267486,4.318623933947484,0.08777484119847452,0.09740828140183853,-0.19982312264556626,2.2945698340267486,-0.546705971039555,94.44812966979316,-1.2637206132638246,2.7635344199884044,0.0,0.0,0.0,0.026366087398854952,3.8994813722824944,-0.49263809092672295,-47.930170690111495,0.8442860559423284,-0.19047619047619044,0.9995613531150893,-0.9953361633562783,1.0007058528105688,4.584237240995689,-0.41354355613586263,0.7547272294223921,-5.49449835111881,0.0,15.252370288287407,Capital Markets,Financial Services,BTCS
2021Q1,2021,Q1,2021-05-13,2021-03-31,-5029521.0,72524.0,-7918486.0,-1.05,57528.0,0.7932270697,16123301.0,15359208.0,8387893.0,764093.0,764093.0,0.0,-126322062.0,48571151.05671945,45897939.05671945,3.2145536374675547,10.977581263013795,0.043045589733764815,0.045187030477092306,-0.3657943166522749,3.2145536374675547,-0.32745965807611954,669.7252089890168,-2.414303024916262,3.162347372124881,0.0,0.0,0.0,0.00449808634100424,10.384382529351793,-0.3119411465431303,-19.11303419673227,0.7932270696596989,-5.5625,0.995111400413166,-0.9992781210209243,1.0063042849621207,0.0,-5.587945661955117,-12.752719807702995,-1.5780955132459726,0.0,8.587629494068262,Capital Markets,Financial Services,BTCS
2020Q4,2020,Q4,2021-01-26,2020-12-31,-763443.0,0.0,-575776.0,-0.16,0.0,0.0,1551892.0,1043287.0,1551662.0,508605.0,508605.0,0.0,-119539887.0,8959726.894213095,8567532.894213095,0.21835123404622248,3.050819398157706,0.08501944722957526,0.12646663861430268,-0.49201902296621813,0.21835123404622248,-0.7317670017933704,0.0,-2.9339868510855083,8.587979045280058,0.0,0.0,0.0,0.0,2.9881479733781617,-0.4919433826580716,-6.844115099382556,0.0,0.5294117647058824,0.9992281681700509,-1.0,1.0007412415186283,0.0,0.2621072735461896,0.34567488755094017,-1.0438337357235974,0.0,-0.7063519700122842,Capital Markets,Financial Services,BTCS
2020Q3,2020,Q3,2020-11-04,2020-09-30,-1034626.0,0.0,-879954.0,-0.34,0.0,0.0,1299630.0,-113475.0,1299181.0,1413105.0,1413105.0,0.0,-118779690.0,5021128.60488033,5033247.60488033,-0.036802372476009135,0.9193803715930522,0.2899455999015104,-3.320749063670412,-3.438815945828109,-0.036802372476009135,9.117655871337298,0.0,-1.2132714151974553,-44.24876496920317,0.0,0.0,0.0,0.0,0.8942767876413996,-0.7960927340858552,-9.15652794826873,0.0,-0.8888888888888891,0.9991695201633444,-1.0,0.999717541278052,0.0,-1.4616252123473121,-2.4199400701901665,0.9870775744961815,-1.0,0.9967664244547366,Capital Markets,Financial Services,BTCS
2020Q2,2020,Q2,2020-08-05,2020-06-30,-420302.0,0.0,-257301.0,-0.18,0.0,0.0,862709.0,62568.0,862042.0,800141.0,800141.0,0.0,-117774366.0,5091488.567748083,5303577.567748083,0.023043801564317908,1.0773626148391346,0.3429626907798574,4.728886970975578,-0.8206553874258158,0.023043801564317908,-6.7175233346119425,0.0,-3.028470342603701,81.37528077848233,0.0,0.0,0.0,0.0,1.0149373672890154,-0.487188611687139,-6.075907023733362,0.0,0.05263157894736847,0.9988449461900915,-1.0,1.0001748210707844,0.0,-0.13511995268330493,0.05825750865609147,-1.057706410959886,-1.0,1.0009270737165479,Capital Markets,Financial Services,BTCS
2020Q1,2020,Q1,2020-05-11,2020-03-31,-370271.0,0.0,-273218.0,-0.19,0.0,0.0,466317.0,-141020.0,465312.0,607337.0,607337.0,0.0,-117354064.0,1407650.6029782672,1305544.6029782672,-0.06130142286070988,0.7661512471659062,0.37841211021686966,-1.2513118706566444,-9.258894140575569,-0.06130142286070988,2.6256630265210608,0.0,-0.9504191544694747,-9.981921734351634,0.0,0.0,0.0,0.0,0.7525377179391343,-0.7940328145875016,-5.0718288804915534,0.0,0.45714285714285713,0.9995781877639351,-1.0,0.9996592124451654,0.0,0.5426935151998695,0.5588839789531127,0.9996992240549991,-1.0,0.9993373457990046,Capital Markets,Financial Services,BTCS
2019Q4,2019,Q4,2020-03-23,2019-12-31,-809678.0,0.0,-619379.0,-0.35,0.0,0.0,421353.0,-183760.0,420009.0,605113.0,605113.0,0.0,-116983793.0,1543874.8549239144,1560630.8549239144,-0.07988050960774393,0.694100110227346,0.37938260793206646,-0.8699063996517197,28.78325007471551,-0.07988050960774393,4.406171092729648,0.0,-0.4766940854648127,-8.401582797801014,0.0,0.0,0.0,0.0,0.6544248760148931,-1.921614418314335,-6.327096655562946,0.0,-0.3999999999999999,0.9996671081766255,-1.0,-1.0912771561229857,0.0,-1.3296935378524344,-1.3751653737158371,0.9993604039820383,1.0,0.9998838984440485,Capital Markets,Financial Services,BTCS
2019Q3,2019,Q3,2019-11-14,2019-09-30,-347547.0,0.0,-260773.0,-0.25,0.0,0.0,543165.0,411481.0,541479.0,131684.0,131684.0,0.0,-116254970.0,2282637.6404483616,2039305.6404483616,0.2597518765809141,4.1119574132013,0.09798311746890907,0.1293401153394689,-0.6277186729877672,0.2597518765809141,-0.8446246606769207,0.0,-1.6419632743545203,5.547370693782609,0.0,0.0,0.0,0.0,3.8368746392879927,-0.6398552925906492,-4.802125725952134,0.0,-0.08695652173913039,0.9992861996100398,-1.0,-0.997415808607013,0.0,-0.11489035453530597,0.12997944830715438,-1.0032280547653116,-1.0,1.0005104777072875,Capital Markets,Financial Services,BTCS
2019Q2,2019,Q2,2019-08-01,2019-06-30,-311732.0,0.0,-299732.0,-0.23,0.0,0.0,612775.0,93152.0,610746.0,519623.0,519623.0,0.0,-115907423.0,4236861.083990453,3876429.083990453,0.06922001162187588,1.1753636771274558,0.3263840724572641,2.1470285125386463,-1.0425112222108743,0.06922001162187588,-3.3464874613534867,0.0,-3.397839397295155,45.4833077549645,0.0,0.0,0.0,0.0,1.0785357845976795,-0.5087217983762392,-21.009923058566166,0.0,-0.15,0.9993104687083394,-1.0,-0.9995548763916611,0.0,-0.17857534433022432,-0.1870621269787207,0.9999190007826504,-1.0,1.000021293376661,Capital Markets,Financial Services,BTCS
2019Q1,2019,Q1,2019-05-08,2019-03-31,-264499.0,0.0,-252499.0,-0.2,0.0,0.0,82787.0,-286122.0,80419.0,368909.0,368909.0,0.0,-115601691.0,6952844.161815858,7075758.161815858,-0.21931863911788715,0.21799142878053937,2.4158382354717527,-0.6990025233991095,2.99992724821679,-0.21931863911788715,0.9244273421827053,0.0,-6.5717111991121495,-24.300278069550256,0.0,0.0,0.0,0.0,0.2089566803737507,-3.1949339872202156,-34.18293991581093,0.0,-0.25000000000000006,0.9989958144823979,-1.0,-1.0008978852629473,0.0,-0.26652716459648146,-0.11971459359742442,0.9990584263186341,-1.0,0.9995698789460571,Capital Markets,Financial Services,BTCS
2018Q4,2018,Q4,2019-02-06,2018-12-31,-208838.0,0.0,-225503.0,-0.16,0.0,0.0,63153.0,-255993.0,60450.0,319146.0,319146.0,0.0,-115343192.0,5987171.361665123,6135054.361665123,-0.19622411553010705,0.1894117425880318,3.166912102354599,-0.781271362888829,3.823913813830726,-0.19622411553010705,0.8157957444148863,0.0,-7.167243702852359,-23.388027647885384,0.0,0.0,0.0,0.0,0.16330143570654182,-3.3068579481576488,-28.92954266666565,0.0,-0.4545454545454546,0.9904452706473368,-1.0,0.9975278901950101,0.0,0.07120778833795124,0.17065214193244674,0.9992267355791165,-1.0,0.9993338738751699,Capital Markets,Financial Services,BTCS
2018Q3,2018,Q3,2018-11-07,2018-09-30,-224849.0,0.0,-271904.0,-0.11,0.0,0.0,33964.0,-93045.0,30919.0,127009.0,127009.0,0.0,-115123244.0,13603955.794763152,13601881.794763152,-0.07492794692835279,0.24343944129943548,0.0,0.0,1.699169698864433,-0.07492794692835279,2.416561878660863,0.0,-15.125657435393478,-146.20834859222046,0.0,0.0,0.0,0.0,0.13846262863261657,-6.620215522317748,67.62014392322948,0.0,0.42105263157894735,-1.0000479239064204,-1.0,-1.0000085976631947,0.0,0.05951614117568325,-0.15401330979220426,0.9995518619370835,-1.0,0.9994249269624843,Capital Markets,Financial Services,BTCS
2018Q2,2018,Q2,2018-07-23,2018-06-30,-239078.0,0.0,-235616.0,-0.19,0.0,0.0,243816.0,174749.0,240428.0,69067.0,69067.0,0.0,-114855450.0,21255552.695558127,21223112.695558127,0.14118370387366672,3.481083585503931,0.0,0.0,-1.3614541483700542,0.14118370387366672,-1.3681222782390743,0.0,-22.22658786625926,121.63476011627034,0.0,0.0,0.0,0.0,2.4917109473409877,-0.980567313055747,-111.22156190444313,0.0,0.7654320987654322,0.9951739583789753,-1.0,-0.9999519545972444,0.0,0.5229326676524172,0.08372675445077893,0.9985587198924039,-1.0,1.0010710856982348,Capital Markets,Financial Services,BTCS
2018Q1,2018,Q1,2018-05-14,2018-03-31,-501141.0,0.0,-257146.0,-0.81,0.0,0.0,441914.0,411519.0,440801.0,30395.0,30395.0,0.0,-114618680.0,15989961.374401636,15822924.374401636,0.33528137893275456,14.502418160881724,0.0,0.0,-1.2333426766919133,0.33528137893275456,-1.2177833830272722,0.0,-7.97677768053384,38.855949237827744,0.0,0.0,0.0,0.0,12.072939628228328,-1.1340238145883588,-51.792032540638985,0.0,-1.2219178082191782,-1.0001069008319614,-1.0,-0.9999408771641699,-1.0,-1.112010694570418,0.009750537203767742,0.9989299868678553,-1.0,1.0018638999875693,Capital Markets,Financial Services,BTCS
2017Q4,2017,Q4,2018-03-14,2017-12-31,4474046.0,0.0,-259678.0,3.65,704786.0,0.0,988657.0,912660.0,987422.0,75997.0,75997.0,0.0,-114117539.0,79949806.87200819,79646472.87200819,0.7435814708355332,12.992907614774268,0.0,0.0,-2.554772652028101,0.7435814708355332,4.902204544956501,0.0,4.467422042152013,87.6008665571058,0.0,0.0,0.0,0.0,12.101609274050292,4.52537735534164,-150.99113667990216,0.0,1.0708462732919255,-0.9945779177090676,-1.0,-0.9997458337664998,747.9755579171094,1.4082253366090784,-0.2126552722517979,1.0034476322267376,-1.0,-0.1503308837549713,Capital Markets,Financial Services,BTCS
2017Q3,2017,Q3,2017-11-07,2017-09-30,-10959746.0,941.0,-214140.0,-51.52,941.0,1.0,29567.0,-4803727.0,26323.0,4833294.0,4833294.0,0.0,-114615820.0,15496066.771794844,15490123.771794844,-11.381324469105909,0.005446182251690048,0.0,0.0,0.08844742904252623,-11.381324469105909,2.281508920053117,16467.65863102534,-0.35347686825485836,-3.225842511823599,0.0,0.0,0.0,0.03182602225454054,0.001230010009736631,-370.6749416579294,-1367.219584594569,1.0,-9.126182965299686,-1.000683692624803,-0.9999999393990029,-1.0045532302846092,1.6284916201117319,-19.523316088447505,0.002812651342994449,0.9155170042463665,-0.9876425053330388,-1.1132292906638372,Capital Markets,Financial Services,BTCS
2017Q2,2017,Q2,2017-10-24,2017-06-30,591673.0,358.0,-214744.0,6.34,358.0,1.0,48863.0,-5482547.0,45495.0,5531410.0,5531410.0,0.0,-103656074.0,3395940.94620978,3378663.94620978,-24.85649323564615,0.008224846829289457,0.0,0.0,0.09255333084003614,-24.85649323564615,-0.10791936667391999,9485.868564831788,1.4348892657810055,-0.6194093632411688,0.0,0.0,0.0,0.0073266070441847615,0.003159411433974339,12.108814440374108,-3.9571521831249226,1.0,1.0078396458557457,1.0058757305982193,-0.9999999261726821,0.9870973322127695,-0.8874567745991826,1.0168110201677802,-0.21830198848324966,1.0079849528474019,-0.9974745078504452,-1.1598412323323966,Capital Markets,Financial Services,BTCS
2017Q1,2017,Q1,2017-08-10,2017-03-31,-35195544.0,3181.0,-176265.0,-808.71,3181.0,1.0,6425.0,-6084219.0,4540.0,6090644.0,6090644.0,0.0,-104247747.0,1012602.1911214275,1053261.1911214273,-92.50891757514938,0.0007454055761591057,7.003891050583658,-0.007396183470713333,0.04410768338263883,-92.50891757514938,5.784726683901417,318.32825876184455,-0.0071926874544219815,-0.1664309241862312,0.0,0.0,0.0,0.49509727626459143,0.0007454055761591057,-5477.905680933852,-11.16097954436306,1.0,-0.4695802289660187,0.9370113698538333,-0.9999978003542093,0.9979059863194829,3.5509222133119485,0.027543885980115618,-1.1133930754088237,-1.6505260238406088,-0.9737034552703355,-1.3787292959504616,Capital Markets,Financial Services,BTCS
2016Q4,2016,Q4,2017-06-23,2016-12-31,-36192424.0,-1247.0,1554460.0,-550.3,-1247.0,1.0,98071.0,-45250567.0,95267.0,45348638.0,45348638.0,0.0,-69052203.0,1752580.7154017119,4985546.715401712,-688.0227310739102,0.0021007687154793934,33.93494509080156,-0.07354679113744586,-0.07748530946985069,-688.0227310739102,0.7998225524997289,-1405.4376226156471,-0.012105991542606484,-0.0387305802245906,0.0,0.0,0.0,-0.012715277706967402,0.0021007687154793934,-369.04308103312906,-11.741954973279233,1.0,-134.5418719211823,-1.0820162300204736,-1.0000004255806851,0.9807179325409474,0.9357249626307922,-12.181057671424966,-0.8476235026381564,-31.845887916821077,-1.000857664805938,-7.667985252214622,Capital Markets,Financial Services,BTCS
2016Q3,2016,Q3,2016-12-28,2016-09-30,3236941.0,15649.0,10201442.0,-4.06,-19401.0,-1.2397597291,37700.0,-24234560.0,9496.0,24272260.0,24272260.0,0.0,-51732903.0,676875.4214116253,3307952.421411625,-508.8407835891406,0.00039122850529781734,69.78984084880636,-0.10856714543197814,0.5436974188704814,-508.8407835891406,-0.13356714543197815,43.253589456938165,0.0522773987393982,-0.02793017168092284,0.0,0.0,0.0,0.41509283819628645,0.0,85.86050397877985,-7.71306472887206,-1.2397597290561697,0.9992856740703205,-0.9989379714486096,-0.9999860513615163,0.9862939617029589,-1.723108460678345,1.1150152702698477,30.027466914787972,-0.9820116215636454,-0.9999878090233643,-1.0583873154990684,Capital Markets,Financial Services,BTCS
2016Q2,2016,Q2,2016-09-22,2016-06-30,-28143576.0,141667.0,-351441.0,-5683.68,26830.0,0.1893877897,126042.0,-31990893.0,86549.0,32116935.0,32116935.0,0.0,-54969844.0,2115388.4710178194,5933899.471017819,-3250.7766487145614,0.002694808829049223,30.82393170530458,-0.12144424977445925,0.02485112939109233,-3250.7766487145614,0.8797371176853362,14.932118778669834,-0.018791041968314718,-0.06612470839803751,0.0,0.0,0.0,1.1239666143031688,0.002073641211404513,-223.28728519065075,-8.795428344009894,0.189387789675789,-8.840847704134637,0.9373030160110725,-0.9989805472824623,0.9476912971274971,-0.6849496835405878,-12.800328635573942,-1.2525866629101718,-70.45319031856971,-0.9985726010913663,-2.106252839886983,Capital Markets,Financial Services,BTCS
2016Q1,2016,Q1,2016-05-16,2016-03-31,-2039341.0,199143.0,1391368.0,-577.56,85161.0,0.4276374264,571757.0,-4829261.0,126555.0,5401018.0,5401018.0,0.0,-26826268.0,17868408.98381223,19596994.98381223,-509.8997993876043,0.023431693802909007,3.1327049778140013,-0.37089442877492024,-1.228398414921685,-509.8997993876043,0.4222884205264532,89.7265230704179,-2.190463608564266,-3.7000296699251156,0.0,0.0,0.0,0.34830006453790685,0.0122828696367981,-3.5667967335773763,-48.88543588738176,0.427637426372004,-1.789875374359965,0.9908365343933316,-0.9997010401457402,0.9762735976325465,0.9316140446379967,-0.04013144573477156,3.5769605464452536,-1.0563761769288984,-0.9992183645577446,-1.0899146926231087,Capital Markets,Financial Services,BTCS
2015Q4,2015,Q4,2016-02-19,2015-12-31,-1960657.0,155078.0,-539926.0,-207.02,44088.0,0.2842956448,3232853.0,-2789920.0,150473.0,6022773.0,6022773.0,0.0,-24786927.0,18003010.934725463,19704631.934725463,-294.5750184774575,0.024984006536523957,0.564874431345935,-0.6545549693181166,0.6746151370142485,-294.5750184774575,0.702764595400585,116.09003814032592,-2.295532943131494,-6.452877120034074,0.0,0.0,0.0,0.047969394216192326,0.020677352442139193,-0.6064788593851932,-59.30705021388299,0.2842956447723081,0.39839004969341196,0.9770201742728721,-0.999800083444452,0.5373607648126738,-0.3443676109747937,0.4866636173532291,0.8683609150950503,-1.307929931093925,-0.9992453391744873,-1.1006897372597393,Capital Markets,Financial Services,BTCS
2015Q3,2015,Q3,2015-11-12,2015-09-30,-3819439.0,169069.0,-4101563.0,-344.11,67245.0,0.3977370186,2303825.0,-1231659.0,175556.0,3535484.0,3535484.0,0.0,-23158722.0,23510573.57702312,23463950.57702312,-130.2929228816249,0.04965543614396219,0.019532733606068168,-0.03653608669282651,2.943707019392826,-130.2929228816249,3.101052320488057,139.0590443962117,-1.5388761004576275,-19.08854120907095,0.0,0.0,0.0,0.07338621640098532,0.025915263652727605,-1.6578685447028312,-108.11646299491906,0.3977370186137021,-5.04550245959241,0.0,0.0,0.0,-0.1997786583842062,-2.055927690291444,-1.0856451442309647,-1.0106383883407792,-0.9995138503397789,-1.0521251884124057,Capital Markets,Financial Services,BTCS
2015Q2,2015,Q2,2015-08-14,2015-06-30,-1249846.0,144375.0,-1966568.0,-56.92,84033.0,0.5820467532,2471643.0,-1229294.0,403917.0,3700937.0,3700937.0,0.0,-19339283.0,28993389.556135766,28735149.556135766,-131.813639288012,0.10913911801254655,0.018206512833770897,-0.036606377319014005,0.7052732191956697,-131.813639288012,1.0167185392591194,200.820014241633,-5.799392396370386,-23.585399063312572,0.0,0.0,0.0,0.058412562008348295,0.08193600701660148,-0.5056741608719382,-58.85094640934638,0.5820467532467533,0.9021993127147767,0.9970618924048509,-0.9989036878970213,0.997878968247546,3.054668275030157,0.626861073112595,-0.23932946811192338,0.7064488929591629,-0.9992958370749279,0.9315773314668522,Capital Markets,Financial Services,BTCS
2015Q1,2015,Q1,2015-05-20,2015-03-31,-3349546.0,37668.0,-1586800.0,-582.0,20725.0,0.5502017628,558720.0,-1579001.0,62057.0,2137721.0,2137721.0,0.0,-18089437.0,35100823.7495557,35142126.7495557,-179.8816359079517,0.029029513205886082,0.08054123711340207,-0.028499031982880316,1.5777162867902916,-179.8816359079517,2.121307079602863,931.8472907920702,-2.6198195031174154,-22.229766636978507,0.0,0.0,0.0,0.06741838487972508,0.0017294118362499128,-5.995035080183276,-104.4878837072851,0.5502017627694595,0.4495412844036697,0.0,0.0,0.0,0.5169814082857561,0.6390963169150901,0.7906838759309938,0.955085549596026,-0.9998048415740394,0.9959282346357684,Capital Markets,Financial Services,BTCS
2014Q4,2014,Q4,2015-04-15,2014-12-31,-9280997.0,20408.0,-7580878.0,-1057.3,13662.0,0.6694433555,273802.0,7682.0,68097.0,266120.0,266120.0,0.0,-14739891.0,12475302.76762382,12477889.76762382,0.8751424014581909,0.2558883210581692,0.029181671426797468,1.0400937255922937,-550.9732171528334,0.8751424014581909,-1208.1485290288988,611.2947259713749,-0.33604425170118635,1623.965473525621,0.0,0.0,0.0,0.07453561332641837,0.020302870885314895,-33.89674655407922,-213.25303876280034,0.6694433555468444,-2.1761242452461773,0.4383386267862151,0.0,1.0002431749416738,7.988157894736842,-2.5840912022330196,-2.053349696532997,-1.1575804824449343,-0.9999478154955825,1.0000245261588885,Capital Markets,Financial Services,BTCS
2014Q3,2014,Q3,2014-11-19,2014-09-30,-2589498.0,1520.0,-2482807.0,-332.89,1520.0,1.0,978455.0,846845.0,561413.0,131610.0,131610.0,0.0,-6591737.0,14592847.911226707,14271818.911226707,100.51572700296735,4.2657320872274145,0.0,0.0,-3.175357881229127,100.51572700296735,-3.057818136731043,9600.557836333359,-1.4088491197161293,17.232017560742175,0.0,0.0,0.0,0.0015534695003858122,3.5789757617202342,-2.6465172133618817,-31.68198259508538,1.0,-0.07425455014844454,-0.44794301653969065,0.0,1.0585631884021527,-0.6905537459283387,-0.008520731260856357,0.0691433203310703,-1.0048028641822455,-0.9999923409988849,1.002707472451481,Capital Markets,Financial Services,BTCS
2014Q2,2014,Q2,2014-08-14,2014-06-30,-2567620.0,4912.0,-2667228.0,-309.88,4912.0,1.0,1404969.0,1188543.0,1096934.0,216426.0,216426.0,0.0,-4002239.0,23014370.11488225,22025212.11488225,155.50739238518906,5.068402132830621,0.0,0.0,-2.069999683574491,155.50739238518906,-2.160308882387932,4685.335935440197,-2.2408271195584093,19.363514921111182,0.0,0.0,0.0,0.003496162548782215,4.570421298734902,-1.8275278671629054,-36.40932400816048,1.0,-0.5348192174343734,0.899734534091768,0.0,1.1033896232237583,-0.5681378582732548,-1.0564914011840993,-0.717087779654732,0.9926349874259439,-0.9999544873502338,1.0025022912558361,Capital Markets,Financial Services,BTCS
2014Q1,2014,Q1,2014-05-15,2014-03-31,-1248544.0,11374.0,-1553344.0,-201.9,11374.0,1.0,1689288.0,1510512.0,1523775.0,178776.0,178776.0,0.0,-1434619.0,35154829.03394261,33737609.03394261,244.26131953428202,8.523375620888709,0.0,0.0,-0.8844173965704063,244.26131953428202,-0.8265700636605336,3090.8061397874635,-7.039165026211053,23.273452335329086,0.0,0.0,0.0,0.006733014145604539,7.927350427350428,-0.7390948139097655,-129.7604432064794,1.0,-11.053731343283582,-8.698209776462148,0.0,-0.8157403295242696,-0.43410119906463007,-11.050885083875452,-19.393656128557925,0.9914078844057187,-0.9999738490537872,1.0113658455191312,Capital Markets,Financial Services,BTCS
2013Q4,2013,Q4,2014-03-28,2013-12-31,-103606.0,136709.0,-76168.0,-16.75,20099.0,0.1470203132,601123.0,-490856.0,173943.0,462123.0,1091979.0,56249.0,-1133518.0,55656.0,664734.0,-79.3751617076326,0.37639978966638754,1.047798869782058,-1.283178773408087,-0.658697140415061,-79.3751617076326,0.21107208631451993,0.4071129186812865,-0.1342972414725016,-0.11338559577554314,0.0,2.0731035218403884,0.0,0.2274226738953592,0.19289669633409287,-0.1723540772853476,0.1709037422809889,0.14702031322005135,-1.0044332811044296,0.9045115591632091,0.0,-1.0589512375115764,-0.9124588950107798,-2.096870500550521,-1.8150232732331069,0.9981402422845249,-0.9997300881006091,0.8753388379805884,Capital Markets,Financial Services,BTCS
2013Q3,2013,Q3,2013-11-14,2013-09-30,94456.0,673806.0,93455.0,3778.24,229595.0,0.3407434781,1023862.0,217873.0,615138.0,805989.0,805989.0,79112.0,-501291.0,180.0,-95537.0,8714.92,0.7632089271689813,0.0,0.0,0.4347462500975285,8714.92,0.43353696878456716,0.00026713920624037184,0.00047641229778944697,0.0008261693739013095,0.0,5.614963595914652,0.0,0.6581023614510549,0.6650537414282329,0.09225462025155734,-0.0004763341325161557,0.34074347809310096,95.4087956021989,12.056302208034051,0.0,4.726307866913565,0.6381506189575826,57.19036287923855,56.594883997620464,0.0,0.0,0.0,Capital Markets,Financial Services,BTCS
2013Q2,2013,Q2,2013-08-14,2013-06-30,-1681.0,423578.0,-1681.0,-40.02,140155.0,0.3308835681,685243.0,123419.0,279890.0,561824.0,561824.0,68829.0,-464415.0,226.8,-9495.2,2938.5476190476193,0.4981809249871846,0.0,0.0,-0.01362026916439122,2938.5476190476193,-0.01362026916439122,0.0005354385732970079,-0.03372992266508031,0.0018376425023699755,0.0,4.117784654724026,0.0,0.6181427610351364,0.3756710286495415,-0.0024531443590084102,-0.00740136409620468,0.3308835680795509,-1.0104780032622669,0.8828779183926829,0.0,0.9308299270965779,0.2794285453466612,-1.031437013764213,-1.0966758684149989,0.9991225446518287,-0.28579690556618365,1.0472845817759409,Capital Markets,Financial Services,BTCS
2013Q1,2013,Q1,2013-05-15,2013-03-31,53472.0,376611.0,17388.0,3819.43,109545.0,0.2908704207,617334.0,79393.0,211981.0,537941.0,537941.0,101360.0,-463465.0,579.6000280000001,-39785.399972,5670.928571428572,0.39405994337669004,0.0,0.0,0.33053898913552726,5670.928571428572,0.6735102590908518,0.0015389885797281546,0.0027098295743566724,0.007300392074868062,0.0,2.63482636148382,0.0,0.6100603563063107,0.20563779299216828,0.08661761704361011,0.00196174671265286,0.2908704206727897,4.681223876600872,184.46600124766067,0.0,3.2778915296745494,0.051013163449361014,4.681257968550786,0.6879914571400835,0.0,0.0,0.0,Capital Markets,Financial Services,BTCS
2012Q4,2012,Q4,2013-03-28,2012-12-31,9412.0,303760.0,10301.0,672.29,104228.0,0.3431261522,588119.0,40958.0,182043.0,547161.0,547161.0,111461.0,-521403.0,252.0,-6160.0,2925.5714285714284,0.33270463355392654,0.0,0.0,0.20399094159810902,2925.5714285714284,0.2297963767762098,0.0008296023176191731,0.006693582660433488,0.006152644172078715,0.0,1.7901508150833028,0.0,0.5164941108857221,0.12899676694793671,0.016003563904583937,0.0016683107030075934,0.34312615222544113,-0.9822988042102248,4.831680236861584,0.0,1.1727962807565804,-0.285017526770341,-0.9809372968309168,1.0272037521688264,1.357132508675465,0.0,1.8129255996737745,Capital Markets,Financial Services,BTCS
2012Q3,2012,Q3,2012-11-09,2012-09-30,493739.0,478264.0,-378661.0,37979.92,145777.0,0.3048044595,718105.0,32495.0,311175.0,685609.0,685610.0,83783.0,-520455.0,210.600013,-10385.399987,2499.6153846153848,0.45386656242843954,0.0,0.0,-99.99289896274611,2499.6153846153848,15.194306816433297,0.00044034259948480336,0.00010663529364704834,0.006480997476534851,0.0,3.968430349832305,0.0,0.6660084528028631,0.3316642576162215,0.6875582261646974,0.0031501953988601855,0.3048044594617199,84.19078284487668,112.14103587287944,0.0,0.642420956380696,0.7551440576953177,84.1910699241786,-44.43023395320936,179.9204084994235,0.0,2.4563437092568448,Capital Markets,Financial Services,BTCS
2012Q2,2012,Q2,2012-08-02,2012-06-30,-5935.0,285803.0,-8335.0,-456.54,83057.0,0.2906092658,572228.0,-25044.0,170196.0,525431.0,597272.0,32419.0,-520454.0,210.600013,56467.600013,-1926.4615384615386,0.32391693676239125,0.12554611099072396,-2.868591279348347,-0.14815432604216883,-1926.4615384615386,0.23698291007826225,0.0007368712469778134,-0.008871104170176917,-0.008409200327423734,0.0,6.25392516734014,0.0,0.4994565103420315,0.262217113188982,-0.010371739935829774,-0.002194527363858033,0.290609265822962,0.9462628592951812,-0.33597315161560964,0.0,-2.265819062366461,0.39296615570388754,0.9301419524941736,0.9018926999223146,0.8637420480539647,0.0,-0.2808145616849154,Capital Markets,Financial Services,BTCS
2012Q1,2012,Q1,2012-05-10,2012-03-31,-84958.0,219882.0,-84958.0,-8495.8,59626.0,0.2711727199,555301.0,-441778.0,152469.0,616411.0,997079.0,51568.0,-569348.0,144.0,377168.0,-44177.8,0.24734957682455375,0.6855165036619779,-0.8616726047924523,1.3902470954017345,-44177.8,0.19230925940178098,0.0006548967173302044,-0.0004237387885778856,-0.00032595557044488404,0.0,3.10766366739063,0.0,0.3959690330109256,0.1636911086920902,-0.15299450208085344,-0.0007298049292241262,0.2711727199134081,-2.266215571718135,-407.0951965065502,0.0,-34.325730352489366,-0.5351161702791205,-2.2662155717181354,-0.7196583272609506,-407.0951965065502,0.0,-34.325730352489366,Capital Markets,Financial Services,BTCS
2011Q4,2011,Q4,2012-04-05,2011-12-31,67096.0,445516.0,-49404.0,6709.6,128260.0,0.2878908951,367872.0,-356820.0,366845.0,474692.0,724692.0,55689.0,-484390.0,162.00001,179873.00001000002,-35682.0,0.7728063670759144,0.6795842032011135,-0.7006333725688022,3.5079971704139012,-35682.0,-0.1880387870635054,0.00036362332665942416,0.0006036127712531298,-0.00045401045344991875,0.0,5.6969239885794325,0.0,1.211062543493389,0.6554902968661785,0.18238952679192763,-0.0011640105910586747,0.2878908950520296,-0.8951541450959374,39.24124352331606,0.0,-27.50070893255013,1.9254384964532536,-0.8951541450959374,0.5983414634146341,39.24124352331606,0.0,-27.50070893255013,Capital Markets,Financial Services,BTCS
2011Q3,2011,Q3,2011-11-14,2011-09-30,639949.0,235560.0,-123000.0,63994.9,43843.0,0.1861224317,173337.0,-371253.0,173107.0,439673.0,544590.0,107133.0,-143285.0,324.00002,39267.00002000001,-37125.3,0.39371760376461595,0.6052775806665628,-0.2826024301487126,1.1811937695883374,-37125.3,-1.7237544208396969,0.0013754458312107319,0.00012657259406608965,-0.0008727202743142816,0.0,1.7895233028105253,0.0,1.3589712525311965,0.15005242532518484,3.6919353629057845,0.00045678261519309637,0.18612243165223297,2.4029815734376885,188.26892790635807,0.0,-25.39390120064512,1.32614970318242,2.4029815734376885,0.5968310263108728,188.26892790635807,0.0,-25.39390120064512,Capital Markets,Financial Services,BTCS
2011Q2,2011,Q2,2011-08-22,2011-06-30,-456135.0,141209.0,-305083.0,-45613.5,-134426.0,-0.9519648181,1369917.0,-621460.0,1279198.0,1240299.0,1991377.0,571586.0,-749030.0,684.00002,1796.00002,-62146.0,1.031362598857211,0.0017161623660411542,-0.003783027065297847,0.5703438352898316,-62146.0,0.733973224342677,0.004843884030054741,-0.00037488902408278253,-0.0011006340231068774,0.0,0.48222839607688084,0.0,0.10307850767601248,0.5671124462730358,-0.3329654278324891,-0.026178812767911817,-0.9519648181064946,-0.9411503358983546,-132.47924980047884,0.0,-41.83423929275431,-1.6197831178651125,-0.7646819870009285,-0.8675616280706909,-132.47924980047884,0.0,-41.83423929275431,Capital Markets,Financial Services,BTCS
2011Q1,2011,Q1,2011-05-16,2011-03-31,-258480.0,773658.0,-163359.0,-23498.18,216892.0,0.2803460961,1642633.0,-236399.0,1545026.0,1127659.0,1879032.0,612991.0,-143285.0,1366.199967,-26000.800033,-21490.81818181818,1.3701180942111046,0.0003573531032190392,-0.0024830900299916666,0.8460541276020079,-21490.81818181818,1.0934056404637922,0.0017658965162901438,-0.0013213787981662022,-0.00577921212441677,0.0,0.9082776092960582,0.0,0.47098651981300754,0.822477362394128,-0.15735712115853023,-0.0655629123236395,0.28034609607862904,-1.608404820261438,-1127.7336244541486,0.0,-17.211699355369632,0.0984264928566726,-1.608406074978556,-0.01518814280831495,-1127.7336244541486,0.0,-17.211699355369632,Capital Markets,Financial Services,BTCS
2010Q4,2010,Q4,2011-03-31,2010-12-31,-99095.0,900945.0,-160915.0,-9008.64,197457.0,0.2191665418,2129705.0,-7004.0,2036510.0,1393578.0,2136709.0,365643.0,-308463.0,1386.0,-46819.0,-636.7272727272727,1.4613534369802048,0.001103908757316154,-0.335665334094803,21.950838417396756,-636.7272727272727,14.148343803540834,0.0015383846960691273,-0.003496644633937131,-0.19788692175899486,0.0,1.923975024819291,0.0,0.42303746293500744,1.198182663618398,-0.046529918462885705,0.0018037597850064095,0.219166541797779,0.0,-50.34455958549222,0.0,-1.4728917696306798,0.0,0.0,0.0,-50.34455958549222,0.0,-1.4728917696306798,Capital Markets,Financial Services,BTCS
2010Q1,2010,Q1,2010-08-13,2010-04-30,-7000.0,0.0,-7000.0,0.0,0.0,0.0,4422.0,-75708.0,4422.0,80130.0,80130.0,0.0,-142908.0,0.0,-4422.0,0.0,0.05518532384874579,0.0,0.0,,0.0,0.09246050615522798,0.0,0.0,0.0,0.0,0.0,,0.0,0.05518532384874579,-1.582994120307553,0.0,0.0,1.0,1.0,0.0,-1.0,0.0,0.6619500651953446,0.7596236392981011,1.0,0.0,-1.0,Capital Markets,Financial Services,BTCS
2009Q4,2009,Q4,2010-03-11,2010-01-31,-20707.0,0.0,-29121.0,-1882.45,0.0,0.0,11678.0,-39587.0,11678.0,51265.0,51265.0,0.0,-65816.0,7900.200132,-3777.799868,-3598.818181818182,0.2277967424168536,0.0,0.0,,-3598.818181818182,0.5230757571930179,0.0,-0.09538079069879751,-0.19956551726576907,0.0,0.0,0.0,0.0,0.2277967424168536,-1.7731632128789176,-3.9148662695738357,0.0,-7.868186743298629,-9.72901554404145,0.0,-3.672810748767808,0.0,-7.8680942184154175,-0.40633602163519583,-9.72901554404145,0.0,-3.672810748767808,Capital Markets,Financial Services,BTCS
2009Q3,2009,Q3,2009-12-15,2009-10-31,-2335.0,0.0,-20707.0,-212.27,0.0,0.0,13696.0,-18880.0,13696.0,32576.0,32576.0,0.0,-45109.0,7900.200132,-5795.799868,-1716.3636363636363,0.4204322200392927,0.0,0.0,,-1716.3636363636363,0.12367584745762712,0.0,-0.8458458385438972,-0.41844280360169495,0.0,0.0,0.0,0.0,0.4204322200392927,-0.1704877336448598,-1.4145389672336617,0.0,0.9366462222620167,0.3788241553604682,0.0,-2.127770145152619,0.0,0.9366453223355763,-7.8680942184154175,0.3788241553604682,0.0,-2.127770145152619,Capital Markets,Financial Services,BTCS
2009Q2,2009,Q2,2009-09-14,2009-07-31,-36856.0,0.0,-2335.0,-3350.55,0.0,0.0,19281.0,-16545.0,19281.0,35826.0,35826.0,0.0,-42774.0,7900.200132,-11380.799868,-1504.090909090909,0.5381845587003852,0.0,0.0,,-1504.090909090909,2.227621637957087,0.0,-0.05358829045474278,-0.477497741432457,0.0,0.0,0.0,0.0,0.5381845587003852,-1.911519112079249,-1.3718006827574232,0.0,-159.9293948126801,-8.804735301942006,0.0,-1.9882922167134578,0.0,-159.94323144104803,0.9366453223355763,-8.804735301942006,0.0,-1.9882922167134578,Capital Markets,Financial Services,BTCS
2009Q1,2009,Q1,2009-07-29,2009-04-30,-229.0,0.0,-36856.0,-20.82,0.0,0.0,19311.0,14582.0,19311.0,4729.0,4729.0,0.0,-5918.0,7900.200132,-11410.799868,1325.6363636363637,4.083527172763798,0.0,0.0,,1325.6363636363637,-0.01570429296392813,0.0,-8.624672633187775,0.5417775429982169,0.0,0.0,0.0,0.0,4.083527172763798,-0.011858526228574388,-1.3718006827574232,0.0,0.881333713308635,0.0,0.0,0.0,0.0,0.8813471502590674,-159.94323144104803,0.0,0.0,0.0,Capital Markets,Financial Services,BTCS
2008Q4,2008,Q4,2009-03-05,2009-01-31,-1930.0,0.0,-229.0,-175.45,0.0,0.0,19311.0,14811.0,19311.0,4500.0,4500.0,0.0,-5689.0,7900.200132,-11410.799868,1346.4545454545455,4.291333333333333,0.0,0.0,,1346.4545454545455,-0.1303085544527716,0.0,-1.0233419860103627,0.5334008596313551,0.0,0.0,0.0,0.0,4.291333333333333,-0.09994303764693697,-11.617941370588236,0.0,0.4865829748631961,0.0,0.0,0.0,0.0,0.4865655759510508,0.8813471502590674,0.0,0.0,0.0,Capital Markets,Financial Services,BTCS
2008Q3,2008,Q3,2008-12-12,2008-10-31,-3759.0,0.0,-1930.0,-341.73,0.0,0.0,19991.0,16741.0,19991.0,3250.0,3250.0,0.0,-3759.0,7900.200132,-12090.799868,1521.909090909091,6.151076923076923,0.0,0.0,,1521.909090909091,-0.22453855803118095,0.0,-0.5254190031923384,0.47190730135595244,0.0,0.0,0.0,0.0,6.151076923076923,-0.18803461557700965,-15.521021870333987,0.0,0.0,0.0,0.0,0.0,0.0,0.0,0.4865655759510508,0.0,0.0,0.0,Capital Markets,Financial Services,BTCS
2008Q2,2008,Q2,2008-09-11,2008-07-31,-3759.0,0.0,-3759.0,-341.73,0.0,0.0,19991.0,16741.0,19991.0,3250.0,3250.0,0.0,-3759.0,7900.200132,-12090.799868,1521.909090909091,6.151076923076923,0.0,0.0,,1521.909090909091,-0.22453855803118095,0.0,-0.5254190031923384,0.47190730135595244,0.0,0.0,0.0,0.0,6.151076923076923,-0.18803461557700965,-15.521021870333987,0.0,0.0,0.0,0.0,0.0,0.0,0.0,0.0,0.0,0.0,0.0,Capital Markets,Financial Services,BTCS
2010Q3,2010,Q3,2010-11-17,2010-09-30,,,,,,,2210577.0,78841.0,2127890.0,1380803.0,2131736.0,530116.0,-46659.0,0.0,-41966.0,0.0,1.541052561444319,0.0,0.0,,0.0,,0.0,0.0,0.0,0.0,,,,1.153929995806788,,0.0,0.0,0.0,1.0,0.0,-1.0,0.0,0.0,0.0,1.0,0.0,-1.0,Capital Markets,Financial Services,BTCS
