Quarters,Year,Quarter,FillingDate,Date,NetIncome,Revenue,OperatingIncome,EPSDiluted,GrossProfit,GrossProfitRatio,TotalAssets,CommonStockEquity,CurrentAssets,CurrentLiability,TotalLiability,Inventory,RetainedEarnings,MarketCap,EnterpriseValue,bookValuePerShare,currentRatio,debtToAssets,debtToEquity,roic,shareholdersEquityPerShare,roe,priceToSalesRatio,peRatio,pbRatio,payoutRatio,inventoryTurnover,dividendYield,assetTurnover,quickRatio,returnOnAssets,priceToFreeCashFlowsRatio,grossProfitMargin,epsdilutedGrowth,fiveYNetIncomeGrowthPerShare,fiveYRevenueGrowthPerShare,fiveYShareholdersEquityGrowthPerShare,grossProfitGrowth,netIncomeGrowth,operatingIncomeGrowth,threeYNetIncomeGrowthPerShare,threeYRevenueGrowthPerShare,threeYShareholdersEquityGrowthPerShare,Industry,Sector,Symbol
2023Q1,2023,Q1,2023-05-15,2023-03-31,-3850000.0,1509000.0,-4048000.0,-4.49,684000.0,0.4532803181,30410000.0,16825000.0,27205000.0,4097000.0,13718000.0,2591000.0,-267243000.0,6406062.84,-14817937.16,19.619343915146484,6.640224554552112,0.05833607365998027,0.10543833580980684,-0.18897560496735877,19.619343915146484,-0.2288261515601783,4.245237137176939,-0.41597810649350647,0.38074667696879644,0.0,0.3184098803550753,0.0,0.04962183492272279,5.838662435928728,-0.12660309108845774,-1.8482581765724178,0.4532803180914513,0.37811634349030465,0.07538862157866162,16.976037651354826,63.305444062844956,2.239130434782609,0.11044362292051756,0.30566037735849055,-16.381750378561296,48.2648508688721,14.409089707688258,Agricultural Inputs,Basic Materials,RKDA
2022Q4,2022,Q4,2023-03-30,2022-12-31,-4328000.0,1000000.0,-5830000.0,-7.22,-552000.0,-0.552,28922000.0,21033000.0,25398000.0,4209000.0,8022000.0,2571000.0,-257859000.0,6497376.76,-12129623.24,35.0907340641887,6.034212401995723,0.06973929880367886,0.09589692388151952,-0.233277389019213,35.0907340641887,-0.2057718822802263,6.49737676,-0.37531057994454714,0.30891345789949126,0.0,0.603656164916375,0.0,0.03457575548025724,5.210501306723687,-0.14964386971855334,-2.727698052057095,-0.552,-0.5394456289978676,-4.333052609023974,1.5541836433967469,8.581019414036852,-2.033707865168539,-0.5043448036148767,-0.2796312554872695,-9.006038129714018,33.69564022054767,38.4000538242248,Agricultural Inputs,Basic Materials,RKDA
2022Q3,2022,Q3,2022-11-10,2022-09-30,-2877000.0,1878000.0,-4556000.0,-4.69,534000.0,0.2843450479,34474000.0,25068000.0,30031000.0,4051000.0,9455000.0,3342000.0,-253615000.0,12961275.308,-7502724.692,40.83979974357011,7.413231300913354,0.06541161455009573,0.08995532152545077,-0.15408696141204073,40.83979974357011,-0.11476783149832456,6.901637544195953,-1.1262839162321863,0.5170446508696346,0.0,0.4021543985637343,0.0,0.05447583686256309,6.281165144408788,-0.083454197366131,-3.844934828834174,0.28434504792332266,0.3113069016152716,-1.2102839282318536,10.08426960261372,7.169663680867944,0.29927007299270075,0.23828435266084194,0.009565217391304347,-1.2936973119934432,53.18715295760654,19.934353498029147,Agricultural Inputs,Basic Materials,RKDA
2022Q2,2022,Q2,2022-08-11,2022-06-30,-3777000.0,3858000.0,-4600000.0,-6.81,411000.0,0.1065318818,35008000.0,26807000.0,30058000.0,4740000.0,8240000.0,3275000.0,-250748000.0,22188880.0,3448880.0,48.32510699052859,6.3413502109704645,0.0712408592321755,0.0930354012011788,-0.14391477732376845,48.32510699052859,-0.1408960346178237,5.751394504924831,-1.4686841408525284,0.8277270862088261,0.0,1.0525190839694656,0.0,0.11020338208409507,5.29282700421941,-0.10788962522851919,-6.582284188668051,0.10653188180404355,0.15613382899628261,-2.6257726761230558,13.971078954390919,5.983883176043777,2.726890756302521,0.1559776536312849,0.004975124378109453,-9.121114808152253,172.17922950905884,28.480368177287932,Agricultural Inputs,Basic Materials,RKDA
2022Q1,2022,Q1,2022-05-12,2022-03-31,-4475000.0,3220000.0,-4623000.0,-8.07,-238000.0,-0.0739130435,38799000.0,30261000.0,31499000.0,4809000.0,8557000.0,3235000.0,-246971000.0,31061744.0,9255744.0,54.556370047992154,6.550010397171969,0.07074924611459059,0.0907108159016556,-0.12552430158196506,54.556370047992154,-0.14788010971217078,9.646504347826086,-1.7352929608938548,1.0264612537589637,0.0,1.0689335394126738,0.0,0.08299182968633212,5.680806820544812,-0.11533802417588082,-6.3069530964467,-0.07391304347826087,-17.76744186046512,-3.244415896592531,11.648341669504195,5.586822697391379,0.8496525584333544,0.531658817373103,0.46225427474700476,-2.055516881437703,174.49889836077963,410.6756457962661,Agricultural Inputs,Basic Materials,RKDA
2021Q4,2021,Q4,2022-03-31,2021-12-31,-9555000.0,2171000.0,-8597000.0,-0.43,-1583000.0,-0.7291570705,43918000.0,31093000.0,35388000.0,5040000.0,12722000.0,4433000.0,-226485000.0,922580796.8000001,897189796.8000001,1.4020114059239435,7.021428571428571,0.07500341545607724,0.1059402437847747,-0.24998110785463706,1.4020114059239435,-0.30730389476731096,424.9566083832336,-24.138691700680273,29.67165589682565,0.0,0.8468305887660726,0.0,0.04943303429117901,5.963293650793651,-0.21756455211985973,-72.75300029966091,-0.7291570704744358,-3.2999999999999994,0.8325832330099979,-0.5979146150202025,-0.8599119778159312,-10.725925925925926,-2.369181946403385,0.013313439687822793,-2.185667994714569,0.05312322916527877,-0.4774277361801051,Agricultural Inputs,Basic Materials,RKDA
2021Q3,2021,Q3,2021-11-15,2021-09-30,-2836000.0,2376000.0,-8713000.0,-0.1,-135000.0,-0.056818181818181816,59228000.0,40223000.0,43834000.0,6489000.0,19005000.0,5447000.0,-217203000.0,1836290624.3999999,1804538624.3999999,1.8136913382587327,6.75512405609493,0.06371986222732491,0.09382691494915844,-0.19796637569364497,1.8136913382587327,-0.07050692389926162,772.8495893939394,-161.87329199576868,45.65275152027447,0.0,0.46098769965118414,0.0,0.0401161612750726,5.698720912313146,-0.04788275815492672,0.0,-0.056818181818181816,0.5833333333333333,0.9320485564933407,-0.7789009317750655,-0.8537428783031873,0.25824175824175827,0.4609389849838434,-0.13420984118719084,-1.1372094854394148,0.38255568506082277,-0.32983361159984553,Agricultural Inputs,Basic Materials,RKDA
2021Q2,2021,Q2,2021-08-16,2021-06-30,-5261000.0,1405000.0,-7682000.0,-0.24,-182000.0,-0.1295373665480427,70798000.0,41640000.0,50916000.0,7651000.0,28119000.0,3897000.0,-215027000.0,2583353876.4,2547292876.4,1.9148874821956623,6.654816363874003,0.11181106810926862,0.19010566762728145,-0.13658102942483777,1.9148874821956623,-0.12634486071085493,1838.686033024911,-122.75964058163846,62.040198760806916,0.0,0.40723633564280215,0.0,0.019845193367044267,5.89779113841328,-0.07431000875730953,-399.83808642624984,-0.1295373665480427,-3.1818181818181817,0.8822262484141171,-0.801469104012798,-0.8644124039022609,-5.5,-3.556365403304179,-0.4423582425835524,0.8800053442652398,-0.5098329038290077,-0.22093356290631244,Agricultural Inputs,Basic Materials,RKDA
2021Q1,2021,Q1,2021-05-17,2021-03-31,2058000.0,828000.0,-5326000.0,0.11,-28000.0,-0.033816425120772944,70800000.0,44503000.0,56613000.0,5617000.0,25097000.0,2663000.0,-209767000.0,2090521550.0,2064843550.0,2.3459364004164414,10.0788677229838,0.10127118644067797,0.16111273397299058,-0.09245564698121723,2.3459364004164414,0.04624407343325169,2524.7844806763287,253.95062560738583,46.97484551603263,0.0,0.3214419827262486,0.0,0.011694915254237288,9.444365319565604,0.02906779661016949,-402.6428255007704,-0.033816425120772944,-0.8674805596763318,1.0462110638859308,-0.8867446578231928,-0.8538124610656073,-1.0051909529106415,-0.7687120701281187,-1.7130807336992904,1.022342996268614,-0.5541049979019043,6.689170576978745,Agricultural Inputs,Basic Materials,RKDA
2020Q4,2020,Q4,2021-03-31,2020-12-31,8898000.0,7130000.0,7469000.0,0.8300668923090356,5394000.0,0.7565217391304347,47348000.0,27725000.0,31696000.0,6314000.0,18796000.0,3812000.0,-211825000.0,1084825341.6000001,1074029341.6000001,2.5863794773283897,5.019955654101995,0.06855622201571344,0.11707844905320108,0.20475192708088166,2.5863794773283897,0.32093778178539223,152.14941677419358,30.479471274443696,39.128055603246175,0.0,0.45540398740818466,0.0,0.1505871420123342,4.287773202407349,0.18792768437948804,-153.91960011350739,0.7565217391304347,2.3834448205150593,1.4746551474193357,0.08988305990612577,-0.858188668588008,4.532416502946955,2.3922703802221874,1.9852262234533702,1.613070580979204,0.01828913159048009,-0.29382634347228476,Agricultural Inputs,Basic Materials,RKDA
2020Q3,2020,Q3,2020-11-13,2020-09-30,-6391000.0,314000.0,-7581000.0,-0.6,-1527000.0,-4.8630573248407645,33877000.0,11280000.0,21194000.0,8408000.0,21875000.0,9416000.0,-220725000.0,1200597216.0,1193649216.0,1.0522763031294586,2.52069457659372,0.09602385099034744,0.28838652482269506,-0.3648067725520094,1.0522763031294586,-0.5665780141843971,3823.5580127388534,-46.96437239868565,106.4359234042553,0.0,0.19551826677994902,0.0,0.009268825456799598,1.2576117982873454,-0.18865306845352303,-166.56454162042175,-4.8630573248407645,0.42307692307692313,0.7183123932671187,-0.9649337064501324,-0.9476092291054387,-0.2630272952853598,0.34038600474765196,-0.10253054101221641,0.7188527794997115,-0.8938798357282897,-0.7895008410939084,Agricultural Inputs,Basic Materials,RKDA
2020Q2,2020,Q2,2020-08-13,2020-06-30,-9689000.0,281000.0,-6876000.0,-1.04,-1209000.0,-4.302491103202847,37778000.0,12120000.0,26096000.0,8364000.0,24162000.0,8772000.0,-214335000.0,1402828476.8,1391094476.8,1.299409036918119,3.1200382592061215,0.08632008047011488,0.2690594059405941,-0.32364574776505034,1.299409036918119,-0.7994224422442244,4992.272159430605,-36.196420600681186,115.74492382838285,0.0,0.16985864113087096,0.0,0.007438191540049765,1.9127211860353899,-0.2564720207528191,-170.0604287550006,-4.302491103202847,-4.586206896551725,0.6641652013836553,-0.9749555988574777,-0.967769146559298,-7.830508474576271,-4.837227722772277,-0.18756476683937823,0.4468394548383981,-0.935149123467302,-0.8122110539039195,Agricultural Inputs,Basic Materials,RKDA
2020Q1,2020,Q1,2020-05-13,2020-03-31,2525000.0,309000.0,-5790000.0,0.29,177000.0,0.5728155339805825,32248000.0,11015000.0,23758000.0,5808000.0,20025000.0,5971000.0,-204646000.0,986238282.0,973426282.0,1.27323185777532,4.090564738292011,0.004992557677995535,0.014616432137993645,-0.3379369834292685,1.27323185777532,0.2292328642759873,3191.7096504854367,97.64735465346536,89.53593118474807,0.0,0.022106849773907217,0.0,0.009581989580749194,2.8111225895316805,0.07829942942197966,-98.15269526273886,0.5728155339805825,1.401866373538363,1.095654432473522,-0.9166516209497908,1.3317549605008687,2.220689655172414,1.4044529873458274,-0.4514916019052394,1.153549030778104,-0.9221789653360345,-0.846277300112548,Agricultural Inputs,Basic Materials,RKDA
2019Q4,2019,Q4,2020-03-25,2019-12-31,-6243000.0,416000.0,-3989000.0,-0.721632908587501,-145000.0,-0.3485576923076923,32574000.0,7705000.0,28440000.0,5708000.0,24248000.0,1794000.0,-207171000.0,1896345889.6,1888059889.6,0.8906265514442888,4.982480728801682,0.004021612328851231,0.01700194678780013,-0.4003851109149717,0.8906265514442888,-0.8102530824140168,4558.523773076923,-75.93888713759411,246.11886951330303,0.0,0.31270903010033446,0.0,0.012770921593909253,4.543447792571829,-0.19165592190090255,-337.969326252005,-0.3485576923076923,0.6462583781433819,0.30964377969349755,-0.9673154953108173,1.8985817128483564,-1.6744186046511629,0.5599492493127511,0.3558856773776845,0.7195885974170894,-0.8024914639351944,-0.9110092032281109,Agricultural Inputs,Basic Materials,RKDA
2019Q3,2019,Q3,2019-11-06,2019-09-30,-14187000.0,392000.0,-6193000.0,-2.04,215000.0,0.548469387755102,37302000.0,13544000.0,33606000.0,6023000.0,23069000.0,1843000.0,-200928000.0,1299656966.3999999,1279252966.3999999,1.9508507748956734,5.579611489291051,0.003672725323038979,0.010115180153573539,-0.39337297952188177,1.9508507748956734,-1.0474748966331955,3315.451444897959,-22.90225146965532,95.9581339633786,0.0,0.09603906673901248,0.0,0.010508819902418101,5.150755437489623,-0.3803281325398102,-300.84651999999994,0.548469387755102,-3.4285714285714284,0.5267342661162279,-0.9384991217973908,11.967790319736322,0.8859649122807017,-4.347569608305805,-0.24332463360770928,-0.08585344770634241,-0.8834761760264507,-0.8426822617622632,Agricultural Inputs,Basic Materials,RKDA
2019Q2,2019,Q2,2019-08-14,2019-06-30,4238000.0,203000.0,-4981000.0,0.84,114000.0,0.5615763546798029,25346000.0,8286000.0,22000000.0,4157000.0,17060000.0,839000.0,-186741000.0,632862462.4,620419462.4,1.639230103908909,5.292278085157566,0.0,0.0,-0.4749905230184502,1.639230103908909,0.5114651218923485,3117.549075862069,37.332613402548375,76.37731865797731,0.0,0.10607866507747318,0.0,0.008009153318077803,4.84772672600433,0.1672058707488361,-135.02506131854065,0.5615763546798029,1.3181818181818181,1.2360440984525287,-0.9496535798188165,-0.60269482131306,0.15151515151515152,1.3360291785601015,-0.180891417733523,1.4081347867905234,-0.8766013895869857,-0.8839308986524851,Agricultural Inputs,Basic Materials,RKDA
2019Q1,2019,Q1,2019-05-08,2019-03-31,-12612000.0,158000.0,-4218000.0,-2.64,99000.0,0.6265822784810127,21950000.0,633000.0,18565000.0,2968000.0,21317000.0,187000.0,-190978000.0,1396660296.0,1388567296.0,0.13252270471931565,6.255053908355795,0.0,0.0,-1.4185238454508267,0.13252270471931565,-19.924170616113745,8839.622126582279,-27.68514700285442,2206.4143696682463,0.0,0.3155080213903743,0.0,0.0071981776765375855,6.02156334231806,-0.5745785876993166,-344.2593778654178,0.6265822784810127,-18.520225386996906,-0.2427359244776047,-0.9606995244692956,0.0,-0.5373831775700935,-18.523219814241486,0.03123564538355535,-0.12471942021253148,-0.9141688202380213,-0.9917418187243239,Agricultural Inputs,Basic Materials,RKDA
2018Q4,2018,Q4,2019-04-01,2018-12-31,-646000.0,444000.0,-4354000.0,-0.13524434004530475,214000.0,0.481981981981982,24024000.0,12815000.0,22876000.0,3054000.0,11209000.0,181000.0,-178366000.0,605665272.0,593667272.0,2.6829043617346446,7.490504256712508,0.0,0.0,-0.3315464199454708,2.6829043617346446,-0.05040967616074912,1364.110972972973,-234.3905851393189,47.26221396800624,0.0,1.270718232044199,0.0,0.01848151848151848,7.200720366732154,-0.026889776889776888,-212.06767226890756,0.481981981981982,-1.1454240215540912,0.9229856683911454,-0.9240384958909247,1.253759601553818,-0.13008130081300814,-1.1451685393258426,-0.062210295193949744,0.9226635554837487,-0.8476862071248413,-0.8528962037768585,Agricultural Inputs,Basic Materials,RKDA
2018Q3,2018,Q3,2018-11-07,2018-09-30,4450000.0,370000.0,-4099000.0,0.93,246000.0,0.6648648648648648,27217000.0,12922000.0,26203000.0,2637000.0,14295000.0,354000.0,-177720000.0,914838651.1999999,908169651.1999999,2.706329905008281,9.93667045885476,0.0,0.0,-0.31685494126808683,2.706329905008281,0.3443739359232317,2472.5368951351347,51.39542984269663,70.79698585358304,0.0,0.3502824858757062,0.0,0.013594444648565235,9.46568069776261,0.16350075320571703,-226.50127536518937,0.6648648648648648,1.4603960396039604,1.5411551826870986,-0.9080323504814765,0.0,0.4909090909090909,1.667266456740141,0.10463084316295325,1.4403411198112728,-0.9072332697688019,-0.8652571481494771,Agricultural Inputs,Basic Materials,RKDA
2018Q2,2018,Q2,2018-08-08,2018-06-30,-6669000.0,436000.0,-4578000.0,-2.02,165000.0,0.37844036697247707,31132000.0,8130000.0,29966000.0,2923000.0,23002000.0,282000.0,-182170000.0,1091530110.0,1081863110.0,2.457925782734477,10.251796099897366,0.0,0.0,-0.5640299548084096,2.457925782734477,-0.8202952029520295,2503.509426605505,-40.91805780476833,134.25954612546127,0.0,0.9609929078014184,0.0,0.014004882436078633,9.881628463906944,-0.21421688295001928,-251.73664898523984,0.37844036697247707,0.5843621399176955,0.0,0.0,0.0,-0.07303370786516854,0.3717381064531324,-0.1924980463662412,0.34815789002086367,-0.8904213924630429,-0.9390330193028898,Agricultural Inputs,Basic Materials,RKDA
2018Q1,2018,Q1,2018-05-09,2018-03-31,-10615000.0,214000.0,-3839000.0,-4.86,178000.0,0.8317757009345794,22599000.0,667000.0,21245000.0,3032000.0,21932000.0,309000.0,-175501000.0,2099622638.3999999,2079204638.3999999,0.305096157892522,7.0069261213720315,0.0,0.0,-5.761049461125166,0.305096157892522,-15.914542728635682,9811.320740186915,-49.44942624587847,3147.860027586207,0.0,0.11650485436893204,0.0,0.009469445550688084,6.767480211081794,-0.46971104916146733,-792.3104295849056,0.8317757009345794,-2.5894974864864864,-1.285278916703845,-0.8837002408455862,0.0,-0.8734896943852167,-2.5861486486486487,-0.2796666666666667,-0.5912983954651165,-0.7715767209821509,1.079496254505801,Agricultural Inputs,Basic Materials,RKDA
2017Q4,2017,Q4,2018-03-20,2017-12-31,-2960000.0,1428000.0,-3000000.0,-1.3539499660597678,1407000.0,0.9852941176470589,16570000.0,8007000.0,15047000.0,3525000.0,8563000.0,229000.0,-167257000.0,480963120.0,471838120.0,3.6625261412974868,4.268652482269504,0.0,0.0,-0.3740403369648522,3.6625261412974868,-0.3696765330335956,336.80890756302523,-40.62188513513513,60.067830648182834,0.0,0.09170305676855896,0.0,0.08617984308992155,4.044822695035461,-0.17863608931804467,-179.12965363128492,0.9852941176470589,0.38456819724556013,0.22899877634069993,-0.4662189931287487,1.346416065943992,1.5628415300546448,0.34585635359116024,0.17012448132780084,-0.29526767686177585,-0.5560186839288526,4.6952401745287995,Agricultural Inputs,Basic Materials,RKDA
2017Q3,2017,Q3,2017-11-09,2017-09-30,-4525000.0,589000.0,-3615000.0,-2.2,549000.0,0.9320882852292021,18978000.0,10667000.0,17166000.0,2520000.0,8311000.0,236000.0,-164297000.0,720727487.1999999,717797487.1999999,4.998957281339553,6.811904761904762,0.0,0.0,-0.3398720876076346,4.998957281339553,-0.42420549357832565,1223.6459884550084,-39.8191981878453,67.56609048467236,0.0,0.1694915254237288,0.0,0.031035936347349562,6.2821428571428575,-0.23843397618294868,-302.31857684563755,0.9320882852292021,-0.2222222222222223,-0.23130750117216095,-0.6724068678685814,0.0,-0.37257142857142855,-0.12955566650024963,0.032646507894032645,0.5088738022285691,-0.699343518908446,29.104412692448708,Agricultural Inputs,Basic Materials,RKDA
2017Q2,2017,Q2,2017-08-10,2017-06-30,-4006000.0,991000.0,-3737000.0,-1.8,875000.0,0.8829465186680121,48433000.0,14761000.0,46517000.0,6694000.0,33672000.0,286000.0,-159772000.0,767966760.0,779753760.0,6.919518235398626,6.949058858679415,0.520822579646109,1.7088950613102094,-0.09364471912342907,6.919518235398626,-0.27139082717973034,774.9412310797175,-47.92603344982526,52.02674344556602,0.0,0.40559440559440557,0.0,0.020461255755373404,6.685240513893039,-0.08271220035925918,-175.01521422060165,0.8829465186680121,0.09999999999999998,0.0,0.0,0.0,-0.04057017543859649,0.04981024667931689,0.05702750441584658,0.47130132124843627,-0.4176135011992913,0.6771046495467244,Agricultural Inputs,Basic Materials,RKDA
2017Q1,2017,Q1,2017-05-10,2017-03-31,-4216000.0,1018000.0,-3963000.0,-2.0,912000.0,0.8958742632612967,52648000.0,18371000.0,50444000.0,5171000.0,34277000.0,242000.0,-155766000.0,1209613388.24,1227229388.24,8.282653496897442,9.755173080642042,0.478175809147546,1.3703663382505036,-0.09122358549402854,8.282653496897442,-0.22949213434216972,1188.225332259332,-71.72754911290322,65.84363334821187,0.0,0.4380165289256198,0.0,0.01933596717824039,9.460645909882034,-0.08007901534721167,-263.70468459559623,0.8958742632612967,0.22284197617379115,0.10536556998128975,-0.45469609052996446,0.0,9.070796460176991,0.2613875262789068,0.27563516724547615,0.10536556998128975,-0.45469609052996446,0.0,Agricultural Inputs,Basic Materials,RKDA
2016Q4,2016,Q4,2017-03-08,2016-12-31,-5708000.0,540000.0,-5471000.0,-2.573479187866235,-113000.0,-0.20925925925925926,56574000.0,22198000.0,52222000.0,3129000.0,34376000.0,252000.0,-151550000.0,1632454624.0,1704115624.0,10.008074809434948,16.689677213167148,0.44414395305263904,1.1319488242183982,-0.11562511668833123,10.008074809434948,-0.2571402829083701,3023.0641185185186,-71.49853819201121,73.54061735291468,0.0,2.5912698412698414,0.0,0.009545020680878142,16.328859060402685,-0.10089440378972674,-380.88068688754083,-0.20925925925925926,-0.429710659925686,-0.465457108936492,-0.8010451822226257,1.9466029099602327,-1.1113300492610838,-0.367185628742515,-0.3931754519989814,-0.465457108936492,-0.8010451822226257,1.9466029099602327,Agricultural Inputs,Basic Materials,RKDA
2016Q3,2016,Q3,2016-11-10,2016-09-30,-4175000.0,1075000.0,-3927000.0,-1.8,1015000.0,0.9441860465116279,61586000.0,27511000.0,55675000.0,3825000.0,34075000.0,360000.0,-145842000.0,3460864680.0,3518881680.0,12.400704438984306,14.555555555555555,0.4071866982755821,0.9115262985714805,-0.07480024434319908,12.400704438984306,-0.15175747882665117,3219.409004651163,-207.23740598802397,125.79930500527063,0.0,0.16666666666666666,0.0,0.017455265807163965,14.150849673202615,-0.0677913811580554,-875.0606017699115,0.9441860465116279,0.09999999999999998,-0.0927159207749985,-0.424916632601274,0.0,0.47959183673469385,0.08261920457042408,0.08440195849848449,-0.0927159207749985,-0.424916632601274,0.0,Agricultural Inputs,Basic Materials,RKDA
2016Q2,2016,Q2,2016-08-09,2016-06-30,-4551000.0,721000.0,-4289000.0,-2.0,686000.0,0.9514563106796117,65709000.0,31288000.0,56197000.0,4079000.0,34421000.0,306000.0,-141667000.0,4590333664.0,4614872664.0,14.12288098105454,13.777151262564354,0.3808762878753291,0.7998913321401177,-0.0763454115283719,14.12288098105454,-0.14545512656609563,6366.6208932038835,-252.16071544715447,146.7122751214523,0.0,0.11437908496732026,0.0,0.010972621710876745,13.361363079186075,-0.06925991873259371,-1132.5767737478411,0.9514563106796117,0.16666666666666663,0.0,0.0,0.0,-0.02695035460992908,0.12312138728323699,0.13054936144334076,0.0,0.0,0.0,Agricultural Inputs,Basic Materials,RKDA
2016Q1,2016,Q1,2016-05-10,2016-03-31,-5190000.0,852000.0,-4933000.0,-2.4,705000.0,0.8274647887323944,70105000.0,35477000.0,52535000.0,4158000.0,34628000.0,316000.0,-137116000.0,4916723568.0,4932815568.0,16.047444382173165,12.634680134680135,0.3562941302332216,0.7040617865095696,-0.0816923247165783,16.047444382173165,-0.14629196380753728,5770.802309859155,-236.83639537572253,138.58904552245116,0.0,0.4651898734177215,0.0,0.012153198773268668,12.238335738335739,-0.07403180942871407,-984.9205865384615,0.8274647887323944,-0.33333333333333326,-0.10492972926774248,-0.5421188938601353,0.0,0.0413589364844904,-0.34560539279232566,-0.21203931203931203,-0.10492972926774248,-0.5421188938601353,0.0,Agricultural Inputs,Basic Materials,RKDA
2015Q4,2015,Q4,2016-03-08,2015-12-31,-3857000.0,1346000.0,-4070000.0,-1.8,677000.0,0.5029717682020802,74242000.0,40225000.0,52017000.0,3450000.0,34017000.0,294000.0,-131926000.0,5363870848.0,5391097848.0,18.23817216562482,15.077391304347826,0.3357937555561542,0.619763828464885,-0.05944559731285129,18.23817216562482,-0.09588564325668117,3985.04520653789,-347.6711724137931,133.3466960348042,0.0,2.2755102040816326,0.0,0.018129899517793164,14.767826086956521,-0.05195172543843107,-1335.2927179487178,0.5029717682020802,0.18181818181818185,0.004165085548108028,-0.5012828275418509,2.7250377493242293,-0.6157775255391601,0.16497077289456594,0.03896103896103896,0.004165085548108028,-0.5012828275418509,2.7250377493242293,Agricultural Inputs,Basic Materials,RKDA
2015Q3,2015,Q3,2015-11-05,2015-09-30,-4619000.0,1823000.0,-4235000.0,-2.2,1762000.0,0.9665386725178278,79973000.0,43833000.0,76642000.0,10895000.0,36140000.0,598000.0,-128069000.0,5324955960.0,5285090960.0,20.085146394337503,7.034603028912345,0.2888599902467083,0.5270230191864577,-0.06196990082491854,20.085146394337503,-0.1053772272032487,2920.9851673066373,-288.2093505087681,121.4828088426528,0.0,0.1020066889632107,0.0,0.022795193377764995,6.918035796236806,-0.05775699298513248,-1148.1146959896507,0.9665386725178278,0.4210526315789473,-0.22894537516513092,-0.008613871704683022,0.0,0.33081570996978854,-0.2561871090562959,-0.1939667324499577,-0.22894537516513092,-0.008613871704683022,0.0,Agricultural Inputs,Basic Materials,RKDA
2015Q2,2015,Q2,2015-08-11,2015-06-30,-3677000.0,1430000.0,-3547000.0,-3.8,1324000.0,0.9258741258741259,84988000.0,47926000.0,81636000.0,11783000.0,37062000.0,572000.0,-123450000.0,6057961728.0,6000763728.0,40.31568817464804,6.928286514469999,0.2683319998117381,0.47583774986437427,-0.051405980062511555,40.31568817464804,-0.07672244710595501,4236.336872727273,-411.88208648354635,126.4024063764971,0.0,0.1853146853146853,0.0,0.016825904833623572,6.819994907918187,-0.04326493151974396,-1514.490432,0.9258741258741259,-0.24538697225572967,0.0,0.0,0.0,0.7444005270092227,0.3663622264346028,0.04419293990838049,0.0,0.0,0.0,Agricultural Inputs,Basic Materials,RKDA
2015Q1,2015,Q1,2015-06-25,2015-03-31,-5803000.0,815000.0,-3711000.0,-3.051260439249,759000.0,0.9312883435582822,19420000.0,-7299000.0,12373000.0,12056000.0,26719000.0,521000.0,-119773000.0,11106728080.0,11108401080.0,-3.837868334668008,1.0262939615129396,0.6668898043254377,-1.7743526510480887,-0.683556484192227,-3.837868334668008,0.7950404164954104,13627.887214723927,-478.49078407720145,-1521.6780490478147,0.0,0.10748560460652591,0.0,0.04196704428424305,0.9620106171201062,-0.29881565396498455,-4263.619224568139,0.9312883435582822,-1.9190140845070418,-0.4361096091194679,-0.4908585514818475,0.0,-0.7222832052689352,-1.9190140845070423,-1.2766871165644171,-0.4361096091194679,-0.4908585514818475,0.0,Agricultural Inputs,Basic Materials,RKDA
2014Q4,2014,Q4,2014-12-31,2014-12-31,-1988000.0,2798000.0,-1630000.0,-1.0453051444471846,2733000.0,0.9767691208005719,24889000.0,-1885000.0,18695000.0,11269000.0,26774000.0,424000.0,-113970000.0,11106728080.0,11104632080.0,-0.9911469805246191,1.658975951725974,0.5815822250793523,-7.679045092838196,-0.13131737206399638,-0.9911469805246191,1.0546419098143236,3969.523974267334,-1396.721338028169,-5892.163437665782,0.0,0.15330188679245282,0.0,0.11241914098597774,1.5966811607063627,-0.07987464341677046,-4015.447606652205,0.9767691208005719,0.8019298068977307,0.4047552969689544,0.20226006714596428,0.9062534369668772,10.327645051194539,0.7185730464326161,0.7257277469291603,0.4047552969689544,0.20226006714596428,0.9062534369668772,Agricultural Inputs,Basic Materials,RKDA
2014Q3,2014,Q3,2014-09-30,2014-09-30,-7064000.0,1502000.0,-5943000.0,-5.277448,-293000.0,-0.19507323568575233,26468000.0,-291000.0,22986000.0,10770000.0,26759000.0,443000.0,-111982000.0,9554345120.0,9547711120.0,-0.1778709036208648,2.1342618384401115,0.5491914764999244,-49.95189003436426,-0.41937142702905444,-0.1778709036208648,24.274914089347078,6361.081970705725,-338.13509060022653,-32832.80109965636,0.0,4.051918735891648,0.0,0.056747770893154,2.072794800371402,-0.2668883179688681,-2553.9548569901094,-0.19507323568575233,-0.36419666442551035,-1.5071102025496284,0.08959278357170071,0.0,-1.232724384432089,-0.21562553777318877,-0.1888377675535107,-1.5071102025496284,0.08959278357170071,0.0,Agricultural Inputs,Basic Materials,RKDA
2014Q2,2014,Q2,2014-06-30,2014-06-30,-5811000.0,1305000.0,-4999000.0,-3.868539,1259000.0,0.9647509578544061,32850000.0,6750000.0,27690000.0,9520000.0,26090000.0,910000.0,-104920000.0,9554345120.0,9542935120.0,4.125871475741709,2.908613445378151,0.4343987823439878,2.114074074074074,-0.24236986523469956,4.125871475741709,-0.8608888888888889,7321.337256704981,-411.04565135088626,1415.4585362962964,0.0,0.05054945054945055,0.0,0.03972602739726028,2.7909663865546217,-0.17689497716894978,-1516.0814217708664,0.9647509578544061,-0.8207708393440678,0.0,0.0,0.0,-0.020995334370139968,-0.6717491369390104,-0.9360960495739736,0.0,0.0,0.0,Agricultural Inputs,Basic Materials,RKDA
2014Q1,2014,Q1,2014-03-31,2014-03-31,-3476000.0,1377000.0,-2582000.0,-2.124671,1286000.0,0.9339143064633261,,,,,,,,9554345120.0,,,0.0,0.0,0.0,0.0,,0.0,6938.52223674655,-687.1652128883775,0.0,0.0,0.0,0.0,0.0,0.0,0.0,-4494.04756349953,0.9339143064633261,-0.20988513751409682,0.0,0.0,0.0,-0.32845953002610967,-0.20988513748694745,-0.13895015438906044,0.0,0.0,0.0,Agricultural Inputs,Basic Materials,RKDA
2013Q4,2013,Q4,2013-12-31,2013-12-31,-2873000.0,2002000.0,-2267000.0,-1.7560931481193973,1915000.0,0.9565434565434565,9542000.0,-17297000.0,4567000.0,9544000.0,26839000.0,450000.0,-95631000.0,9554345120.0,9566002120.0,-10.572622061615458,0.4785205364626991,1.518759169985328,-0.83783315025727,0.8412711609367862,-10.572622061615458,0.1660981673122507,4772.40015984016,-831.390978071702,-552.3700711105972,0.0,0.19333333333333333,0.0,0.2098092643051771,0.40433780385582563,-0.3010899182561308,-3481.9041982507288,0.9565434565434565,-0.019668304931656368,0.0,0.0,0.0,0.1069364161849711,0.22768817204301076,0.14452830188679244,0.0,0.0,0.0,Agricultural Inputs,Basic Materials,RKDA
2013Q3,2013,Q3,2013-09-30,2013-09-30,-3720000.0,1820000.0,-2650000.0,-1.72222,1730000.0,0.9505494505494505,,,,,,,,12614400000.0,,,0.0,0.0,0.0,0.0,,0.0,6930.989010989011,-847.741935483871,0.0,0.0,0.0,0.0,0.0,0.0,0.0,-4395.261324041812,0.9505494505494505,0.0,0.0,0.0,0.0,0.0,0.0,0.0,0.0,0.0,0.0,Agricultural Inputs,Basic Materials,RKDA
2013Q2,,,,,,,,,,,,,,,,,,0.0,,0.0,0.0,0.0,0.0,0.0,0.0,0.0,0.0,0.0,0.0,0.0,0.0,,0.0,0.0,0.0,0.0,0.0,0.0,0.0,0.0,0.0,0.0,0.0,0.0,0.0,0.0,0.0,Agricultural Inputs,Basic Materials,RKDA
