Quarters,Year,Quarter,FillingDate,Date,NetIncome,Revenue,OperatingIncome,EPSDiluted,GrossProfit,GrossProfitRatio,TotalAssets,CommonStockEquity,CurrentAssets,CurrentLiability,TotalLiability,Inventory,RetainedEarnings,MarketCap,EnterpriseValue,bookValuePerShare,currentRatio,debtToAssets,debtToEquity,roic,shareholdersEquityPerShare,roe,priceToSalesRatio,peRatio,pbRatio,payoutRatio,inventoryTurnover,dividendYield,assetTurnover,quickRatio,returnOnAssets,priceToFreeCashFlowsRatio,grossProfitMargin,epsdilutedGrowth,fiveYNetIncomeGrowthPerShare,fiveYRevenueGrowthPerShare,fiveYShareholdersEquityGrowthPerShare,grossProfitGrowth,netIncomeGrowth,operatingIncomeGrowth,threeYNetIncomeGrowthPerShare,threeYRevenueGrowthPerShare,threeYShareholdersEquityGrowthPerShare,Industry,Sector,Symbol
2023Q1,2023,Q1,2023-03-31,2023-03-31,11355000.0,79472000.0,15912000.0,0.56,36689000.0,0.4616594524,298562000.0,152539000.0,161820000.0,94628000.0,140224000.0,27963000.0,0.0,442438920.0,424191920.0,7.5090577926553115,1.7100646743035888,0.05033795325594014,0.0985256229554409,0.07182307983745026,7.5090577926553115,0.0744399792839864,5.567230219448359,9.741059445178335,2.900497053212621,0.24632320563628357,1.5299860529986054,0.00632177657426702,0.26618256844474514,0.8610030857674261,0.03803230149851622,30.529873033397738,0.4616594523857459,0.19148936170212785,0.03896543441795916,0.30046236295681134,0.2399975097372461,0.023317435082140965,0.1862724613455913,0.03972817564035546,0.8272228803450971,0.19086461546322267,0.3471887512049497,Communication Equipment,Technology,ITRN
2022Q4,2022,Q4,2022-12-31,2022-12-31,9572000.0,74948000.0,15304000.0,0.47,35853000.0,0.478371671,290574000.0,145797000.0,150652000.0,93283000.0,137715000.0,28509000.0,168963000.0,427713460.0,418620460.0,7.202697361920759,1.6149995175969898,0.0645515428083724,0.12865148116902267,0.06551797599407896,7.202697361920759,0.0656529283867295,5.7068028499759835,11.170953301295445,2.933623188405797,0.2971165900543251,1.3713213371216106,0.006649311433874445,0.2579308541025694,0.7931455892284768,0.03294169471459938,52.370939145341005,0.4783716710252442,-0.04081632653061228,0.009294539331418841,0.352521498801627,0.20062133941294602,0.035764841831575904,-0.04888712241653418,0.0434308311174746,1.646833882720737,0.18018880284113675,0.16257873215878643,Communication Equipment,Technology,ITRN
2022Q3,2022,Q3,2022-09-30,2022-09-30,10064000.0,72664000.0,14667000.0,0.49,34615000.0,0.4763706925,288335000.0,140776000.0,153379000.0,96641000.0,141073000.0,32494000.0,0.0,474898980.0,467577980.0,6.918759522288298,1.5871007129479207,0.07889087346315918,0.16158294027391032,0.06711485227886109,6.918759522288298,0.07148945843041428,6.535546900803699,11.796973867249603,3.3734370915496963,0.28368441971383146,1.1709546377792823,0.006011804868479608,0.25201241611320163,0.7760888235841931,0.03490384448644805,64.52431793478262,0.47637069250247716,0.13953488372093023,-0.015084709539256402,0.21581002469629604,0.18034407855810508,0.023174012000827644,0.1517509727626459,0.015931287663642033,0.6263893029619488,0.08909978793079575,-0.029689538841926544,Communication Equipment,Technology,ITRN
2022Q2,2022,Q2,2022-06-30,2022-06-30,8738000.0,73388000.0,14437000.0,0.43,33831000.0,0.4609881725,288016000.0,137590000.0,150813000.0,95830000.0,144369000.0,29154000.0,0.0,501065399.99999994,496195399.99999994,6.724828934506354,1.573755608890744,0.09652588745069718,0.20205683552583764,0.06136169674999,6.724828934506354,0.06350752234900792,6.827620319398266,14.335814831769284,3.641728323279308,0.3290226596475166,1.3568292515606777,0.005737773951264645,0.25480528859507806,0.8244182406344569,0.030338592300427753,222.10345744680848,0.4609881724532621,-0.04444444444444448,-0.14331242421156415,0.2848967411342518,0.21278975021699575,0.017076030424195053,-0.06415336831958873,0.004942224697201726,0.16794019587440512,0.0593749422857116,-0.10428983863628874,Communication Equipment,Technology,ITRN
2022Q1,2022,Q1,2022-03-31,2022-03-31,9337000.0,72072000.0,14366000.0,0.45,33263000.0,0.4615245865,310653000.0,143174000.0,169544000.0,105326000.0,161640000.0,31550000.0,0.0,472692680.0,464357680.0,6.972533359306516,1.609707004918064,0.11240515945443952,0.2438920474387808,0.060929716466886726,6.972533359306516,0.06521435456158241,6.5586174936174935,12.656438899003962,3.301525975386592,0.3096283602870301,1.230079239302694,0.0061160244749294615,0.23200162238896777,0.8872453145472153,0.030056043237953602,570.8848792270531,0.4615245865245865,-0.11764705882352941,-0.2658547917143417,0.2886359990634878,0.3174264195031183,-0.0048764434871058455,-0.10650717703349283,-0.06580829756795423,0.204468795364343,0.01771626436701869,-0.04619551354472536,Communication Equipment,Technology,ITRN
2021Q4,2021,Q4,2021-12-31,2021-12-31,10450000.0,70356000.0,15378000.0,0.51,33426000.0,0.4750980727,293021000.0,132460000.0,162734000.0,104632000.0,155218000.0,27128000.0,143259000.0,550762170.0,536572170.0,6.41421722918987,1.5552985702270816,0.1232539647329031,0.2726558961195833,0.07000349085890062,6.41421722918987,0.07889174090291409,7.82821891523111,13.176128468899522,4.157950853087725,0.27799043062200957,1.36132409318785,0.005274508959102982,0.24010565795625569,0.9426083798455539,0.035662972960982316,51.65655317951604,0.47509807265904824,0.45714285714285724,0.14620407454960158,0.41847836538933764,0.315608162670604,0.048790436446926676,0.4291575492341357,0.10688836104513064,-0.04680795447974254,-0.08153639212887238,-0.10931386526796803,Communication Equipment,Technology,ITRN
2021Q3,2021,Q3,2021-09-30,2021-09-30,7312000.0,65701000.0,13893000.0,0.35,31871000.0,0.4850915511179434,303254000.0,130837000.0,174936000.0,115480000.0,167830000.0,26334000.0,0.0,528086610.0,500878610.0,6.290542814558393,1.514859715968133,0.11785170187367686,0.27315667586386116,0.05805491396553714,6.290542814558393,0.05588633184802464,8.037725605394135,18.05547763949672,4.036217660142008,0.3834792122538293,1.2846510214931268,0.005309735083038746,0.2166533664848609,0.9779528922757187,0.024111800668746332,74.3365160472973,0.4850915511179434,-0.2045454545454546,-0.09553216486045076,0.2553989061919456,0.3417435708830719,0.034067681126504656,-0.1971892841458059,0.008932461873638345,-0.7164723741260087,0.24339624831218262,-0.148041613267119,Communication Equipment,Technology,ITRN
2021Q2,2021,Q2,2021-06-30,2021-06-30,9108000.0,67462000.0,13770000.0,0.44,30821000.0,0.45686460525925704,310093000.0,132280000.0,177405000.0,117232000.0,173760000.0,21170000.0,0.0,566946120.0,541537120.0,6.355643107673089,1.5132813566261771,0.12953210810950264,0.3036513456304808,0.061120421436836,6.355643107673089,0.06885394617478077,8.403932880732857,15.561762187088272,4.285954944058059,1.108915239350022,1.7307982994803968,0.01781474401835575,0.21755408861212605,1.0036252900232019,0.02937183361120696,38.019455472103004,0.45686460525925704,0.09999999999999995,0.202126257278722,0.3798759010404584,0.4114078021784509,0.015050717955473587,0.10252996005326231,0.07788649706457926,-0.23617500026567176,0.1775661450870944,0.07017911666390421,Communication Equipment,Technology,ITRN
2021Q1,2021,Q1,2021-03-31,2021-03-31,8261000.0,67365000.0,12775000.0,0.4,30364000.0,0.45073851406516735,300329000.0,121024000.0,170255000.0,116533000.0,176084000.0,20442000.0,0.0,441859990.0,421592990.0,5.8148272714169025,1.46100246282169,0.14605982106290102,0.362457033315706,0.058239545418226485,5.8148272714169025,0.06825918826017979,6.55919231054702,13.371867509986686,3.6510112870174516,0.0,1.8100479405146268,0.0,0.2243040132654522,0.9734238370247055,0.027506501203679964,68.12519118100525,0.45073851406516735,0.21212121212121213,0.17235130093817602,0.4378839645924473,0.3952018929964824,0.028869612361073462,0.21093520961594842,0.058409279204639605,-0.26225317920750724,0.07591688456829522,-0.039776822178446296,Communication Equipment,Technology,ITRN
2020Q4,2020,Q4,2020-12-31,2020-12-31,6822000.0,63613000.0,12070000.0,0.33,29512000.0,0.4639303287063965,312472000.0,127192000.0,179435000.0,112727000.0,182573000.0,22622000.0,127684000.0,396487650.0,384308650.0,6.111180512179888,1.5917659478208415,0.19203000588852762,0.4717592301402604,0.04790687778028573,6.111180512179888,0.053635448770362915,6.232808545423105,14.529743843447669,3.1172373262469337,0.0,1.507426399080541,0.0,0.20357984075373153,1.0484533430322815,0.021832356179113648,28.793583877995644,0.4639303287063965,-0.25884501101625823,0.11174462406010306,0.4634683632083995,0.5309712654948492,0.07798517003323958,-0.26383943023632245,0.1445097667362033,-0.3004066300957291,0.11647433134020362,0.018675832573240302,Communication Equipment,Technology,ITRN
2020Q3,2020,Q3,2020-09-30,2020-09-30,9267000.0,60329000.0,10546000.0,0.445251,27377000.0,0.45379502395199656,301322000.0,116292000.0,160405000.0,107383000.0,182976000.0,23391000.0,0.0,289716960.0,291985960.0,5.5874693701052225,1.4937653073577755,0.21274583336098923,0.5512417019227462,0.04025901452145228,5.5874693701052225,0.07968733876792901,4.802283478923901,7.815823891226935,2.4912888246826954,0.0,1.40874695395665,0.0,0.2002143885942613,0.9497499604220407,0.03075447527893748,24.84068935951299,0.45379502395199656,2.48417,0.5155866619326958,0.38690382364039605,0.3676782908683698,-0.010124019235636548,2.46328754144955,3.170405433216711,-0.11338899928723592,-0.013179310547279274,-0.04677473412933109,Communication Equipment,Technology,ITRN
2020Q2,2020,Q2,2020-08-25,2020-06-30,-6333000.0,53311000.0,-4859000.0,-0.3,27657000.0,0.5187859916339967,296695000.0,108027000.0,156960000.0,92234000.0,182222000.0,25175000.0,0.0,333424260.0,345380260.0,5.190361793110076,1.7017585705921894,0.23167899694972952,0.6363038869912152,-0.049154541249704954,5.190361793110076,-0.05862423283068122,6.25432387312187,-13.162176693510183,3.0864900441556276,-0.7764092846991947,1.0190268123138033,0.01474697731952678,0.17968283927939466,1.0291432660407225,-0.021345152429262375,19.452990665110853,0.5187859916339967,-1.967741935483871,-2.096624879963284,0.22581871851054058,0.2120131197845297,-0.1069456553327521,-1.9946599654468353,-1.482330752432003,-1.6103667417608714,-0.08244744365973918,-0.0639438350168401,Communication Equipment,Technology,ITRN
2020Q1,2020,Q1,2020-04-23,2020-03-31,6367000.0,68374000.0,10074000.0,0.31,30969000.0,0.4529353262936204,317622000.0,116009000.0,162999000.0,101744000.0,195441000.0,25526000.0,0.0,295752730.0,318127730.0,5.5738720991687885,1.6020502437490172,0.22741812594845445,0.6226499668129197,0.04067755459243396,5.5738720991687885,0.05488367281848822,4.325514523064323,11.612719098476521,2.5493947021351793,0.7931521909847652,1.465368643735799,0.017075074843772364,0.21526846377140121,0.9479969334801069,0.020045840653355247,40.731680209337554,0.4529353262936204,1.4246575342465755,-0.058226874356695615,0.5584434284785026,0.3697386484075144,0.01564344746162928,1.4172072603368062,1.615732534686144,-0.5060894156651616,0.20612840851586944,0.05315614626282882,Communication Equipment,Technology,ITRN
2019Q4,2019,Q4,2020-01-30,2019-12-31,-15261000.0,65491000.0,-16361000.0,-0.73,30492000.0,0.46559069185078866,339235000.0,129330000.0,174150000.0,101065000.0,203321000.0,25537000.0,116479000.0,524588750.0,551163750.0,6.195449101796407,1.7231484688072032,0.23741359234748774,0.622740276811258,-0.0812122167694628,6.195449101796407,-0.11800046392948271,8.010089172558061,-8.59361689928576,4.0562031237918506,-0.3309088526308892,1.3705212045267652,0.009626588446664173,0.19305496189956814,0.9836441893830703,-0.04498651377363774,42.48714262573905,0.46559069185078866,-3.4333333333333336,-3.1854846201523386,0.5106153876828519,0.4323253149694259,-0.043478260869565216,-3.384903891233005,-2.374873949579832,-2.655934873690019,0.3062244253971358,0.27073703906393537,Communication Equipment,Technology,ITRN
2019Q3,2019,Q3,2019-10-29,2019-09-30,6399000.0,68995000.0,11900000.0,0.3,31878000.0,0.4620334806870063,364193000.0,150032000.0,178996000.0,102711000.0,207631000.0,25642000.0,0.0,521606390.0,546206390.0,7.1304595789173515,1.7427149964463398,0.22200866024333252,0.5389116988375813,0.033479631798485295,7.1304595789173515,0.0426509011410899,7.560060729038336,20.378433739646816,3.47663425135971,0.7891858102828567,1.4475079946962015,0.009681629858867336,0.18944625514493688,1.0237851836706877,0.017570354180338445,63.81286885245902,0.4620334806870063,-0.1891891891891892,-0.2650917135462877,0.4789336972303784,0.6064411351750192,-0.048730267673301304,-0.1683129711463478,-0.12557866118010141,-0.21757065011547708,0.30317717180137016,0.5208939163902043,Communication Equipment,Technology,ITRN
2019Q2,2019,Q2,2019-08-28,2019-06-30,7694000.0,71242000.0,13609000.0,0.37,33511000.0,0.4703826394542545,381670000.0,157972000.0,190167000.0,107724000.0,217408000.0,26980000.0,135442000.0,640908860.0,661721860.0,7.507818069483389,1.7653169210203854,0.2179998427961328,0.526700934342795,0.03901909471765246,7.507818069483389,0.04870483376800952,8.996222172314084,20.824956459578893,4.057104170359304,0.6289316350402911,1.3984803558191252,0.007550215486176927,0.18665863180234235,1.0586034681222383,0.020158775905887286,49.79479916090436,0.4703826394542545,-0.026315789473684233,0.034724197939874565,0.5225140854508262,0.6730140418394799,-0.032508589081040505,-0.045053990318977284,0.0076262401895453875,0.0044944722565793925,0.4414023592920785,0.6672731336679486,Communication Equipment,Technology,ITRN
2019Q1,2019,Q1,2019-04-22,2019-03-31,8057000.0,73604000.0,13506000.0,0.38,34637000.0,0.47058583772621054,378835000.0,156015000.0,184252000.0,100828000.0,216680000.0,27489000.0,0.0,752732340.0000001,781052340.0000001,7.310233342704526,1.827389217280914,0.21478744044240897,0.5215460051918085,0.03958310708850582,7.310233342704526,0.05164247027529404,10.226785772512365,23.35647077075835,4.824743390058648,0.6092838525505772,1.417548837716905,0.0065215744550048155,0.19429039027544973,1.0386698139405721,0.02126783428141539,94.36283565250096,0.47058583772621054,-0.4647887323943662,0.08021398443890893,0.5907204987898874,0.7129236489895345,-0.08972168931171323,-0.2888790820829656,-0.26309471846355303,0.11505959684016417,0.5321119912495664,0.7540076294479682,Communication Equipment,Technology,ITRN
2018Q4,2018,Q4,2019-01-16,2018-12-31,11330000.0,79165000.0,18328000.0,0.71,38051000.0,0.48065432956483295,373792000.0,153693000.0,188906000.0,104692000.0,213592000.0,28367000.0,129580000.0,684224520.0,706007520.0,7.201433792521788,1.8043976617124518,0.19578000599263762,0.4761505078305453,0.05658830842469891,7.201433792521788,0.07371838665391398,8.643018000378955,15.097628420123566,4.451891237727158,0.45207413945278024,1.4493601720308809,0.007485846897155922,0.21178890933995378,1.0273564360218546,0.030310975087749336,56.496120881842955,0.48065432956483295,-0.4274193548387097,1.7498645251453548,0.7828290969487911,0.6608335396906758,0.31696258609351746,-0.56508387393958,0.3359574312996574,0.8006230342588803,0.7761115796279591,0.8041012182082828,Communication Equipment,Technology,ITRN
2018Q3,2018,Q3,2018-10-25,2018-09-30,26051000.0,53376000.0,13719000.0,1.24,28893000.0,0.541310701438849,387351000.0,155130000.0,200856000.0,116383000.0,219123000.0,35066000.0,0.0,722533900.0,751707900.0,7.383626844359829,1.7258190629215606,0.21922494068687057,0.5473925095081544,0.049484812624153225,7.383626844359829,0.16793012312254238,13.536681279976019,6.93384035161798,4.65760265583704,0.19308279912479367,0.698197684366623,0.006961611074580722,0.13779750149089584,1.032788293822981,0.06725424743966067,76.11228273464658,0.541310701438849,1.1754385964912282,2.723707075145704,0.25673670724727937,0.6696311502856437,-0.001175372489369793,1.1685673853325564,-0.07241379310344828,3.220604350433004,0.21555573123908525,0.807334496889366,Communication Equipment,Technology,ITRN
2018Q2,2018,Q2,2018-07-24,2018-06-30,12013000.0,57716000.0,14790000.0,0.57,28927000.0,0.5011955090442858,207168000.0,124526000.0,133794000.0,60632000.0,75404000.0,13526000.0,0.0,636378800.0,600275800.0,5.938859214040442,2.2066565509961737,1.448100092678406e-05,2.4091354415945265e-05,0.08842596719050828,5.938859214040442,0.09646981353291682,11.026037840460184,13.243544493465413,5.110409071197983,0.41896279031049694,2.128419340529351,0.0079088115443192,0.2785951498300896,1.3280445969125214,0.0579867547111523,70.72447210491221,0.5011955090442858,0.05555555555555539,0.7849925705794949,0.3366682878251001,0.3922386324251198,-0.08042724989668436,0.06488786455101499,-0.04832378868798662,1.064798899965624,0.31729584151184537,0.3867964451967836,Communication Equipment,Technology,ITRN
2018Q1,2018,Q1,2018-04-23,2018-03-31,11281000.0,63078000.0,15541000.0,0.54,31457000.0,0.498700022194743,218873000.0,126976000.0,142547000.0,66818000.0,84443000.0,14623000.0,0.0,652104800.0,617373800.0,6.0557039297977875,2.133362267652429,1.370657870089047e-05,2.3626512096774193e-05,0.08635493028012672,6.0557039297977875,0.08884356098790322,10.338070325628587,14.451396152823332,5.135653981854839,0.4460597464763762,2.1624153730424673,0.007716551081973327,0.28819452376492305,1.239411535813703,0.051541304774915135,710.3538126361656,0.498700022194743,0.1489361702127661,0.8795401532822391,0.5394264795607077,0.4368189379109006,0.02877980181181934,0.14831026058631921,0.05915627342738363,0.6562912934958157,0.42710407239818987,0.48814532669206,Communication Equipment,Technology,ITRN
2017Q4,2017,Q4,2018-01-29,2017-12-31,9824000.0,57401000.0,14673000.0,0.47,30577000.0,0.5326910680998589,215159000.0,125790000.0,137112000.0,65752000.0,81930000.0,14244000.0,92065000.0,717105600.0,680247600.0,5.9991415490270885,2.0852901812872613,0.0002230908305020938,0.00038158836155497257,0.06737062825789307,5.9991415490270885,0.07809841799825105,12.492911273322765,18.248819218241042,5.700815645122825,0.512214983713355,1.8831788823364224,0.007017097621326621,0.26678409920105595,1.2391105973962768,0.04565925664276187,76.57294180459157,0.5326910680998589,-0.06000000000000005,1.2276643990929705,0.5015826510058334,0.42899337703204704,0.0010804085908852803,-0.06704653371320038,0.05614338155905852,0.4006273167949815,0.3181390222058924,0.3869409896798093,Communication Equipment,Technology,ITRN
2017Q3,2017,Q3,2017-10-02,2017-09-30,10530000.0,61590000.0,13893000.0,0.5,30544000.0,0.4959246630946582,211899000.0,122907000.0,141285000.0,65548000.0,81670000.0,15087000.0,0.0,755896400.0,724220400.0,5.861646318199161,2.1554433392323182,0.0006842882694113705,0.0011797537975867932,0.08141855855662995,5.861646318199161,0.08567453440406161,12.27303783081669,17.94625830959164,6.1501492998771425,0.4778727445394112,2.0577981043282296,0.0066569969112169345,0.2906573414692849,1.2303045096723013,0.04969348604759815,96.21899185336049,0.4959246630946582,0.0,1.0149253731343282,0.6734139383235973,0.45149747271954277,0.011993903651182825,0.007366306323543481,-0.01968670618120237,0.21355307133801993,0.3248010324801032,0.32058665520575924,Communication Equipment,Technology,ITRN
2017Q2,2017,Q2,2017-07-25,2017-06-30,10453000.0,58534000.0,14172000.0,0.5,30182000.0,0.5156319404107015,199934000.0,116266000.0,128575000.0,60739000.0,76616000.0,17267000.0,0.0,656298400.0,629185400.0,5.544925600915681,2.1168442022423815,1.5004951634039234e-05,2.5802900245987648e-05,0.08942834179541849,5.544925600915681,0.08990590542376962,11.212259541463082,15.696412513154119,5.644800715600434,0.8024490576867885,1.6419760236288874,0.012780771673372965,0.2927666129822842,1.1558965409374538,0.05228225314353737,64.69818611987381,0.5156319404107015,-0.1935483870967742,0.03046135646687693,0.5587867167319114,0.3707541942253504,0.07481927281791959,-0.19511819511819511,0.027179821700369644,0.4106612685560053,0.25528629637572375,0.23561044040129225,Communication Equipment,Technology,ITRN
2017Q1,2017,Q1,2017-04-25,2017-03-31,12987000.0,57111000.0,13797000.0,0.62,28081000.0,0.49169161807707795,193076000.0,110974000.0,123114000.0,60834000.0,75850000.0,16057000.0,0.0,646862800.0,620665800.0,5.292541014879816,2.023769602524904,0.0021390540512544283,0.003721592445077225,0.08418965720715212,5.292541014879816,0.11702741182619353,11.326413475512599,12.452121352121353,5.828958134337774,0.32286132286132285,1.8079342342903406,0.00648205461807357,0.29579543806583936,1.0864154913370812,0.06726366819283598,1688.93681462141,0.49169161807707795,0.40909090909090906,1.546470588235294,0.513475553199947,0.3426006581494386,0.0648035795540725,0.40293831694933563,0.06310679611650485,0.7722434497816592,0.25629124505059375,0.24014080572162916,Communication Equipment,Technology,ITRN
2016Q4,2016,Q4,2017-02-01,2016-12-31,9257000.0,50361000.0,12978000.0,0.44,26372000.0,0.523659180715236,178019000.0,102229000.0,115223000.0,56127000.0,69848000.0,14351000.0,71717000.0,555652000.0,524568000.0,4.875476917207173,2.052897892280008,1.6852133761003037e-05,2.9345880327500026e-05,0.09074450433427722,4.875476917207173,0.09055160473055592,11.033379003594051,15.006265528789024,5.435365698578681,0.40769147672031975,1.6715908299073234,0.006792020905170862,0.28289676944595804,1.1643237657455414,0.05200006740853504,56.8791073804893,0.523659180715236,0.12820512820512817,4.8446230836599495,0.3621214735367287,0.010324238135012187,-0.0012119375852143615,0.1358282208588957,0.12276148455748767,1.2868083003952566,0.15438041534864527,0.1244088079368223,Communication Equipment,Technology,ITRN
2016Q3,2016,Q3,2016-10-20,2016-09-30,8150000.0,52760000.0,11559000.0,0.39,26404000.0,0.5004548900682335,171654000.0,98305000.0,110204000.0,54057000.0,68000000.0,13953000.0,0.0,554813280.0,529184280.0,4.688334605112552,2.0386628928723383,1.747701772169597e-05,3.051726768729973e-05,0.07932952556503979,4.688334605112552,0.08290524388383093,10.515793783169068,17.01881226993865,5.643795127409593,0.43742331288343556,1.8889127786139182,0.006425585198681617,0.3073624849988931,1.1447916088573173,0.04747923147727405,70.30071971616827,0.5004548900682335,0.08333333333333341,0.2283345892991711,0.2662906516260651,-0.03408532631123875,0.036874140977812685,0.0677322153805843,-0.03288152610441767,0.16728731022629617,0.24472125887654242,0.06015507888748686,Communication Equipment,Technology,ITRN
2016Q2,2016,Q2,2016-08-11,2016-06-30,7633000.0,49254000.0,11952000.0,0.36,25465000.0,0.5170138465911398,161201000.0,94420000.0,105285000.0,48505000.0,61888000.0,13072000.0,0.0,475763920.0,450324920.0,4.503052270125906,2.1706009689722707,5.583091916303249e-05,9.531878839228976e-05,0.08839694068054671,4.503052270125906,0.08084092353314976,9.659396597230682,15.582468230053713,5.038804490574032,0.8684658718721342,1.81984394124847,0.013933381076900493,0.30554401027288913,1.2501803937738378,0.04735082288571411,68.42570401265641,0.5170138465911398,0.058823529411764594,0.15985412551284,0.1973162846099617,-0.11151678256532833,0.07040773434216058,0.07522186223411748,0.03849161525762447,0.1341753343239228,0.1406933926214132,0.055644376865713316,Communication Equipment,Technology,ITRN
2016Q1,2016,Q1,2016-04-20,2016-03-31,7099000.0,47199000.0,11509000.0,0.34,23790000.0,0.5040361024597979,155903000.0,87389000.0,103274000.0,50880000.0,64205000.0,13166000.0,0.0,412021200.0,385212200.0,4.167731781762686,2.029756289308176,1.9242734264254057e-05,3.432926340843813e-05,0.0951217959781935,4.167731781762686,0.08123448031216743,8.72944765778936,14.509832370756444,4.714794768220256,0.4394985209184392,1.7779887589245025,0.007572425884881651,0.30274593817950907,1.219752358490566,0.045534723513979844,128.2356676003735,0.5040361024597979,0.17241379310344845,0.09586292065452304,0.16861026517121003,-0.34393627723307446,0.06786964718556424,0.1483338725331608,0.11629485935984481,0.18277240919693422,0.15189749847467976,-0.011134622565715594,Communication Equipment,Technology,ITRN
2015Q4,2015,Q4,2016-01-27,2015-12-31,6182000.0,43791000.0,10310000.0,0.29,22278000.0,0.5087346715078441,142003000.0,83698000.0,91705000.0,41581000.0,54182000.0,12781000.0,57739000.0,396924240.0,370063240.0,3.991701640595193,2.205454414275751,0.0010915262353612249,0.0018518961026547827,0.08666915353617081,3.991701640595193,0.07386078520394752,9.06405973830239,16.05161112908444,4.742338407130397,0.4627952119055322,1.6832016274156951,0.007207924615538723,0.30838080885615093,1.3584810370120968,0.0435342915290522,97.26151433472188,0.5087346715078441,0.0,1.9453501009839371,0.07486015305642067,-0.2443330528452285,0.012452281403381204,0.0035714285714285713,0.052470396080032664,0.40181405895691613,0.14555157349517356,-0.04917809308507603,Communication Equipment,Technology,ITRN
2015Q3,2015,Q3,2015-10-27,2015-09-30,6160000.0,43823000.0,9796000.0,0.29,22004000.0,0.5021107637541931,143875000.0,85662000.0,91837000.0,41790000.0,54531000.0,11808000.0,0.0,430682720.0,401695720.0,4.085368180083938,2.197583153864561,0.003106863596872285,0.005218183091685928,0.0784328667035173,4.085368180083938,0.07191053209124232,9.827778107386532,17.479006493506493,5.027698629497326,0.5496753246753247,1.8478150406504066,0.007861936044241572,0.3045907906168549,1.430701124670974,0.042814943527367505,64.57980506822612,0.5021107637541931,0.035714285714285546,0.08203056385034248,0.18197755960729306,-0.2696501803238154,-0.010478032108647749,0.058783086971467856,-0.021671826625386997,0.178721775736701,0.19068061404700437,0.011644385658274033,Communication Equipment,Technology,ITRN
2015Q2,2015,Q2,2015-07-20,2015-06-30,5818000.0,43814000.0,10013000.0,0.28,22237000.0,0.507531839138175,154382000.0,89794000.0,98545000.0,47070000.0,60841000.0,12163000.0,0.0,522732240.0,491750240.0,4.282430370087753,2.093584023794349,3.8864634478112735e-05,6.681960932801746e-05,0.07605099651647536,4.282430370087753,0.0647927478450676,11.930712557629981,22.4618528704022,5.82146067665991,1.1894121691302852,1.7739866809175369,0.01323813507274776,0.28380251583733856,1.3411727214786489,0.03768574056560998,114.98729432468105,0.507531839138175,-0.15151515151515146,0.22510002105706467,0.25143526320299336,-0.1519026795243537,-0.04815512370516223,-0.14579356922625164,-0.04864608076009501,-0.4264589905362776,0.16678650368831735,0.05865431094448184,Communication Equipment,Technology,ITRN
2015Q1,2015,Q1,2015-04-28,2015-03-31,6811000.0,44200000.0,10525000.0,0.33,23362000.0,0.5285520361990951,148524000.0,85325000.0,98834000.0,46448000.0,59432000.0,11226000.0,0.0,461296000.0,428388000.0,4.0692960702022125,2.127841887702377,0.0,0.0,0.0858953638096777,4.0692960702022125,0.07982420158218576,10.436561085972851,16.93202172955513,5.406340462935834,0.6493906915284099,1.8562266167824693,0.009588203669661129,0.29759500148124207,1.3787891836031692,0.045857908486170586,244.07195767195768,0.5285520361990951,0.0,0.4189583333333332,0.263109764810105,-0.37287313405410977,-0.013887130133806087,-0.028942115768463075,0.05323726608626038,0.3354901960784314,0.17132635484298409,0.03229045683313972,Communication Equipment,Technology,ITRN
2014Q4,2014,Q4,2014-12-31,2014-12-31,7014000.0,43547000.0,9993000.0,0.33,23691000.0,0.5440328840103796,152337000.0,90696000.0,103222000.0,46312000.0,57754000.0,12164000.0,49067000.0,462134720.0,423716720.0,4.325448302174743,2.2288391777509067,0.0,0.0,0.0799818016131587,4.325448302174743,0.07733527388197936,10.612320481319035,16.471867693185057,5.095425597600776,0.5479041916167665,1.632357777047024,0.008315756929061726,0.28585964013995285,1.4842805320435308,0.04604265542842514,163.87756028368796,0.5440328840103796,-0.19512195121951212,0.2688508618241426,0.2939336573126123,-0.3026151162747944,-0.04702333065164924,-0.19165610233951827,-0.1755630723537662,3.428452663799383,0.1778221998789525,-0.1036558403007653,Communication Equipment,Technology,ITRN
2014Q3,2014,Q3,2014-10-27,2014-09-30,8677000.0,46490000.0,12121000.0,0.41,24860000.0,0.5347386534738654,160554000.0,93070000.0,108068000.0,51347000.0,63355000.0,11390000.0,0.0,443473200.0,400471200.0,4.438668447157573,2.1046604475431865,1.245686809422375e-05,2.148920167615773e-05,0.09232102690223208,4.438668447157573,0.09323090147201031,9.539109485910949,12.777261726403134,4.764942516385516,0.46352425953670623,1.8990342405618963,0.00906931918321107,0.2895598988502311,1.4772625469842444,0.05404412222678974,50.45775401069519,0.5347386534738654,0.17142857142857143,0.8748919619706137,0.4514064500015611,-0.25106622676430357,0.0008857395925597874,0.1709851551956815,0.005391506303915063,0.3077618688771666,0.11580463218528747,-0.08552282508302726,Communication Equipment,Technology,ITRN
2014Q2,2014,Q2,2014-07-16,2014-06-30,7410000.0,46630000.0,12056000.0,0.35,24838000.0,0.5326613767960541,167948000.0,94096000.0,112152000.0,57035000.0,69458000.0,12112000.0,0.0,510570800.0,468804800.0,4.487600152613506,1.966371526255808,5.954223926453426e-06,1.0627444312191804e-05,0.08977348012601731,4.487600152613506,0.07874936235334126,10.94940596182715,17.2257354925776,5.42606274443122,1.0584345479082322,1.799207397622193,0.01536123883308642,0.27764546169052323,1.3807486631016044,0.044120799295019886,113.76354723707665,0.5326613767960541,0.0,2.0393765381460214,0.6405150576977202,-0.17484982680755906,0.04607479784366577,0.01118995633187773,0.030427350427350428,0.12596869776629693,0.13352942606412718,-0.1145655917418675,Communication Equipment,Technology,ITRN
2014Q1,2014,Q1,2014-04-10,2014-03-31,7328000.0,45460000.0,11700000.0,0.35,23744000.0,0.5223053233611966,167508000.0,89485000.0,114968000.0,61637000.0,73861000.0,11800000.0,0.0,522941920.0,482828920.0,4.267693628386112,1.8652432791991822,0.007396661651980801,0.013845895960216795,0.08621134024222155,4.267693628386112,0.08189081969045091,11.503341838979322,17.8405403930131,5.843905906017769,0.49344978165938863,1.8403389830508474,0.0069147258265315585,0.2713900231630728,1.2492820870580983,0.043747164314540204,78.53159933924013,0.5223053233611966,0.8421052631578946,0.3097408400357463,0.6681344488477913,-0.172140398919439,-0.02476691173450528,0.8102766798418972,0.5220502146481072,0.13121333744983035,0.12555398747183646,-0.3282007777660995,Communication Equipment,Technology,ITRN
2013Q4,2013,Q4,2013-12-31,2013-12-31,4048000.0,43626000.0,7687000.0,0.19,24347000.0,0.5580846284325861,160542000.0,90918000.0,108861000.0,51602000.0,65057000.0,14506000.0,38831000.0,453747520.0,412088520.0,4.336035864173979,2.1096275338165187,0.0002366981848986558,0.0004179590400140786,0.050763526046823784,4.336035864173979,0.044523636683605004,10.400850868747995,28.02294466403162,4.990733628104446,0.887598814229249,1.329036260857576,0.00791850057935303,0.27174197406286205,1.471222045657145,0.02521458559130944,39.656311833595524,0.5580846284325861,-0.42424242424242425,-0.3115218981768548,0.4845247989421897,-0.16964052366053506,0.10859666697022129,-0.42022343168146664,-0.2899501200812858,1.6190192832065637,0.07081019015869486,-0.17914732130495936,Communication Equipment,Technology,ITRN
2013Q3,2013,Q3,2013-10-03,2013-09-30,6982000.0,42387000.0,10826000.0,0.33,21962000.0,0.5181305588977753,159865000.0,92727000.0,102433000.0,49094000.0,62841000.0,12504000.0,0.0,386859600.0,350835600.0,4.422310186951545,2.08646677801768,0.003728145622869296,0.006427469884715347,0.08171212352005275,4.422310186951545,0.07529629989107811,9.126845495081039,13.852033801203094,4.172027564786955,0.41449441420796335,1.6334772872680743,0.007480750122266579,0.2651424639539611,1.359860675438954,0.0436743502330091,65.28174147823152,0.5181305588977753,0.03125000000000003,0.243567696474164,0.20907161194782695,-0.2051258994044024,-0.002226159647449003,0.037444279346210994,0.06597085466719181,0.22641840857193052,0.1432463048872586,-0.2094143525820835,Communication Equipment,Technology,ITRN
2013Q2,2013,Q2,2013-07-22,2013-06-30,6730000.0,43179000.0,10156000.0,0.32,22011000.0,0.5097616897102758,153958000.0,89443000.0,93512000.0,46825000.0,60275000.0,12732000.0,0.0,352681760.0,319116760.0,4.265690576115986,1.9970528563801389,0.0005845750139648476,0.0010062274297597353,0.07885983189955648,4.265690576115986,0.07524345113647798,8.167900136640496,13.101105497771174,3.9430895654215536,1.0423476968796435,1.6625824693685203,0.019890453081554318,0.280459605866535,1.3784943940202883,0.04371322048870471,40.03652627994097,0.5097616897102758,0.10344827586206906,1.7766840145300775,0.2641378963903977,-0.22569452314641014,0.04904203603088361,0.12129290236587804,0.09664183133570889,0.41714045062118343,0.2332981063094455,-0.15521784712449355,Communication Equipment,Technology,ITRN
2013Q1,2013,Q1,2013-04-22,2013-03-31,6002000.0,40975000.0,9261000.0,0.29,20982000.0,0.5120683343502136,155535000.0,88373000.0,94426000.0,48877000.0,62774000.0,12419000.0,0.0,327729840.0,294368840.0,4.214660434948493,1.9319107146510628,0.003092551515736008,0.005442838876127324,0.06974565745976127,4.214660434948493,0.06791667138153056,7.998287736424649,13.650859713428856,3.708483812929289,0.42819060313228924,1.6098719703679845,0.007841824839630104,0.26344552673031796,1.3335106491805961,0.03858938502587842,51.979356066613796,0.5120683343502136,0.38095238095238093,6.341106567426578,0.3165355532403546,-0.3688116583879367,0.11381250663552395,0.36099773242630384,0.15416251246261217,0.25041666666666673,0.17094847540936764,-0.35047075857912496,Communication Equipment,Technology,ITRN
2012Q4,2012,Q4,2013-01-23,2012-12-31,4410000.0,38227000.0,8024000.0,0.21,18838000.0,0.49279305203128676,147339000.0,88027000.0,85789000.0,41644000.0,55332000.0,14747000.0,32187000.0,284535760.0,255303760.0,4.198159099580312,2.060056670828931,0.0014999423099111573,0.002510593340679564,0.053104355640788393,4.198159099580312,0.05009826530496325,7.443319119993721,16.130145124716552,3.232369159462438,0.9462585034013605,1.3147758866210077,0.01466599488233043,0.2594492971989765,1.3361588704255114,0.029930975505466983,74.74015235093249,0.49279305203128676,-0.16000000000000003,-0.87476276124516,0.18265155726869584,-0.3427352841269133,0.017115706495329626,-0.15614236509758897,0.08682107544358662,-0.20221951801476068,0.13585785285069538,-0.32313774411574203,Communication Equipment,Technology,ITRN
2012Q3,2012,Q3,2012-10-25,2012-09-30,5226000.0,36805000.0,7383000.0,0.25,18521000.0,0.5032196712403206,148481000.0,84676000.0,87307000.0,45937000.0,59957000.0,13275000.0,0.0,248680480.0,225559480.0,4.038344143456696,1.9005812308161176,0.003845609876011072,0.006743351126647456,0.06236994892203475,4.038344143456696,0.06171760593320422,6.756703708735226,11.896310753922693,2.9368472766781615,0.11844623038652889,1.3773258003766478,0.0024891378688025696,0.2478768327260727,1.1072338202320569,0.035196422437887676,40.311311395688115,0.5032196712403206,-0.47916666666666663,0.5953624602167857,0.2974297289215525,-0.14591224471678363,0.00531943765944743,-0.4848186119873817,0.042354934349851756,0.12921348314606743,0.1490431144828448,-0.31861269815723825,Communication Equipment,Technology,ITRN
2012Q2,2012,Q2,2012-07-16,2012-06-30,10144000.0,37551000.0,7083000.0,0.48,18423000.0,0.4906127666373732,144962000.0,84819000.0,81840000.0,42104000.0,55901000.0,12365000.0,0.0,230018960.0,211984960.0,4.0451640595192675,1.9437583127493825,0.006505153074598861,0.011117792004150013,0.05974693203992414,4.0451640595192675,0.11959584527051723,6.125508242124044,5.668842665615142,2.71188012119926,2.7716876971608833,1.5469470279013344,0.12223340197695007,0.2590403002166085,1.1128396351890557,0.06997695947903589,23.858413027694223,0.4906127666373732,1.0,1.745096269973664,0.42917980208577267,-0.06962463354883441,0.0023940366722890257,0.9890196078431372,-0.05015421751374547,3.1607875307629203,0.3211018857303686,-0.2562020432323409,Communication Equipment,Technology,ITRN
2012Q1,2012,Q1,2012-03-31,2012-03-31,5100000.0,37735000.0,7457000.0,0.24,18379000.0,0.4870544587253213,166232000.0,82656000.0,98174000.0,64808000.0,79415000.0,12434000.0,0.0,281809920.0,243830920.0,3.942006867607783,1.5148438464387113,0.005817171182443814,0.011699090205187767,0.06299625202674972,3.942006867607783,0.06170150987224158,7.468130912945541,13.814211764705883,3.4094308943089433,0.05254901960784314,1.5566993726877916,0.0009509956214458314,0.227002021271476,1.0378502653993333,0.030680013475143174,96.44418891170432,0.4870544587253213,2.18513603185136,0.29298266608698814,0.502239587021996,-0.10800634408583956,-0.015270038576939563,2.2196969696969697,29.033834586466167,-0.08847184986595175,0.3846690151181565,-0.23531806239129638,Communication Equipment,Technology,ITRN
2011Q4,2011,Q4,2012-02-01,2011-12-31,1584000.0,36976000.0,-266000.0,0.07535,18664000.0,0.50475984422328,157457000.0,101194000.0,87018000.0,38544000.0,52105000.0,10881000.0,43185000.0,286450200.0,251743200.0,4.825655698617072,2.2576276463262763,0.003575579364524918,0.005563570962705299,-0.01155659350918645,4.825655698617072,0.01565310196256695,7.746922327996538,45.20994318181818,2.830703401387434,0.4842171717171717,1.6829335539012957,0.002677603297187434,0.23483236693192427,1.5818804483188045,0.010059889366620728,29.286391984459666,0.50475984422328,-0.76453125,-0.6583323894194558,0.4284375863367499,0.1696627040448519,-0.1076261056657901,-0.761266013564431,-1.0285867813003762,-0.7306212196486712,0.2581156580320515,-0.0758773533203764,Communication Equipment,Technology,ITRN
2011Q3,2011,Q3,2011-10-31,2011-09-30,6635000.0,41665000.0,9305000.0,0.32,20915000.0,0.5019800792031681,178415000.0,101774000.0,100977000.0,58557000.0,72231000.0,9332000.0,0.0,244277200.0,196735200.0,4.853777184280809,1.724422357702751,0.004752963596110192,0.008332187002574331,0.0669743859980986,4.853777184280809,0.06519346787981213,5.862887315492619,9.204114544084401,2.400192583567512,0.0,2.2235319331333048,0.0,0.23352857102822072,1.347200163942825,0.03718857719362161,35.80727059513339,0.5019800792031681,0.03225806451612906,0.5049873653476147,0.7761309119459738,0.2552713991984262,0.04816076977047209,0.008205439902750342,0.06635342654137062,0.18176334375624145,0.18847686110850523,-0.12757323418188496,Communication Equipment,Technology,ITRN
2011Q2,2011,Q2,2011-07-20,2011-06-30,6581000.0,41137000.0,8726000.0,0.31,19954000.0,0.4850621095364271,188089000.0,106271000.0,100136000.0,61297000.0,76908000.0,8013000.0,0.0,295439120.0,255918120.0,5.068246852346433,1.6336199161459777,0.001515240125685181,0.0026818228867706148,0.06137794012792775,5.068246852346433,0.061926583922236544,7.181834358363517,11.223184926302993,2.7800540128539297,0.0,2.643579183826282,0.0,0.21871029140460102,1.2010049431456677,0.03498875532327781,34.44550775329369,0.4850621095364271,0.0,0.5630148335106353,0.8181226269873997,0.3987998647227328,0.002763957987838585,0.01589996912627354,-0.010433204808346563,1.7152091381311205,0.20435490965079775,-0.0800150114518984,Communication Equipment,Technology,ITRN
2011Q1,2011,Q1,2011-04-07,2011-03-31,6478000.0,40389000.0,8818000.0,0.31,19899000.0,0.4926836514892669,198866000.0,133202000.0,113678000.0,40459000.0,60879000.0,7840000.0,0.0,314520000.0,268329000.0,6.352632582983594,2.809708593885168,0.031232085927207266,0.04662842900256753,0.04731422747241579,6.352632582983594,0.04863290340985871,7.787268810814826,12.138005557270763,2.361225807420309,0.0,2.6135204081632653,0.0,0.2030965574809168,2.274327096566895,0.032574698540725915,70.88573360378635,0.4926836514892669,1.9940039118863628,0.5762029188091761,0.8494123487646951,0.9354361200363389,-0.004651860744297719,1.990519877675841,0.04059476044371017,6.923306954979901,0.29770724734166404,-0.048628546282121786,Communication Equipment,Technology,ITRN
2010Q4,2010,Q4,2010-12-31,2010-12-31,-6540000.0,40745000.0,8474000.0,-0.31187,19992000.0,0.4906614308504111,188344000.0,110771000.0,105853000.0,59233000.0,73181000.0,8501000.0,43689000.0,366763203.0,320420203.0,5.282355746304244,1.7870612665237284,0.0017574225884551672,0.002988146717101046,0.07324948295529819,5.282355746304244,-0.05904072365510828,9.00142846975089,-14.020000114678899,3.3110038096613734,-0.0001529051987767584,2.4412422067992,2.7265548774259123e-06,0.2163328802616489,1.4279540121216214,-0.03472369706494499,62.10010209955977,0.4906614308504111,-2.155074074074074,-2.980718811129602,0.9310173632273118,0.6273353807811444,0.10118424676397686,-2.148779202529422,0.11617492096944151,-1.1857082596265167,0.2604322045740191,-0.17299321765049105,Communication Equipment,Technology,ITRN
2010Q3,2010,Q3,2010-11-03,2010-09-30,5693000.0,37076000.0,7592000.0,0.27,18155000.0,0.4896698672996008,176504000.0,117289000.0,97324000.0,37061000.0,55236000.0,10934000.0,0.0,301939200.0,263274200.0,5.593714231209462,2.6260489463317236,0.038441055160222996,0.05784856209874754,0.045063841963824396,5.593714231209462,0.04853822609110829,8.14379113172942,13.259230634112068,2.5743181372507227,0.0,1.7304737516005122,0.0,0.21005756243484566,2.127087774210086,0.032254226533109734,68.43590208522212,0.4896698672996008,0.1739130434782609,0.410870242635422,0.44694108677223965,0.5609186522664033,0.04736356293988693,0.19877869025057907,0.03546099290780142,0.7379254661335937,0.3069828726938046,0.1830400435709429,Communication Equipment,Technology,ITRN
2010Q2,2010,Q2,2010-07-19,2010-06-30,4749000.0,35011000.0,7332000.0,0.23,17334000.0,0.49510153951615204,161038000.0,105877000.0,88047000.0,34545000.0,50902000.0,10440000.0,0.0,316197440.0,286671440.0,5.049456314383823,2.548762483716891,0.038792086339870094,0.05900242734493799,0.04352786232568672,5.049456314383823,0.04485393428223316,9.031374139556139,16.64547483680775,2.986460137706962,0.0,1.6931992337164752,0.0,0.21740831356574225,2.045534809668548,0.02948993405283225,124.2426090373281,0.49510153951615204,0.0,0.1899089164861031,0.42290180839109826,3.91043204827023,0.00955154338963308,-0.010625,0.008528198074277854,0.2851401997343188,0.33250816358618923,0.16135951465768356,Communication Equipment,Technology,ITRN
2010Q1,2010,Q1,2010-05-03,2010-03-31,4800000.0,34993000.0,7270000.0,0.23,17170000.0,0.49066956248392535,193676000.0,136057000.0,118991000.0,37414000.0,53457000.0,10623000.0,0.0,333810560.0,272699560.0,6.4887924456314385,3.180387020901267,0.033086185175241124,0.04709790749465298,0.03712457966506392,6.4887924456314385,0.035279331456668894,9.539352441916956,17.385966666666665,2.4534611229117207,0.0,1.6777746399322226,0.0,0.1806780396125488,2.7113380018175013,0.024783659307296722,146.923661971831,0.49066956248392535,-0.12739965095986028,0.20268747086403355,0.4221702602333466,0.0,-0.036367718037939166,-0.13216416561200506,0.049819494584837545,0.21692486219951834,0.39307989581716457,0.46827793315322463,Communication Equipment,Technology,ITRN
2009Q4,2009,Q4,2010-01-21,2009-12-31,5531000.0,33674000.0,6925000.0,0.26358,17818000.0,0.5291322682188038,185868000.0,130126000.0,112391000.0,36394000.0,52025000.0,11096000.0,66607000.0,269049618.0,214136618.0,6.2023832221163016,3.08817387481453,0.03174295736759421,0.045340669812335734,0.03880120692347767,6.2023832221163016,0.0425049567342422,7.989832452337114,12.160984360875068,2.067608456419163,0.030555053335743987,1.428983417447729,0.0006281369260297556,0.1811715841349775,2.6146892344892017,0.029757677491553145,34.955127712095624,0.5291322682188038,0.198090909090909,0.6743324059843193,0.59514259045741,0.9107682532693763,0.15987501627392267,0.19511668107173724,0.07231340972437288,0.1924638944833572,0.30025638549601136,0.5033597057456902,Communication Equipment,Technology,ITRN
2009Q3,2009,Q3,2009-10-26,2009-09-30,4628000.0,32031000.0,6458000.0,0.22,15362000.0,0.4795978895445038,177287000.0,124270000.0,113570000.0,37095000.0,49556000.0,11441000.0,0.0,216389760.0,169222760.0,5.926650133536818,3.0615985981938265,0.034351080451471346,0.04900619618572463,0.04073856407415758,5.926650133536818,0.03724149030337169,6.755635478130561,11.689161624891963,1.741287197231834,0.03651685393258427,1.4569530635433965,0.0007809981396531887,0.18067314580313276,2.572961315541178,0.02610456491451714,29.589738821277177,0.4795978895445038,0.8333333333333334,0.14693614665672458,0.2500531327651745,0.653823981082164,0.09174898727880038,0.8982772764561116,0.07885065152021384,0.04974853456349072,0.36544459955697794,0.5327350480317998,Communication Equipment,Technology,ITRN
2009Q2,2009,Q2,2009-07-20,2009-06-30,2438000.0,28424000.0,5986000.0,0.12,14071000.0,0.49503940332113705,162912000.0,114035000.0,100992000.0,33599000.0,45685000.0,13646000.0,0.0,172986000.0,149236000.0,5.438525371995421,3.0058037441590524,0.03833971714790807,0.05477265751742886,0.036117796810694124,5.438525371995421,0.02137940106107774,6.085913312693498,17.738515176374076,1.516955320734862,0.0,1.0518100542283453,0.0,0.17447456295423297,2.437304681686955,0.014965134551168728,94.89083927591882,0.49503940332113705,-0.5555555555555556,-0.38913498875697633,0.1551958242183479,4.288789053566834,0.05733393447550346,-0.5642537980339589,0.1940953520845801,-0.4209648740162698,0.25624905922867125,0.5009940865678956,Communication Equipment,Technology,ITRN
2009Q1,2009,Q1,2009-04-27,2009-03-31,5595000.0,27252000.0,5013000.0,0.27,13308000.0,0.48833113166006165,155907000.0,108092000.0,99464000.0,33350000.0,44898000.0,11981000.0,0.0,159147120.0,135652120.0,5.155093475772606,2.9824287856071963,0.04039587702925462,0.058265181512045294,0.027751383391508747,5.155093475772606,0.05176146245790623,5.839832672831352,7.111131367292225,1.4723302372053435,0.0,1.1638427510224523,0.0,0.17479651330600934,2.068215892053973,0.03588677865650677,30.634671799807506,0.48833113166006165,-0.03664323687872409,0.40188258322588905,0.10756391083585749,0.0,-0.08548653106102254,-0.04895461499235084,-0.0335454019664546,0.3613546358038501,0.2478691061560194,0.5705857351013346,Communication Equipment,Technology,ITRN
2008Q4,2008,Q4,2009-01-22,2008-12-31,5883000.0,29404000.0,5187000.0,0.28027,14552000.0,0.49489865324445653,157899000.0,109555000.0,99543000.0,33116000.0,48344000.0,11659000.0,51981000.0,153363800.0,147066800.0,5.221877979027646,3.005888392317913,0.039354270768022594,0.05672036876454749,0.030664147379220724,5.221877979027646,0.05369905526904294,5.215746156985444,6.51724460309366,1.399879512573593,0.014108448070712222,1.2738656831632216,0.0005411968143721009,0.18622030538508794,2.4881326247131295,0.03725799403416108,44.12077100115075,0.49489865324445653,0.03803703703703704,0.7808890877609383,0.39287202975024305,0.6087039944893912,-0.1652612860666552,0.04290019500088637,-0.298105548037889,0.7808890877609383,0.39287202975024305,0.6087039944893912,Communication Equipment,Technology,ITRN
2008Q3,2008,Q3,2008-10-27,2008-09-30,5641000.0,35223000.0,7390000.0,0.27,17433000.0,0.49493228856145133,180594000.0,117207000.0,118553000.0,46988000.0,59879000.0,13748000.0,0.0,227312929.99999997,175677929.99999997,5.563535387098305,2.523048437899038,0.08032382028195843,0.12376393901388143,0.03894482318812967,5.563535387098305,0.04812852474681546,6.453536893507082,10.07414155291615,1.9394142841297874,0.0,1.2940064009310446,0.0,0.19503970231569154,2.1034945092364006,0.031235810713534228,31.54933102012491,0.49493228856145133,1.2500000000000002,0.39141378678484856,0.36816548705247293,0.5524972852229962,0.05699387618989875,1.2600160256410255,0.08580664119894212,0.39141378678484856,0.36816548705247293,0.5524972852229962,Communication Equipment,Technology,ITRN
2008Q2,2008,Q2,2008-07-17,2008-06-30,2496000.0,35175000.0,6806000.0,0.12,16493000.0,0.46888415067519545,187345000.0,118957000.0,123676000.0,51662000.0,64639000.0,14907000.0,0.0,259116000.0,211555000.0,5.509053860047238,2.3939452595718325,0.10409138220929301,0.1639331859411384,0.030759073481810163,5.509053860047238,0.020982371781400003,7.366481876332623,25.953125,2.1782324705565874,0.0,1.253236734420071,0.0,0.1877552109744055,1.9622546552591846,0.013323013691318157,442.17747440273035,0.46888415067519545,1.9999999999999996,-0.39270437353216003,0.38818882873762156,4.357375714483009,0.08929397001519054,1.8955916473317866,0.08427592799107854,-0.39270437353216003,0.38818882873762156,4.357375714483009,Communication Equipment,Technology,ITRN
2008Q1,2008,Q1,2008-04-22,2008-03-31,862000.0,32814000.0,6277000.0,0.04,15141000.0,0.46141890656427137,211452000.0,147616000.0,154875000.0,48345000.0,60556000.0,15297000.0,0.0,223280700.0,153891700.0,6.6773420183652235,3.203537077257214,0.08065660291697406,0.11553625623238674,0.02249907336937272,6.6773420183652235,0.005839475395621071,6.804434083013348,64.75658352668214,1.5125779048341643,0.0,1.1553245734457738,0.0,0.15518415526928098,2.69605957182749,0.004076575298412878,-233.06962421711899,0.46141890656427137,-0.9761809769372309,-0.7951452625640406,0.2649017293107282,0.0,-0.10919574042478085,-0.9780834456281304,-0.8877322888161543,-0.7951452625640406,0.2649017293107282,0.0,Communication Equipment,Technology,ITRN
2007Q4,2007,Q4,2007-12-31,2007-12-31,39331000.0,36103000.0,55911000.0,1.67933,16997000.0,0.47079190095005957,216559000.0,149591000.0,162846000.0,52414000.0,64108000.0,13258000.0,66239000.0,259259400.0,236802400.0,6.3873185311699405,3.106917999007899,0.02868502348089897,0.04152656242688397,0.2559810819454459,6.3873185311699405,0.26292357160524366,7.181104063374235,1.6479329282245558,1.733121645018751,2.5425237090335867e-05,1.4410921707648212,3.857140763266443e-06,0.1667120738459265,2.7788186362422254,0.18161794245448123,93.83257328990229,0.47079190095005957,9.4958125,9.665755067184858,0.5320279474134243,0.9677412755405932,0.2094065746406717,9.787438288535382,9.513538924407673,9.665755067184858,0.5320279474134243,0.9677412755405932,Communication Equipment,Technology,ITRN
2007Q3,2007,Q3,2007-10-29,2007-09-30,3646000.0,31574000.0,5318000.0,0.16,14054000.0,0.4451130677139418,165226000.0,110348000.0,106187000.0,36264000.0,51608000.0,18360000.0,0.0,284023460.0,254799460.0,4.728254349130174,2.9281656739466135,0.03997554864246547,0.059856091637365424,0.03314151838772841,4.728254349130174,0.03304092507340414,8.99548552606575,19.47500411409764,2.5738886069525497,0.0,0.954248366013072,0.0,0.19109583237504993,2.2595962938451355,0.022066744943289796,1208.6104680851063,0.4451130677139418,-0.11111111111111106,-0.18818714028385788,0.10708496415868793,0.3194132022402674,0.08634150112081626,-0.11289537712895377,0.03042046115093974,-0.18818714028385788,0.10708496415868793,0.3194132022402674,Communication Equipment,Technology,ITRN
2007Q2,2007,Q2,2007-07-26,2007-06-30,4110000.0,29223000.0,5161000.0,0.18,12937000.0,0.44269924374636416,153986000.0,101397000.0,98140000.0,34971000.0,49627000.0,16337000.0,0.0,291745710.0,264906710.0,4.347883881480211,2.8063252409139,0.0430039094463133,0.06530765210016075,0.03402046950680017,4.347883881480211,0.040533743601881715,9.983427779488759,17.746089416058396,2.877261753306311,0.0,0.9968782518210197,0.0,0.1897769927136233,2.1914729347173374,0.026690738119049782,255.2455905511811,0.44269924374636416,-0.05263157894736847,-0.07410186318029985,0.06783721651778249,3.228175673678107,-0.020740292180758457,-0.06314109870070664,-0.15143045050970075,-0.07410186318029985,0.06783721651778249,3.228175673678107,Communication Equipment,Technology,ITRN
2007Q1,2007,Q1,2007-04-23,2007-03-31,4387000.0,27938000.0,6082000.0,0.19,13211000.0,0.4728684945235879,153040000.0,103063000.0,112883000.0,34886000.0,47134000.0,15564000.0,0.0,310635720.0,266146720.0,4.419321641439046,3.2357679298285844,0.04002221641400941,0.05942966923144096,0.04067219842727271,4.419321641439046,0.04256619737442147,11.118752952967284,17.702058354228402,3.014037239358451,0.0,0.9462220508866616,0.0,0.18255358076319916,2.6745112652640026,0.028665708311552535,-286.300202764977,0.4728684945235879,-0.14042707202316315,-0.011699482669580416,0.020882050271149685,0.0,-0.011300703487501871,-0.15488345212868426,-0.0656014748809341,-0.011699482669580416,0.020882050271149685,0.0,Communication Equipment,Technology,ITRN
