Quarters,Year,Quarter,FillingDate,Date,NetIncome,Revenue,OperatingIncome,EPSDiluted,GrossProfit,GrossProfitRatio,TotalAssets,CommonStockEquity,CurrentAssets,CurrentLiability,TotalLiability,Inventory,RetainedEarnings,MarketCap,EnterpriseValue,bookValuePerShare,currentRatio,debtToAssets,debtToEquity,roic,shareholdersEquityPerShare,roe,priceToSalesRatio,peRatio,pbRatio,payoutRatio,inventoryTurnover,dividendYield,assetTurnover,quickRatio,returnOnAssets,priceToFreeCashFlowsRatio,grossProfitMargin,epsdilutedGrowth,fiveYNetIncomeGrowthPerShare,fiveYRevenueGrowthPerShare,fiveYShareholdersEquityGrowthPerShare,grossProfitGrowth,netIncomeGrowth,operatingIncomeGrowth,threeYNetIncomeGrowthPerShare,threeYRevenueGrowthPerShare,threeYShareholdersEquityGrowthPerShare,Industry,Sector,Symbol
2023Q1,2023,Q1,2023-04-28,2023-03-31,17339000.0,78457000.0,21185000.0,0.9,67278000.0,0.8575143072,1288254000.0,332855000.0,531987000.0,2534000.0,955399000.0,0.0,156334000.0,936479876.2,895269876.2,17.39840082428031,209.93962115232833,0.0,0.0,0.05124512463404489,17.39840082428031,0.05209175166363732,11.936218262232815,13.502507010208202,2.8134769680491503,0.37516581117711517,0.0,0.006946225076822424,0.06090180973627871,253.15351223362273,0.013459302280450905,69.7096826112848,0.8575143072001223,-0.1666666666666667,0.07548729970351423,-0.1644730367355842,-0.22737744337007518,1.3018338579444368,-0.16551159880642988,-0.17407407407407408,0.6167633455700606,-0.0023456557034722916,-0.23287958363085157,Insurance—Specialty,Financial Services,AMSF
2022Q4,2022,Q4,2023-02-21,2022-12-31,20778000.0,79777000.0,25650000.0,1.08,29228000.0,0.3663712599,1269279000.0,317432000.0,653981000.0,38058000.0,951847000.0,0.0,145512000.0,994252153.87,932783153.87,16.592311091092693,17.183798412948658,0.0,0.0,0.06545653872325412,16.592311091092693,0.06545653872325412,12.462892235481405,11.962799040692078,3.1321736745822726,3.9691500625661758,0.0,0.0829477710246763,0.06285221767633437,16.92416837458616,0.01636992339745635,-122.91409987266658,0.3663712598869348,0.8305084745762714,31.092370725586775,-0.15768253996498108,-0.2520501233194271,-0.4893602152416227,0.828888302086084,0.9069214184818972,-0.384904661625538,-0.1262758778082696,-0.25704662834016156,Insurance—Specialty,Financial Services,AMSF
2022Q3,2022,Q3,2022-10-28,2022-09-30,11361000.0,71401000.0,13451000.0,0.59,57238000.0,0.8016414336,1359496000.0,373019000.0,719676000.0,38778000.0,986477000.0,0.0,207394000.0,897137493.5999999,806185493.5999999,19.429773021806074,18.558873588116974,0.0,0.0,0.030456893616679043,19.429773021806074,0.030456893616679043,12.564774913516617,19.741604911539476,2.4050718424530655,0.5229293196021477,0.0,0.00662217334843534,0.05252019866185704,18.27711589045335,0.008356773392492512,87.6281982418441,0.801641433593367,0.8437499999999999,-0.3155955526424663,-0.23168413774411226,-0.2473792066713672,0.06807240156745661,0.8527397260273972,0.8883897234311385,-0.46716664377010986,-0.21721126383349532,-0.2017966672379215,Insurance—Specialty,Financial Services,AMSF
2022Q2,2022,Q2,2022-07-29,2022-06-30,6132000.0,68050000.0,7123000.0,0.32,53590000.0,0.7875091844,1381920000.0,384989000.0,720335000.0,37868000.0,996931000.0,0.0,201983000.0,1002437307.3399999,917119307.3399999,19.974593666243745,19.022261540086618,0.0,0.0,0.01592772780521002,19.974593666243745,0.01592772780521002,14.730893568552533,40.86910091894977,2.6038076603227625,0.9836921069797782,0.0,0.006017333907899047,0.0492430820886882,19.022261540086618,0.004437304619659604,58.63578072882545,0.7875091844232183,-0.6404494382022472,-0.6062009043697003,-0.247651149182349,-0.20490132244064654,-0.28986947591598755,-0.6461831400380821,-0.6674913640182989,-0.6577427056572889,-0.2594254835849626,-0.14466822251918202,Insurance—Specialty,Financial Services,AMSF
2022Q1,2022,Q1,2022-04-29,2022-03-31,17331000.0,75465000.0,21422000.0,0.89,75465000.0,1.0,1391381000.0,395273000.0,715289000.0,38442000.0,996108000.0,0.0,201834000.0,960220738.02,929479738.02,20.446558934442706,18.60696633890016,0.0,0.0,0.04384564592066749,20.446558934442706,0.04384564592066749,12.724054038560922,13.8512021525013,2.4292596206166372,0.34521954878541344,0.0,0.0062308589713830805,0.054237480603802984,18.29683679309089,0.012455970003902597,139.97386851603497,1.0,3.944444444444444,0.26946107423179155,-0.23360114251402306,-0.16172351971382723,-0.03717832582707103,3.8943801186105618,10.087991718426501,-0.11140329819757229,-0.21143580452680763,-0.08651242065195341,Insurance—Specialty,Financial Services,AMSF
2021Q4,2021,Q4,2022-02-25,2021-12-31,3541000.0,78379000.0,1932000.0,0.18,78379000.0,1.0,1402724000.0,399323000.0,740077000.0,37883000.0,1003401000.0,0.0,190492000.0,1041358790.92,970636790.92,20.64183572216211,19.53586041232215,0.0,0.0,0.008867508257726201,20.64183572216211,0.008867508257726201,13.286196441904082,73.521518703756,2.6078106969045107,23.440835922055918,0.0,0.07970739837579822,0.05587628072236591,19.53586041232215,0.0025243740037241822,130.31645487673632,1.0,-0.8181818181818182,-0.8162573266204664,-0.21294235322054825,-0.13359737607630232,0.0,-0.8149561036789298,0.0,-0.8128977875022082,-0.1773002663635477,-0.031628336951514,Insurance—Specialty,Financial Services,AMSF
2021Q3,2021,Q3,2021-10-29,2021-09-30,19136000.0,73030000.0,0.0,0.99,0.0,0.0,1479923000.0,480156000.0,0.0,0.0,999767000.0,0.0,270023000.0,1086394757.76,963266757.76,24.821144217963056,0.0,0.0,0.0,0.0,24.821144217963056,0.039853714209548564,14.876006541969053,14.193075326086955,2.2625870712018594,0.293373745819398,0.0,0.005167550708340414,0.049347161980724676,0.0,0.012930402460127994,330.5125517979921,0.0,-0.1951219512195122,0.056979925573946856,-0.2649196282437516,-0.06888646981862233,0.0,-0.1948500021037573,0.0,-0.03511037568711458,-0.22434293112449094,0.03917383771531099,Insurance—Specialty,Financial Services,AMSF
2021Q2,2021,Q2,2021-07-30,2021-06-30,23767000.0,81168000.0,0.0,1.23,0.0,0.0,1506263000.0,468366000.0,0.0,0.0,1037897000.0,0.0,256503000.0,1153653819.18,1096112819.18,24.233237107359688,0.0,0.0,0.0,0.0,24.233237107359688,0.05074450323037966,14.213160595062094,12.135038279757648,2.463145956751771,0.23751420036184626,0.0,0.004893148972550867,0.0538870037968137,0.0,0.015778784979781087,125.36989993262335,0.0,0.24242424242424243,0.41134097395185454,-0.1779759866529408,-0.06688558401122764,0.0,0.23068558409279205,0.0,0.3930694380206429,-0.15423573186795628,0.045118968577421724,Insurance—Specialty,Financial Services,AMSF
2021Q1,2021,Q1,2021-04-30,2021-03-31,19312000.0,83459000.0,0.0,0.99,0.0,0.0,1494579000.0,447626000.0,0.0,0.0,1046953000.0,0.0,238351000.0,1235949440.0,1202875440.0,23.178993470800876,0.0,0.0,0.0,0.0,23.178993470800876,0.04314315969134948,14.809061215686745,15.999759734879866,2.761120757060582,0.2933927091963546,0.0,0.004584329922104257,0.0558411432249483,0.0,0.01292136447788976,76.2790495587237,0.0,-0.32653061224489793,-0.2143205182337956,-0.19516986374388437,-0.07730313960244993,0.0,-0.3224097400091225,0.0,0.1866797037106635,-0.11950484486507984,0.029325245256229128,Insurance—Specialty,Financial Services,AMSF
2020Q4,2020,Q4,2021-02-26,2020-12-31,28501000.0,88206000.0,0.0,1.47,0.0,0.0,1470855000.0,438816000.0,0.0,0.0,1032039000.0,0.0,224645000.0,1108919028.65,1047162028.6500001,22.72591796957438,0.0,0.0,0.0,0.0,22.72591796957438,0.06494977393713994,12.571922869759428,9.727018601540296,2.5270706370095892,2.557559383881267,0.0,0.06573338369776201,0.05996920158683215,0.0,0.019377164982272217,90.36172006600393,0.0,0.21487603305785125,0.2172959838732481,-0.15133449016462927,-0.04745624453845738,0.0,0.22044276966556758,0.0,42.61551056692472,-0.07726066483753369,0.0244412275949301,Insurance—Specialty,Financial Services,AMSF
2020Q3,2020,Q3,2020-10-30,2020-09-30,23353000.0,83074000.0,0.0,1.21,0.0,0.0,1546821000.0,481910000.0,0.0,0.0,1064911000.0,0.0,269022000.0,1107043468.56,1018875468.56,24.969532258707172,0.0,0.0,0.0,0.0,24.969532258707172,0.048459255877653505,13.325992110166839,11.851191159165847,2.297199619348011,0.229949042949514,0.0,0.004850758034808779,0.05370627887777577,0.0,0.01509741592595394,128.5167713675412,0.0,-0.024193548387096794,0.2793892268447376,-0.1623229736403544,-0.034522650909707374,0.0,-0.024845498580257225,0.0,0.3994153632133716,-0.1107818423020277,-0.032794199062329825,Insurance—Specialty,Financial Services,AMSF
2020Q2,2020,Q2,2020-07-31,2020-06-30,23948000.0,89029000.0,0.0,1.24,0.0,0.0,1549973000.0,462796000.0,0.0,0.0,1087177000.0,0.0,250888000.0,1179206633.4399998,1068925633.4399998,24.00309034679475,0.0,0.0,0.0,0.0,24.00309034679475,0.05174634180070701,13.24519688461063,12.310074259228326,2.5480052408404568,0.2199348588608652,0.0,0.004466562390880575,0.057439065067585046,0.0,0.0154505917199848,44.33107644511278,0.0,1.214285714285714,0.6409360066055919,-0.1259332151331714,-0.039606857901248134,0.0,1.2174074074074075,0.0,0.5374101656454476,-0.016055599998567604,-0.04454499996529239,Insurance—Specialty,Financial Services,AMSF
2020Q1,2020,Q1,2020-04-30,2020-03-31,10800000.0,79195000.0,0.0,0.56,0.0,0.0,1524161000.0,436956000.0,0.0,0.0,1087205000.0,0.0,232159000.0,1242080051.52,1162557051.52,22.680143107947174,0.0,0.0,0.0,0.0,22.680143107947174,0.02471644742262379,15.683819073426353,28.751853044444445,2.8425746563040675,0.48564814814814816,0.0,0.004222755202920627,0.05195973391262471,0.0,0.007085865600812513,82.85504979787872,0.0,-0.6818181818181818,-0.30168175150591686,-0.23885088677231897,-0.07404344858839458,0.0,-0.682483683189275,0.0,-0.20621200514909255,-0.19296561294110048,-0.07015011191491444,Insurance—Specialty,Financial Services,AMSF
2019Q4,2019,Q4,2020-02-25,2019-12-31,34014000.0,91939000.0,0.0,1.76,0.0,0.0,1492906000.0,430215000.0,0.0,0.0,1062691000.0,0.0,227165000.0,1271983629.69,1228224629.69,22.332910414046133,0.0,0.0,0.0,0.0,22.332910414046133,0.0790627941843032,13.835082279446155,9.34897123015523,2.9566231528189393,2.126065737637443,0.0,0.056852932940358994,0.0615839175406891,0.0,0.022783751957591435,78.58542133263315,0.0,0.5855855855855855,0.9655110144792423,-0.14574727553240627,-0.06197754050717513,0.0,0.5904797531095108,0.0,0.7724646996378132,-0.07286626604491638,-0.06261766428999953,Insurance—Specialty,Financial Services,AMSF
2019Q3,2019,Q3,2019-11-01,2019-09-30,21386000.0,91488000.0,0.0,1.11,0.0,0.0,1574539000.0,468729000.0,0.0,0.0,1105810000.0,0.0,265536000.0,1273018721.59,1147684721.59,24.341884109368323,0.0,0.0003404170998622454,0.0011435178962684194,0.0,24.341884109368323,0.04562551068954556,13.914597778834382,14.881449565019173,2.7158949448188614,0.22991676797905172,0.0,0.003862472653865348,0.058104626179472214,0.0,0.013582388241891754,57.34576879994594,0.0,0.19354838709677424,0.5388237777059978,-0.13293292503901383,0.013661233332675679,0.0,0.19541643376187814,0.0,0.18669214605072623,-0.07489593763249958,-0.08686491463446626,Insurance—Specialty,Financial Services,AMSF
2019Q2,2019,Q2,2019-08-02,2019-06-30,17890000.0,91753000.0,0.0,0.93,0.0,0.0,1571093000.0,449443000.0,0.0,0.0,1121650000.0,0.0,248975000.0,1221710180.1599998,1171043180.1599998,23.35303585361261,0.0,0.000368533244053662,0.0012882612478111795,0.0,23.35303585361261,0.039804825083492236,13.31520691595915,17.072529068753493,2.718276133258277,0.27193963107881497,0.0,0.003982122829952076,0.058400743940683335,0.0,0.01138697709174441,63.74029217717952,0.0,-0.07920792079207917,0.35364081539134223,-0.11873868100055703,-0.002556212072399138,0.0,-0.07783505154639175,0.0,0.06686773017675396,-0.06682609197450007,-0.1007782280357996,Insurance—Specialty,Financial Services,AMSF
2019Q1,2019,Q1,2019-05-03,2019-03-31,19400000.0,95190000.0,0.0,1.01,0.0,0.0,1558982000.0,430405000.0,0.0,0.0,1128577000.0,0.0,235908000.0,1131249953.22,1096983953.22,22.382963268132617,0.0,0.00040346841721071826,0.0014614142493697797,0.0,22.382963268132617,0.04507382581522055,11.88412599243618,14.577963314690722,2.628338316748179,0.2535051546391753,0.0,0.00434740349469307,0.06105907573018803,0.0,0.012444017955306733,55.85316249728449,0.0,0.03061224489795921,0.7723572620926635,-0.04610846509503315,-0.013739617988216608,0.0,0.03158566414973944,0.0,-0.20735104030311044,-0.07810091237399107,-0.10899108022458644,Insurance—Specialty,Financial Services,AMSF
2018Q4,2018,Q4,2019-02-28,2018-12-31,18806000.0,94669000.0,0.0,0.98,0.0,0.0,1515931000.0,409762000.0,0.0,0.0,1106169000.0,0.0,221328000.0,1089762584.4099998,1049418584.4099998,21.316026180671688,0.0,0.0,0.0,0.0,21.316026180671688,0.04589493413249642,11.511292866830745,14.486900250053175,2.6595013310409454,3.805700308412209,0.0,0.06567485526101831,0.06244941227536082,0.0,0.012405577826431414,39.65368548176988,0.0,-0.03921568627450984,0.03530764057791863,-0.03606262877202858,-0.05597487882426575,0.0,-0.045429166032181105,0.0,-0.19319588145912542,-0.08508278783547883,-0.1065510463939317,Insurance—Specialty,Financial Services,AMSF
2018Q3,2018,Q3,2018-10-26,2018-09-30,19701000.0,93529000.0,0.0,1.02,0.0,0.0,1586969000.0,458996000.0,0.0,0.0,1127973000.0,0.0,274206000.0,1161640145.25,1128316145.25,23.88545911869173,0.0,0.0,0.0,0.0,23.88545911869173,0.0429219426748817,12.420106547167189,14.740877940840567,2.530828471816748,0.21765392619663976,0.0,0.0036913324815209163,0.058935618780203015,0.0,0.012414231153853667,34.490503125,0.0,0.15909090909090912,0.944503461954641,0.017410516866666833,0.09653869429699796,0.0,0.1618895966029724,0.0,0.08399806049238033,-0.05280805145769627,-0.07643965802853793,Insurance—Specialty,Financial Services,AMSF
2018Q2,2018,Q2,2018-08-03,2018-06-30,16956000.0,95380000.0,0.0,0.88,0.0,0.0,1554281000.0,445391000.0,0.0,0.0,1108890000.0,0.0,258744000.0,1109296707.75,1088120707.75,23.18706083800689,0.0,0.0,0.0,0.0,23.18706083800689,0.038069920586630626,11.630286304780876,16.355518809713374,2.4906132089557267,0.2519462137296532,0.0,0.0038510886854293018,0.061365994952006744,0.0,0.010909224265110363,45.87282721652469,0.0,0.047619047619047665,1.1194256013373765,0.041382122929162754,0.08417808773811514,0.0,0.04867338734615623,0.0,0.16619856982069223,-0.06006647244209369,-0.07225720136399008,Insurance—Specialty,Financial Services,AMSF
2018Q1,2018,Q1,2018-04-27,2018-03-31,16169000.0,94175000.0,0.0,0.84,0.0,0.0,1530665000.0,432068000.0,0.0,0.0,1098597000.0,0.0,246028000.0,1060089264.0,1024017264.0,22.51862914819596,0.0,0.0,0.0,0.0,22.51862914819596,0.03742235018561893,11.256588946110964,16.390767270703197,2.453524130460946,0.2697136495763498,0.0,0.004113804514484735,0.06152554608617823,0.0,0.010563382582080338,89.85330259365995,0.0,27.0,0.740560009336344,0.037187937825106085,0.0563847095295836,0.0,23.91371340523883,0.0,0.04977097174384205,-0.09115593768248878,-0.08063753877840152,Insurance—Specialty,Financial Services,AMSF
2017Q4,2017,Q4,2018-02-28,2017-12-31,649000.0,94939000.0,0.0,0.03,0.0,0.0,1518236000.0,425423000.0,0.0,0.0,1092813000.0,0.0,233896000.0,1181319277.6000001,1125760277.6000001,22.18372060535652,0.0,0.0,0.0,0.0,22.18372060535652,0.0015255404620812697,12.442929434689644,455.0536508474576,2.776811027142397,109.39291217257319,0.0,0.06009890919941422,0.0625324389620586,0.0,0.0004274697741326118,41.52118651716987,0.0,-0.9651162790697674,-0.9332385966418209,0.052813287645903075,0.059100616972281715,0.0,-0.9608493696084937,0.0,-0.9623282220915532,-0.11389559491701377,-0.0682437811665331,Insurance—Specialty,Financial Services,AMSF
2017Q3,2017,Q3,2017-10-27,2017-09-30,16577000.0,92804000.0,0.0,0.86,0.0,0.0,1583248000.0,494945000.0,0.0,0.0,1088303000.0,0.0,304456000.0,1115805278.4,1035427278.4000001,25.81615229612988,0.0,0.0,0.0,0.0,25.81615229612988,0.033492610290032226,12.023245532520152,16.827611727091753,2.254402566749841,0.2330940459673041,0.0,0.0034629698163291998,0.058616211736885186,0.0,0.010470248501813993,18.195542918643902,0.0,0.06172839506172831,1.206620421265953,0.09449503100119314,0.2607077900435337,0.0,0.07079646017699115,0.0,0.1980293834839873,-0.1165998606517809,0.07505370820197725,Insurance—Specialty,Financial Services,AMSF
2017Q2,2017,Q2,2017-07-28,2017-06-30,15481000.0,89925000.0,0.0,0.81,0.0,0.0,1559487000.0,481392000.0,0.0,0.0,1078095000.0,0.0,291728000.0,1091278690.55,1037311690.55,25.12215682153824,0.0,0.0,0.0,0.0,25.12215682153824,0.03215882274736597,12.13543164359188,17.622871431916543,2.2669231947144945,0.2503714230346877,0.0,0.0035517966524632786,0.057663193088496406,0.0,0.009926982398699059,64.81431909188098,0.0,0.1571428571428573,3.256434463446271,0.11141976885308892,0.25456034790202203,0.0,0.14470570837030464,0.0,0.17647157682313236,-0.1325305083619079,0.07300564338019329,Insurance—Specialty,Financial Services,AMSF
2017Q1,2017,Q1,2017-04-28,2017-03-31,13524000.0,97542000.0,0.0,0.7,0.0,0.0,1536536000.0,467101000.0,0.0,0.0,1069435000.0,0.0,280096000.0,1242860960.0,1203507960.0,24.39118765143287,0.0,0.0,0.0,0.0,24.39118765143287,0.028953052979976492,12.741803120706978,22.97509908311151,2.660797043894147,0.28904170363797693,0.0,0.0031451627541668054,0.06348175376300978,0.0,0.008801616102714157,52.39496479912314,0.0,-0.292929292929293,0.3399210461011311,0.17475744758637637,0.232337323449583,0.0,-0.29093482933990455,0.0,0.24061371355098207,-0.018520573923497635,0.07474876148649655,Insurance—Specialty,Financial Services,AMSF
2016Q4,2016,Q4,2017-02-24,2016-12-31,19073000.0,98559000.0,0.0,0.99,0.0,0.0,1518856000.0,456150000.0,0.0,0.0,1062706000.0,0.0,270418000.0,1193756030.45,1134820030.45,23.8247613201827,0.0,0.0,0.0,0.0,23.8247613201827,0.041813000109613065,12.112095602126645,15.647198008310177,2.617025168146443,3.4445027001520474,0.0,0.0550338581118914,0.06489028584671622,0.0,0.012557477469885229,38.76208820501997,0.0,0.064516129032258,1.8974727377768834,0.2466156795054822,0.2318556402538476,0.0,0.06576888690210103,0.0,0.0542371383041693,0.007589497156230821,0.05512974142724102,Insurance—Specialty,Financial Services,AMSF
2016Q3,2016,Q3,2016-10-28,2016-09-30,17896000.0,98206000.0,0.0,0.93,0.0,0.0,1600178000.0,509743000.0,0.0,0.0,1090435000.0,0.0,317304000.0,1123988044.66,1037376044.6600001,26.65748419865404,0.0,0.0,0.0,0.0,26.65748419865404,0.03510788770027249,11.445207468586442,15.701665800458203,2.205009278518783,0.19300402324541796,0.0,0.0030729864222397625,0.06137192237363593,0.0,0.011183755807166454,42.79250912434326,0.0,0.06896551724137938,1.5584536469456987,0.3095919696476789,0.44074816160652136,0.0,0.07554540537291904,0.0,0.7750868956775249,0.07357193808679242,0.2237974062453781,Insurance—Specialty,Financial Services,AMSF
2016Q2,2016,Q2,2016-07-29,2016-06-30,16639000.0,97563000.0,0.0,0.87,0.0,0.0,1594769000.0,495947000.0,0.0,0.0,1098822000.0,0.0,302860000.0,1169101075.96,1098946075.96,25.97027405442129,0.0,0.0,0.0,0.0,25.97027405442129,0.033549955942872925,11.983037380564353,17.565675160165874,2.35731051092153,0.20890678526353748,0.0,0.002973224532485957,0.06117688517898204,0.0,0.010433485978220042,46.25523544846686,0.0,-0.31496062992125984,2.507366704631484,0.4013770408172581,0.4164657242029388,0.0,-0.3140536752277693,0.0,1.0919870434388321,0.07145749363056396,0.21431527087749358,Insurance—Specialty,Financial Services,AMSF
2016Q1,2016,Q1,2016-04-29,2016-03-31,24257000.0,102335000.0,0.0,1.27,0.0,0.0,1557560000.0,478753000.0,0.0,0.0,1078807000.0,0.0,289678000.0,1001304220.14,922014220.14,25.1209194109689,0.0,0.0,0.0,0.0,25.1209194109689,0.050667045428435954,9.784572435041774,10.31974502349837,2.0914839596618715,0.14362864327822897,0.0,0.0034794620155629377,0.06570212383471584,0.0,0.01557371786640643,33.11629250363805,0.0,0.049586776859504175,2.5018113313916452,0.4621363053788134,0.3855577696879348,0.0,0.05131539028301478,0.0,1.6289183873386577,0.13469776177562376,0.178462284734524,Insurance—Specialty,Financial Services,AMSF
2015Q4,2015,Q4,2016-02-26,2015-12-31,23073000.0,102424000.0,0.0,1.21,0.0,0.0,1502045000.0,453981000.0,0.0,0.0,1048064000.0,0.0,268873000.0,968543116.8,899062116.8,23.858135481201945,0.0,0.0,0.0,0.0,23.858135481201945,0.05082371288666266,9.456212575177693,10.494334468859705,2.1334441679277325,2.6003120530490182,0.0,0.06194561600749998,0.06818970137379372,0.0,0.015361057757923364,32.3462283939485,0.0,0.2872340425531915,2.0309985917992237,0.554310225667085,0.3375309894274469,0.0,0.28612040133779265,0.0,1.3920498647883355,0.14470568419947108,0.13904094166458128,Insurance—Specialty,Financial Services,AMSF
2015Q3,2015,Q3,2015-10-30,2015-09-30,17940000.0,97470000.0,0.0,0.94,0.0,0.0,1552540000.0,490576000.0,0.0,0.0,1061964000.0,0.0,306061000.0,943314346.14,843415346.14,25.862369823833113,0.0,0.0,0.0,0.0,25.862369823833113,0.036569257362773555,9.677996779932286,13.145406161371238,1.9228709642134958,0.15891861761426979,0.0,0.0030223223166976777,0.06278099114998648,0.0,0.01155525783554691,25.904554335850612,0.0,0.25333333333333324,3.0209470407756593,0.5726643329147074,0.5059013864044242,0.0,0.2528807877645087,0.0,1.4136349232169072,0.1618378258574996,0.26296478002963464,Insurance—Specialty,Financial Services,AMSF
2015Q2,2015,Q2,2015-07-31,2015-06-30,14319000.0,99936000.0,0.0,0.75,0.0,0.0,1534111000.0,472798000.0,0.0,0.0,1061313000.0,0.0,290980000.0,890244796.74,828655796.74,24.99298390900697,0.0,0.0,0.0,0.0,24.99298390900697,0.030285661106857473,8.908149182877041,15.543068593128012,1.8829284318884598,0.20029331657238633,0.0,0.0032215858048284802,0.06514261353969823,0.0,0.009333744429184068,-136.51967439656494,0.0,-0.050632911392405104,0.35938966089320973,0.6456948085965784,0.4787889769834116,0.0,-0.053602115003304696,0.0,2.9878981186124847,0.2511346690522036,0.24810965916395109,Insurance—Specialty,Financial Services,AMSF
2015Q1,2015,Q1,2015-05-01,2015-03-31,15130000.0,101788000.0,0.0,0.79,0.0,0.0,1514977000.0,461653000.0,0.0,0.0,1053324000.0,0.0,279479000.0,871710380.0,791979380.0,24.493744413138685,0.0,0.0,0.0,0.0,24.493744413138685,0.03277353336813581,8.563979840452706,14.403674487772637,1.8882372257951319,0.18803701255783212,0.0,0.0032636986610162884,0.06718781869295705,0.0,0.009986950296935202,27.182337459852192,0.0,-0.11235955056179772,0.3445564078254402,0.5844035127302086,0.48951093276103125,0.0,-0.10287577823895643,0.0,0.5231067535995506,0.24557677356467514,0.2375188884897248,Insurance—Specialty,Financial Services,AMSF
2014Q4,2014,Q4,2015-02-27,2014-12-31,16865000.0,104886000.0,0.0,0.89,0.0,0.0,1457220000.0,446968000.0,0.0,0.0,1010252000.0,0.0,267189000.0,795243807.96,704287807.96,23.808502864762122,0.0,0.0,0.0,0.0,23.808502864762122,0.037732007660503664,7.5819824186259375,11.78837545152683,1.7791962913676147,1.2493329380373555,0.0,0.026495019249568052,0.07197677770000412,0.0,0.01157340689806618,21.943208188515772,0.0,0.2535211267605635,1.572110819230059,0.6495952955365613,0.487031079392517,0.0,0.25120557904889085,0.0,1.6128920713441741,0.3529713358154075,0.2310149993029271,Insurance—Specialty,Financial Services,AMSF
2014Q3,2014,Q3,2014-10-31,2014-09-30,13479000.0,102336000.0,0.0,0.71,0.0,0.0,1467384000.0,448483000.0,0.0,0.0,1018901000.0,0.0,271481000.0,730419650.63,611875650.63,24.01382563416974,0.0,0.0,0.0,0.0,24.01382563416974,0.03005465090092601,7.13746531650641,13.547363503041769,1.6286451228474657,0.1666295719267008,0.0,0.0030749446541625557,0.06974043604128163,0.0,0.00918573461343452,21.948365354427718,0.0,0.0441176470588234,-0.09672555316850145,0.5378415370059361,0.5339983734430989,0.0,0.055272841149299305,0.0,0.9729983984204877,0.3972492857250243,0.29786722849549657,Insurance—Specialty,Financial Services,AMSF
2014Q2,2014,Q2,2014-08-01,2014-06-30,12773000.0,100624000.0,0.0,0.68,0.0,0.0,1439717000.0,435484000.0,0.0,0.0,1004233000.0,0.0,260258000.0,756469564.62,657651564.62,23.412884150728384,0.0,0.0,0.0,0.0,23.412884150728384,0.029330583902049213,7.517784669860073,14.806027648555549,1.7370777448080756,0.17552650121349722,0.0,0.002963767618497952,0.06989151340159212,0.0,0.008871882460233503,18.981496113717913,0.0,0.21428571428571425,-0.054950618746973615,0.38787940191703696,0.5864083588375941,0.0,0.21082567067968527,0.0,1.7643199824658933,0.48392816251302856,0.27698105282778435,Insurance—Specialty,Financial Services,AMSF
2014Q1,2014,Q1,2014-05-02,2014-03-31,10549000.0,96173000.0,0.0,0.56,0.0,0.0,1376750000.0,420578000.0,0.0,0.0,956172000.0,0.0,249729000.0,813736870.66,706876870.66,22.694780887858066,0.0,0.0,0.0,0.0,22.694780887858066,0.025082148852293748,8.461177988208748,19.28469216655607,1.9348060779688905,1.0910986823395583,0.0,0.014144621455661152,0.06985509351734157,0.0,0.007662248047938987,27.054221379745993,0.0,-0.3913043478260869,-0.03026049237829966,0.26134190240487115,0.6316941452626451,0.0,-0.39523017829501805,0.0,0.5661103820597801,0.41309790116533823,0.251742799541276,Insurance—Specialty,Financial Services,AMSF
2013Q4,2013,Q4,2014-02-28,2013-12-31,17443000.0,94309000.0,0.0,0.92,0.0,0.0,1329001000.0,416814000.0,0.0,0.0,912187000.0,0.0,250744000.0,779728688.64,656651688.64,22.57993532430968,0.0,0.0,0.0,0.0,22.57993532430968,0.041848402404909626,8.26780783000562,11.175381078942843,1.8706873776792527,0.08530642664679242,0.0,0.0019083561008834552,0.07096232433233685,0.0,0.013124896068550738,27.108740000695338,0.0,0.7692307692307693,2.1039501325529417,0.5042182626432207,0.6800937733400345,0.0,0.798432828126611,0.0,1.3620246304665025,0.47526719157547676,0.2658727359196879,Insurance—Specialty,Financial Services,AMSF
2013Q3,2013,Q3,2013-11-04,2013-09-30,9699000.0,88003000.0,0.0,0.52,0.0,0.0,1312559000.0,400712000.0,0.0,0.0,911847000.0,0.0,234789000.0,653240930.2099999,536462930.2099999,21.78259576512705,0.0,0.0,0.0,0.0,21.78259576512705,0.024204416139272097,7.4229393339999765,16.83784230874317,1.6302005685130467,0.15238684400453656,0.0,0.002262564900097214,0.06704689084452585,0.0,0.007389382115394432,16.2433093845733,0.0,0.2682926829268294,-0.25725879108387234,0.1803200154361905,0.694254578481983,0.0,0.2688383045525903,0.0,1.2415484872225264,0.4641238410666834,0.26834630336015536,Insurance—Specialty,Financial Services,AMSF
2013Q2,2013,Q2,2013-08-05,2013-06-30,7644000.0,87511000.0,0.0,0.41,0.0,0.0,1313873000.0,392515000.0,0.0,0.0,921358000.0,0.0,226568000.0,607490059.4,524066059.4,21.38676394611635,0.0,0.0,0.0,0.0,21.38676394611635,0.019474414990509916,6.9418708436653676,19.86819922161172,1.5476862270231713,0.19296180010465724,0.0,0.002428023269149151,0.06660537205650774,0.0,0.005817913907965229,16.351916755941964,0.0,-0.1276595744680851,-0.3892606810421279,0.12345793019143607,0.7501979174976243,0.0,-0.1363687718901819,0.0,-0.25200569561755454,0.48537572584500305,0.2654155619035768,Insurance—Specialty,Financial Services,AMSF
2013Q1,2013,Q1,2013-05-03,2013-03-31,8851000.0,86512000.0,0.0,0.47,0.0,0.0,1265403000.0,389698000.0,0.0,0.0,875705000.0,0.0,220399000.0,633997322.04,558703322.04,21.316693572953817,0.0,0.0,0.0,0.0,21.316693572953817,0.022712459391631468,7.328432148603661,17.907505424245848,1.6268939590144165,0.16596994689865552,0.0,0.0023170444873067114,0.06836715259881634,0.0,0.006994609622389073,29.306953360144224,0.0,-0.06000000000000005,-0.23665920883234165,0.0813533870927334,0.8372752684599587,0.0,-0.04064600043355734,0.0,-0.1890677257686151,0.38834600012738546,0.296308461118739,Insurance—Specialty,Financial Services,AMSF
2012Q4,2012,Q4,2013-03-06,2012-12-31,9226000.0,85583000.0,0.0,0.5,0.0,0.0,1220946000.0,381222000.0,0.0,0.0,839724000.0,0.0,213017000.0,495960736.5,403284736.5,20.94581029399693,0.0,0.0,0.0,0.0,20.94581029399693,0.02420112165614786,5.795084730612388,13.439213540537612,1.3009761674300016,0.0,0.0,0.0,0.07009564714573781,0.0,0.00755643574736311,22.923999838225097,0.0,0.3157894736842105,-0.48823215808413295,0.07316921025969557,0.8878406496134665,0.0,0.29560454992276364,0.0,0.45137733276957287,0.3883883069594592,0.30823307400535915,Insurance—Specialty,Financial Services,AMSF
2012Q3,2012,Q3,2012-11-06,2012-09-30,7121000.0,80374000.0,0.0,0.38,0.0,0.0,1202855000.0,372139000.0,0.0,0.0,830716000.0,0.0,203791000.0,501394780.58,432049780.58,20.477506762481745,0.0,0.0,0.0,0.0,20.477506762481745,0.01913532309164049,6.238270841068007,17.602681525768855,1.3473319930993526,0.0,0.0,0.0,0.06681935894185084,0.0,0.005920081805371387,30.319573113623992,0.0,1.0,-0.37712140917620296,-0.058907180376821924,0.7729178115013294,0.0,1.067053701015965,0.0,-0.5095897245283612,0.24123855258054838,0.3080990319643051,Insurance—Specialty,Financial Services,AMSF
2012Q2,2012,Q2,2012-08-03,2012-06-30,3445000.0,76637000.0,0.0,0.19,0.0,0.0,1210308000.0,363449000.0,0.0,0.0,846859000.0,0.0,196670000.0,470994108.9,407036108.9,20.024669888179996,0.0,0.01065018160666541,0.03546577373991949,0.0,20.024669888179996,0.009478633866099508,6.145779569920534,34.17954346153846,1.2959015127294338,0.0,0.0,0.0,0.06332024575562584,0.0,0.002846382904186372,19.880718791946308,0.0,-0.6346153846153846,-0.6862855481941559,-0.06397269434172204,1.0869076769940422,0.0,-0.6396820416274448,0.0,-0.7387898849878514,0.08324781776946463,0.3568300039012461,Insurance—Specialty,Financial Services,AMSF
2012Q1,2012,Q1,2012-05-10,2012-03-31,9561000.0,78654000.0,0.0,0.52,0.0,0.0,1185760000.0,359053000.0,0.0,0.0,826707000.0,0.0,193225000.0,448802130.26,410807130.26,19.792622675061544,0.0,0.021741330454729455,0.0717999849604376,0.0,19.792622675061544,0.02662838076829883,5.706030592976835,11.73522984677335,1.2499606750535435,0.0,0.0,0.0,0.06633214141141547,0.0,0.008063183106193497,24.948698107732504,0.0,0.5294117647058822,0.1718265504492632,-0.021638083029656762,1.2033307757207965,0.0,0.532948532948533,0.0,-0.10213207320809843,0.05381849589640641,0.42303671922953057,Insurance—Specialty,Financial Services,AMSF
2011Q4,2011,Q4,2011-12-31,2011-12-31,6237000.0,74910000.0,0.0,0.34,0.0,0.0,1148509000.0,350852000.0,0.0,0.0,797657000.0,0.0,185079000.0,421772414.25,402016414.25,19.340546523189314,0.0,0.022446493671359997,0.07347827574019815,0.0,19.340546523189314,0.01777672636895329,5.630388656387665,16.906061177248677,1.2021376940989361,0.0,0.0,0.0,0.06522369437244288,0.0,0.005430519046868592,31.26092604876964,0.0,-0.055555555555555455,-0.5416381042519063,-0.19896972084620995,1.2797443876574204,0.0,-0.06799163179916318,0.0,0.12936334569006733,0.21579934200020354,0.4390622169595179,Insurance—Specialty,Financial Services,AMSF
2011Q3,2011,Q3,2011-09-30,2011-09-30,6692000.0,71743000.0,0.0,0.36,0.0,0.0,1153197000.0,338486000.0,0.0,0.0,814711000.0,0.0,173873000.0,336793276.4,293633276.4,18.502528692404738,0.0,0.022355243726787356,0.07616267733377452,0.0,18.502528692404738,0.019770389321862647,4.694440940579568,12.58193650627615,0.9949991326081434,0.0,0.0,0.0,0.062212267288243035,0.0,0.005802998100064429,13.61000874484765,0.0,0.5,-0.22882550381338485,-0.16514501348148627,1.6497876076554632,0.0,0.4646530969577588,0.0,-0.4846769303791558,-0.0324020947720312,0.4391303170941503,Insurance—Specialty,Financial Services,AMSF
2011Q2,2011,Q2,2011-06-30,2011-06-30,4569000.0,67051000.0,0.0,0.24,0.0,0.0,1152548000.0,337213000.0,0.0,0.0,815335000.0,0.0,167181000.0,416031722.34000003,390077722.34000003,18.334558761762523,0.0,0.031313229470703176,0.10702434366409362,0.0,18.334558761762523,0.01354929970078259,6.20470570670087,22.763828099146423,1.2337357170097238,0.0,0.0,0.0,0.058176318903854767,0.0,0.003964260056847958,105.67226881889765,0.0,-0.3142857142857143,-0.4463952907306869,-0.1983304856021778,1.8391443123125408,0.0,-0.3105477591670439,0.0,-0.6357213688288212,-0.1410324395065735,0.5004189808202233,Insurance—Specialty,Financial Services,AMSF
2011Q1,2011,Q1,2011-03-31,2011-03-31,6627000.0,66959000.0,0.0,0.35,0.0,0.0,1139158000.0,330567000.0,0.0,0.0,808591000.0,0.0,162612000.0,403122786.0,387010786.0,18.13054638394963,0.0,0.03168129442974548,0.10917605205601286,0.0,18.13054638394963,0.02004737314976994,6.020442151167132,15.207589633318243,1.2194888963508155,0.0,0.0,0.0,0.0587793791554815,0.0,0.005817454646326497,992.9132660098522,0.0,-0.10256410256410266,-0.12494377524056237,-0.14876143594542443,1.9745273135584622,0.0,-0.09144502330682754,0.0,-0.42693639039976655,-0.16081061423017048,0.5626628192076116,Insurance—Specialty,Financial Services,AMSF
2010Q4,2010,Q4,2011-03-07,2010-12-31,7294000.0,63141000.0,0.0,0.39,0.0,0.0,1128134000.0,325223000.0,0.0,0.0,802911000.0,0.0,155985000.0,319070500.0,294194500.0,17.837445016070117,0.0,0.031990880515967074,0.110970011346061,0.0,17.837445016070117,0.022427688078641424,5.053301341442169,10.936060460652591,0.9810822112827199,0.0,0.0,0.0,0.05596941498084448,0.0,0.006465543986795895,13.590190816935003,0.0,0.6956521739130435,0.28963842565434944,-0.175433616940619,1.1089216593273183,0.0,0.6737035337310693,0.0,-0.5961152207823399,-0.20964111616463546,0.6076844635718552,Insurance—Specialty,Financial Services,AMSF
2010Q3,2010,Q3,2010-11-05,2010-09-30,4358000.0,60538000.0,0.0,0.23,0.0,0.0,1135418000.0,318202000.0,0.0,0.0,817216000.0,0.0,148691000.0,347957905.8,329231905.8,17.17401289176284,0.0,0.03178565074712573,0.11341852031099742,0.0,17.17401289176284,0.013695702729712572,5.74776018038257,19.960871145020654,1.0935126297132012,0.0,0.0,0.0,0.05331780894789408,0.0,0.0038382340248260993,38.44838738121547,0.0,-0.5740740740740742,-0.5993755961764436,-0.9855334905647731,-0.942362856816102,0.0,-0.5819263238679969,0.0,-0.6261076048774724,-0.3047485006195553,0.4869053007246899,Insurance—Specialty,Financial Services,AMSF
2010Q2,2010,Q2,2010-08-06,2010-06-30,10424000.0,60095000.0,0.0,0.54,0.0,0.0,1140454000.0,316399000.0,0.0,0.0,824055000.0,0.0,144333000.0,328549127.40000004,314501127.40000004,16.900980665943475,0.0,0.03164529213804327,0.11406483585599196,0.0,16.900980665943475,0.032945742559236914,5.46716244945503,7.879631796815042,1.038401282557783,0.0,0.0,0.0,0.052693927155325865,0.0,0.009140219596757081,40.76797709393225,0.0,-0.06896551724137918,-0.04617847351581701,-0.9857871246151597,0.0,0.0,-0.07564068457923206,0.0,-0.07968898975144338,-0.2883879762084884,0.7613666790734304,Insurance—Specialty,Financial Services,AMSF
2010Q1,2010,Q1,2010-05-04,2010-03-31,11277000.0,64382000.0,0.0,0.58,0.0,0.0,1127159000.0,310603000.0,0.0,0.0,816556000.0,0.0,133909000.0,309202387.72,281031387.72,16.44415215384547,0.0,0.03201855283948405,0.11619334005144831,0.0,16.44415215384547,0.03630679677916826,4.80262166009133,6.8547128606899,0.9954906672504774,0.0,0.0,0.0,0.057118827068763145,0.0,0.010004799677773943,294.198275661275,0.0,0.7058823529411762,0.02271667052442269,-0.9849083366018136,0.0,0.0,0.7094133697135061,0.0,0.327439237691138,-0.23086204358474083,0.8305763271511708,Insurance—Specialty,Financial Services,AMSF
2009Q4,2009,Q4,2010-03-10,2009-12-31,6597000.0,63972000.0,0.0,0.34,0.0,0.0,1118809000.0,302417000.0,0.0,0.0,816392000.0,0.0,122632000.0,339423757.32,312325757.32,16.01076345659728,0.0,0.0322575166985607,0.11933852924934775,0.0,16.01076345659728,0.021814249860292245,5.305817503282686,12.862807235106867,1.1223699637255842,0.0,0.0,0.0,0.057178660522037274,0.0,0.005896448812978802,63.51492464820359,0.0,-0.5405405405405405,0.12590859508924698,-0.193585102125218,0.8929530437551093,0.0,-0.5622719129453918,0.0,-0.5343706988624284,-0.3430079427676983,0.8872500882291066,Insurance—Specialty,Financial Services,AMSF
2009Q3,2009,Q3,2009-11-06,2009-09-30,15071000.0,67208000.0,0.0,0.74,0.0,0.0,1162772000.0,295274000.0,0.0,0.0,867498000.0,0.0,116910000.0,325370259.0,256631259.0,15.65440097584334,0.0,0.031037899089417356,0.12222545838780252,0.0,15.65440097584334,0.05104072827272296,4.841242991905726,5.3972904750846,1.1019265461909955,0.0,0.0,0.0,0.05779980942093549,0.0,0.012961268417196149,34.63965282657298,0.0,0.10447761194029843,0.36092631378463735,-0.9842239227527544,-0.9474627766853727,0.0,0.09999270126268156,0.0,0.6844559825821703,-0.24146896443696111,1.2419010071897412,Insurance—Specialty,Financial Services,AMSF
2009Q2,2009,Q2,2009-08-06,2009-06-30,13701000.0,73496000.0,0.0,0.67,0.0,0.0,1157196000.0,278273000.0,0.0,0.0,878923000.0,0.0,103822000.0,293386912.0,247325912.0,14.758422079850652,0.0,0.03118745657606836,0.12969278370521034,0.0,14.758422079850652,0.0492358223758683,3.9918759116142377,5.353385008393548,1.0543132535316038,0.0,0.0,0.0,0.06351214487433417,0.0,0.011839826615370258,-213.99483005105762,0.0,0.24074074074074073,0.2447353891006953,-0.9827416462746102,0.0,0.0,0.23856445489061653,0.0,0.6193233820134655,-0.14285061958561737,1.2853721570929024,Insurance—Specialty,Financial Services,AMSF
2009Q1,2009,Q1,2009-05-04,2009-03-31,11062000.0,77535000.0,0.0,0.54,0.0,0.0,1143399000.0,262111000.0,0.0,0.0,881288000.0,0.0,88138000.0,288706640.92,232321640.92000002,13.90872238755567,0.0,0.03156378482052197,0.13768975739286027,0.0,13.90872238755567,0.042203493939590477,3.7235653694460566,6.524738766045923,1.1014670918809206,0.0,0.0,0.0,0.06781097412189446,0.0,0.009674663000404933,22.354366312040266,0.0,0.8000000000000002,0.005521960270238711,-0.9817834307636288,0.0,0.0,0.9281854627854279,0.0,0.4131987278138247,-0.04634625555283413,1.2818879123858924,Insurance—Specialty,Financial Services,AMSF
2008Q4,2008,Q4,2009-03-09,2008-12-31,5737000.0,64006000.0,0.0,0.3,0.0,0.0,1107833000.0,253272000.0,0.0,0.0,854561000.0,0.0,77076000.0,386889512.93,327713512.93,13.439687523762831,0.0,0.032577112254283815,0.14249502511134274,0.0,13.439687523762831,0.022651536687829685,6.044581959972502,16.859400075387835,1.5275652773697845,0.0,0.0,0.0,0.05777585610827625,0.0,0.005178578359734725,19.035154387699876,0.0,-0.5384615384615385,-0.01861898686941601,-0.1913037074380423,0.588974659090445,0.0,-0.5705516880005989,0.0,-0.01861898686941601,-0.1913037074380423,0.588974659090445,Insurance—Specialty,Financial Services,AMSF
2008Q3,2008,Q3,2008-11-07,2008-09-30,13359000.0,76275000.0,0.0,0.65,0.0,0.0,1116726000.0,241957000.0,0.0,0.0,874769000.0,0.0,71339000.0,342514226.59999996,307423226.59999996,12.856743043093207,0.0,0.032317685806545204,0.14915873481651698,0.0,12.856743043093207,0.055212289787028274,4.490517556211078,6.4098028782094465,1.4155995759577114,0.0,0.0,0.0,0.06830234095024204,0.0,0.011962647954825087,13.169571924023376,0.0,0.03174603174603177,0.20906045814475066,-0.9820550688930708,-0.9568519050076663,0.0,0.041475013643096595,0.0,0.20906045814475066,-0.9820550688930708,-0.9568519050076663,Insurance—Specialty,Financial Services,AMSF
2008Q2,2008,Q2,2008-08-08,2008-06-30,12827000.0,79830000.0,0.0,0.63,0.0,0.0,1105297000.0,229842000.0,0.0,0.0,875455000.0,0.0,57980000.0,299819445.0,281656445.0,12.219625981897204,0.0,0.032651857374081356,0.15702091001644608,0.0,12.219625981897204,0.05580790282019822,3.755723975948891,5.8435223551882745,1.3044589109040123,0.0,0.0,0.0,0.07222493139852908,0.0,0.01160502561754895,-133.96758042895442,0.0,0.0677966101694916,0.16817936402871692,-0.9812084996475976,0.0,0.0,0.07581984399899354,0.0,0.16817936402871692,-0.9812084996475976,0.0,Insurance—Specialty,Financial Services,AMSF
2008Q1,2008,Q1,2008-05-06,2008-03-31,11923000.0,82266000.0,0.0,0.59,0.0,0.0,1089666000.0,218105000.0,0.0,0.0,871561000.0,0.0,45153000.0,237611295.68,196106295.68,11.60234067202238,0.0,0.03312024051406578,0.16547075949657275,0.0,11.60234067202238,0.054666330437174754,2.8883292694430263,4.982204472028853,1.089435343893996,0.0,0.0,0.0,0.075496528293991,0.0,0.010941884944560994,12.190195756207675,0.0,-0.3979591836734694,0.08647928306580269,-0.9806238637949131,0.0,0.0,-0.3596670247046187,0.0,0.08647928306580269,-0.9806238637949131,0.0,Insurance—Specialty,Financial Services,AMSF
2007Q4,2007,Q4,2008-03-06,2007-12-31,18620000.0,82368000.0,0.0,0.98,0.0,0.0,1061853000.0,208570000.0,0.0,0.0,853283000.0,0.0,33230000.0,291562594.62,280323594.62,11.095115627627557,0.0,0.03398775536726835,0.17303543174953254,0.0,11.095115627627557,0.08927458407249365,3.5397556650641024,3.9146427849087,1.3979124256604496,0.0,0.0,0.0,0.07757005913247879,0.0,0.01753538389965466,11.138121045956375,0.0,0.6896551724137931,2.1930849886257837,0.04328097010565396,0.3117758534792611,0.0,0.5754293933496911,0.0,2.1930849886257837,0.04328097010565396,0.3117758534792611,Insurance—Specialty,Financial Services,AMSF
2007Q3,2007,Q3,2007-11-09,2007-09-30,11819000.0,88293000.0,0.0,0.58,0.0,0.0,1081191000.0,217000000.0,0.0,0.0,864191000.0,0.0,14609000.0,329910220.88,320276220.88,11.550172619192725,0.0,0.03337985610313071,0.16631336405529953,0.0,11.550172619192725,0.054465437788018434,3.7365388069269363,6.978386937981217,1.5203235985253454,0.0,0.0,0.0,0.08166272194274647,0.0,0.01093146354344422,14.438715956059346,0.0,0.035714285714285546,0.07149652961587648,-0.9791924081456589,-0.9612368432906879,0.0,0.04022179193803908,0.0,0.07149652961587648,-0.9791924081456589,-0.9612368432906879,Insurance—Specialty,Financial Services,AMSF
2007Q2,2007,Q2,2007-08-08,2007-06-30,11362000.0,84713000.0,0.0,0.56,0.0,0.0,1065915000.0,180194000.0,0.0,0.0,885721000.0,0.0,2791000.0,368073260.8,355466260.8,9.595378899091166,0.0,0.03385823447460633,0.20028413820659954,0.0,9.595378899091166,0.0630542637379713,4.344944232880431,8.098777961626475,2.0426499261906614,0.0,0.0,0.0,0.07947444214594973,0.0,0.010659386536449905,9.419902257255464,0.0,0.33333333333333354,0.036412164868674,-0.9800272129901442,0.0,0.0,0.34972677595628415,0.0,0.036412164868674,-0.9800272129901442,0.0,Insurance—Specialty,Financial Services,AMSF
2007Q1,2007,Q1,2007-05-08,2007-03-31,8418000.0,82945000.0,0.0,0.42,0.0,0.0,1029196000.0,168131000.0,0.0,0.0,861065000.0,0.0,-8570000.0,352805629.15000004,344390629.15000004,8.983046437313343,0.0,0.0350662070198485,0.2146540495209093,0.0,8.983046437313343,0.05006810165882556,4.2534888076436195,10.47771528718223,2.098397256603482,0.0,0.0,0.0,0.08059203494766788,0.0,0.008179200074621355,32.42698797334559,0.0,-0.43243243243243246,-0.22955669722158434,-0.9803784701140944,0.0,0.0,-0.40038464278082486,0.0,-0.22955669722158434,-0.9803784701140944,0.0,Insurance—Specialty,Financial Services,AMSF
