Quarters,Year,Quarter,FillingDate,Date,NetIncome,Revenue,OperatingIncome,EPSDiluted,GrossProfit,GrossProfitRatio,TotalAssets,CommonStockEquity,CurrentAssets,CurrentLiability,TotalLiability,Inventory,RetainedEarnings,MarketCap,EnterpriseValue,bookValuePerShare,currentRatio,debtToAssets,debtToEquity,roic,shareholdersEquityPerShare,roe,priceToSalesRatio,peRatio,pbRatio,payoutRatio,inventoryTurnover,dividendYield,assetTurnover,quickRatio,returnOnAssets,priceToFreeCashFlowsRatio,grossProfitMargin,epsdilutedGrowth,fiveYNetIncomeGrowthPerShare,fiveYRevenueGrowthPerShare,fiveYShareholdersEquityGrowthPerShare,grossProfitGrowth,netIncomeGrowth,operatingIncomeGrowth,threeYNetIncomeGrowthPerShare,threeYRevenueGrowthPerShare,threeYShareholdersEquityGrowthPerShare,Industry,Sector,Symbol
2023Q1,2023,Q1,2023-05-04,2023-03-31,28733000.0,423570000.0,59836000.0,0.25,92286000.0,0.2178766202,1394151000.0,982923000.0,368693000.0,304479000.0,411228000.0,17732000.0,12133000.0,825994390.0,815863390.0,8.55601013222378,1.2108979601220446,0.024862443164334423,0.03526420686055774,0.04534637317488212,8.55601013222378,0.02923219824950683,1.9500776495030336,7.186809504750635,0.8403449608972423,0.0,18.682833295736522,0.0,0.30381931368983706,1.1212825843490026,0.020609675709446107,-19.77056391967256,0.21787662015723494,1.0833333333333335,-0.43392528343240044,-0.20480983248770784,0.5771322152549573,0.28294385052757426,1.2031130194755406,0.27210493866530605,4.226925254649553,-0.06032551705633923,-0.10404091852531254,Oil & Gas Equipment & Services,Energy,PUMP
2022Q4,2022,Q4,2023-02-23,2022-12-31,13042000.0,348925000.0,47037000.0,0.12,71933000.0,0.2061560507,1335786000.0,954033000.0,328785000.0,284180000.0,381753000.0,5034000.0,-16600000.0,1097851160.0,1042151160.0,9.011533230060074,1.156960377225702,0.024825832880416475,0.03475980390615419,0.03166494810035939,9.011533230060074,0.013670386663773685,3.1463814859926917,21.044532280325104,1.1507475737212445,0.0,55.02423520063568,0.0,0.2612132482298811,1.1086987120838905,0.009763539968228443,20.73020940727733,0.20615605072723364,0.1999999999999999,0.015061775340540375,-0.12758406912400252,0.810802414565903,-0.08341084876208922,0.30003987240829344,-0.053067058563002034,-0.45335186347801215,-0.2372881121121899,-0.06456435225013324,Oil & Gas Equipment & Services,Energy,PUMP
2022Q3,2022,Q3,2022-11-03,2022-09-30,10032000.0,333014000.0,49673000.0,0.1,78479000.0,0.2356627649,1143606000.0,830538000.0,300241000.0,253817000.0,313068000.0,3944000.0,-29641000.0,840194600.0000001,797600600.0000001,7.957479017360978,1.182903430424282,0.0005368981974561168,0.0007392798402962899,0.04680548826232378,7.957479017360978,0.012078917520932216,2.5230008347997384,20.93786383572568,1.0116269213449596,0.0,64.53727180527383,0.0,0.2911964435303767,1.033157747511002,0.008772251981888867,-27.101303141732796,0.23566276492880178,1.3125,-0.6366211461186012,-0.0628827473287697,0.6420587145152533,0.2109461794840143,1.305295191722459,0.251871266917009,-0.7188702323296595,-0.40758547905989134,-0.15202824486747318,Oil & Gas Equipment & Services,Energy,PUMP
2022Q2,2022,Q2,2022-08-04,2022-06-30,-32860000.0,315083000.0,39679000.0,-0.32,64808000.0,0.205685486,1067623000.0,817036000.0,259001000.0,193658000.0,250587000.0,3491000.0,-39673000.0,1042360000.0,973356000.0,7.838328408611228,1.3374144109719195,0.0007352782770697147,0.000960789977430615,0.03891546464004113,7.838328408611228,-0.04021854606161785,3.308207678611667,-7.930310407790627,1.275782217674619,0.0,71.69149240905185,0.0,0.2951257138521744,1.3003077590391308,-0.0307786550121157,-506.491739552964,0.20568548604653378,-3.909090909090909,-6.319659039860769,0.17574453679649027,0.7142479162360419,0.2101204369339931,-3.7807396124227806,0.23207576463282098,-1.8761685118297586,-0.4266919606340252,-0.1340681067604701,Oil & Gas Equipment & Services,Energy,PUMP
2022Q1,2022,Q1,2022-05-05,2022-03-31,11817000.0,282680000.0,32205000.0,0.11,53555000.0,0.1894545069,1084451000.0,847212000.0,250828000.0,172091000.0,237239000.0,2297000.0,-6813000.0,1444304190.0,1374491190.0,8.171175602557796,1.457531189893719,0.0008806299224215755,0.001127226715391189,0.028092530308804278,8.171175602557796,0.013948102718091812,5.109325703976228,30.55564419903529,1.7047730556224419,0.0,99.74967348715717,0.0,0.26066645703678637,1.4117414623658413,0.010896757898697129,-36.888723469465944,0.18945450686288381,1.5499999999999998,1.2620836237447257,-0.1120462542542356,0.22285483804287468,1.093218682821966,1.5840747330960854,2.4182226528095825,-0.8363486675850895,-0.4996672557753891,-0.05810850437693793,Oil & Gas Equipment & Services,Energy,PUMP
2021Q4,2021,Q4,2022-02-25,2021-12-31,-20232000.0,246070000.0,-22708000.0,-0.2,25585000.0,0.1039744788,1061236000.0,826302000.0,251064000.0,173785000.0,234934000.0,3949000.0,-18630000.0,837459000.0,726007000.0,7.99208820969146,1.4446816468625026,0.00043911062195402343,0.0005639584558672253,-0.02431073915413778,7.99208820969146,-0.024484994590355583,3.403336448977933,-10.348198398576512,1.0135023272362889,0.0,55.83312230944543,0.0,0.23187113893610847,1.3813965532123025,-0.01906456245359185,-80.7734375,0.10397447880684359,-3.0000000000000004,0.06166346316230856,0.2056797745673036,2.002865836650262,-0.08225123753497382,-2.9928952042628776,-2.852731591448931,-1.3165492642331225,-0.5314082324261574,-0.16047265738932193,Oil & Gas Equipment & Services,Energy,PUMP
2021Q3,2021,Q3,2021-11-04,2021-09-30,-5067000.0,250099000.0,-5894000.0,-0.05,27878000.0,0.11146785872794374,1098750000.0,842815000.0,242939000.0,192042000.0,255935000.0,3477000.0,1602000.0,893173050.0,809124050.0,8.162303766330613,1.2650305662303039,0.0005023890784982935,0.00065494800163737,-0.0055764806983813866,8.162303766330613,-0.006011995515029989,3.5712779739223266,-44.068139431616345,1.0597498264743745,0.0,63.9117054932413,0.0,0.22762138794084186,1.219790462502994,-0.00461160409556314,72.81697782488179,0.11146785872794374,0.375,0.7003302252817953,0.720480116504875,8.001659951020308,0.33983755466910176,0.4046528022559041,0.498254873584745,-1.0885740286236048,-0.5337949625908907,0.2646281118698056,Oil & Gas Equipment & Services,Energy,PUMP
2021Q2,2021,Q2,2021-08-05,2021-06-30,-8511000.0,216887000.0,-11747000.0,-0.08,20807000.0,0.09593474943173173,1066786000.0,844743000.0,217134000.0,156777000.0,222043000.0,2641000.0,6669000.0,937965680.0,865901680.0,8.249604484462587,1.3849863181461566,0.0005971206971220095,0.0007540754998857641,-0.009680191496698822,8.249604484462587,-0.010075253657029416,4.324674507923481,-27.5515709082364,1.1103562622004564,0.0,74.24460431654676,0.0,0.20330881732606165,1.345924465961206,-0.007978169942237712,63.46611272751878,0.09593474943173173,0.6,0.2573690840765619,1.58028207410803,0.0,3.521295089091699,0.5822822085889571,0.5899968587483857,-1.1774283704371433,-0.6156731752913395,0.4011816443517534,Oil & Gas Equipment & Services,Energy,PUMP
2021Q1,2021,Q1,2021-05-06,2021-03-31,-20375000.0,161458000.0,-28651000.0,-0.2,4602000.0,0.02850276852184469,1044783000.0,847269000.0,176441000.0,128459000.0,197514000.0,2329000.0,15180000.0,1082523000.0,1027384000.0,8.343367799113738,1.3735199557835573,0.000689138318674787,0.0008497891460681319,-0.025439234035702515,8.343367799113738,-0.02404785257102526,6.704672422549518,-13.282490797546012,1.2776615219015448,0.0,67.34907685702018,0.0,0.15453735368971355,1.2941483274819203,-0.019501657281942756,-197.32464454976304,0.02850276852184469,0.5425417120058034,-0.2875674535046806,0.501513165645001,0.0,0.4151291512915129,0.538107544432354,0.4887310622959011,-1.4541075074924268,-0.6570951272873435,0.5379357827248268,Oil & Gas Equipment & Services,Energy,PUMP
2020Q4,2020,Q4,2021-03-05,2020-12-31,-44112000.0,154344000.0,-56039000.0,-0.43719833097118843,3252000.0,0.021069818068729592,1050739000.0,870771000.0,167726000.0,104163000.0,179968000.0,2729000.0,35555000.0,745628830.0,686409830.0,8.630296242702954,1.6102262799650549,0.009091696415570375,0.010970737426946923,-0.04965050939210359,8.630296242702954,-0.050658554315658195,4.830954426475924,-4.225770935346391,0.8562857858150995,0.0,55.365335287651156,0.0,0.14689090249814654,1.4690053089868764,-0.041981881323525636,106.45757138777842,0.021069818068729592,-0.5075804516247878,-3.390285927918203,-0.03669089805886276,9.301076029124767,1.9710361301881159,-0.5115131578947368,-0.5373367716449029,-4.602396249637575,-0.5950814183968255,0.7341955997649214,Oil & Gas Equipment & Services,Energy,PUMP
2020Q3,2020,Q3,2020-11-05,2020-09-30,-29184000.0,133710000.0,-36452000.0,-0.29,-3349000.0,-0.025046742951162965,1096137000.0,911767000.0,157073000.0,96267000.0,184370000.0,1849000.0,79667000.0,409641819.99999994,356264819.99999994,9.036611594001803,1.6316390871222746,0.0,0.0,-0.031588293453251655,9.036611594001803,-0.032008177527811384,3.063658813850871,-3.5091301740679826,0.4492834463190705,0.0,74.12601406165494,0.0,0.12198292731656718,1.5469267765693333,-0.02662440917513048,26.7582350251486,-0.025046742951162965,-0.11538461538461527,-0.7663554526691284,-0.05866795986073492,8.965875689924301,-0.4838280903854674,-0.1259259259259259,-0.1637826447864121,-2.093509841804378,-0.6107746814928893,0.8647421859669987,Oil & Gas Equipment & Services,Energy,PUMP
2020Q2,2020,Q2,2020-08-06,2020-06-30,-25920000.0,106109000.0,-31322000.0,-0.26,-2257000.0,-0.021270580252381984,1093602000.0,938429000.0,111829000.0,59269000.0,155173000.0,2805000.0,108851000.0,518219939.99999994,481866939.99999994,9.30787236785987,1.8868042315544382,0.0,0.0,-0.026691034326986444,9.30787236785987,-0.02762062979724625,4.88384529116286,-4.998263310185185,0.5522207220791343,0.0,38.6331550802139,0.0,0.0970270720060863,1.7354772309301658,-0.023701492864863085,292.1194701240135,-0.021270580252381984,-2.25,-1.297036548016959,0.2821131626177368,0.0,-1.0417839158767772,-2.3213736545361354,-3.2161798357787053,-5.338283928532201,-0.5906385373341904,1.0356382100124142,Oil & Gas Equipment & Services,Energy,PUMP
2020Q1,2020,Q1,2020-07-02,2020-03-31,-7804000.0,395069000.0,-7429000.0,-0.08,54016000.0,0.13672548339657123,1399890000.0,961516000.0,377962000.0,225925000.0,438374000.0,3296000.0,134771000.0,251717500.0,219029500.0,9.549554560171622,1.672953413743499,0.07857760252591275,0.11440267244642835,-0.006203894194072723,9.549554560171622,-0.008116349597926608,0.6371481943660474,-8.063733341875961,0.2617923154684893,0.0,103.47481796116504,0.0,0.28221431683918025,1.6204271328980857,-0.005574723728292937,17.439206041291396,0.13672548339657123,-1.3636363636363635,0.5026110185498577,2.705519096535788,0.0,-0.40014214641080315,-1.344167585446527,-1.245132976968257,0.821768663482524,0.2779161764883555,0.4291357282059667,Oil & Gas Equipment & Services,Energy,PUMP
2019Q4,2019,Q4,2020-06-22,2019-12-31,22675000.0,434793000.0,30306000.0,0.22,90048000.0,0.2071054501797407,1436111000.0,969305000.0,375591000.0,232966000.0,466806000.0,2436000.0,142575000.0,1131952500.0,1116848500.0,9.633514878053628,1.6122137994385446,0.09052225071738884,0.13411671248987678,0.02172977101819616,9.633514878053628,0.023393049659291967,2.6034285280581795,12.480181918412349,1.167798061497671,0.0,141.52093596059115,0.0,0.3027572381243511,1.5505223938257084,0.01578916950012917,28.942789567885452,0.2071054501797407,-0.33333333333333337,3.2630071467607182,1.72120355014841,10.498512495494023,-0.1605638004325453,-0.3407855336221182,-0.3759189473033916,2.0806124363264007,1.1890652388001421,2.6195987775873215,Oil & Gas Equipment & Services,Energy,PUMP
2019Q3,2019,Q3,2020-06-22,2019-09-30,34397000.0,541847000.0,48561000.0,0.33,107272000.0,0.19797470503666165,1456043000.0,944100000.0,392728000.0,284160000.0,511943000.0,1850000.0,119900000.0,914508540.0,939405540.0,9.384132159115758,1.3820664414414414,0.08928307749153012,0.13769727783073826,0.0331476589551044,9.384132159115758,0.03643364050418388,1.6877615636886427,6.646717300927406,0.9686564346997141,0.0,234.90540540540542,0.0,0.372136674535024,1.3546593468468469,0.02362361551135509,10.354958784365234,0.19797470503666165,-0.05714285714285704,3.08789293290806,2.825691945823059,9.349132922526483,-0.004842570087388909,-0.04804472365981236,-0.0029975157574886565,3.08789293290806,2.825691945823059,9.349132922526483,Oil & Gas Equipment & Services,Energy,PUMP
2019Q2,2019,Q2,2020-06-22,2019-06-30,36133000.0,529494000.0,48707000.0,0.35,107794000.0,0.20357926624286582,1470557000.0,909037000.0,417967000.0,324969000.0,561520000.0,4948000.0,85503000.0,2113946250.0,2232402250.0,9.051899427433408,1.2861749889989507,0.10200216652601701,0.16500978508025527,0.03565184996136136,9.051899427433408,0.03974865709536576,3.992389432174869,14.626146804859824,2.32547877589141,0.0,85.22635408245756,0.0,0.360063567750179,1.2547566075533358,0.024570961887230486,-65.64438872154768,0.20357926624286582,-0.4776119402985075,4.214741742453621,5.423094930076259,0.0,-0.18051680490196823,-0.48237232289950577,-0.48066363142013285,4.214741742453621,5.423094930076259,0.0,Oil & Gas Equipment & Services,Energy,PUMP
2019Q1,2019,Q1,2019-05-08,2019-03-31,69805000.0,546179000.0,93787000.0,0.67,131539000.0,0.24083496436150054,1409005000.0,869541000.0,449655000.0,302657000.0,539464000.0,5870000.0,49370000.0,2300324400.0,2385705400.0,8.675283342645063,1.4856917236343452,0.11355531030762843,0.1840051245427185,0.06901901271657279,8.675283342645063,0.08027798574190291,4.211667603477981,8.238394097843994,2.645446735691589,0.0,70.63713798977854,0.0,0.3876345364281887,1.4438456734851663,0.04954205272515002,-16.105669096179295,0.24083496436150054,0.2641509433962264,5.4692272262739925,4.146098628557613,0.0,0.31167795139754495,0.34815944995944226,0.3570880782531942,5.4692272262739925,4.146098628557613,0.0,Oil & Gas Equipment & Services,Energy,PUMP
2018Q4,2018,Q4,2019-03-01,2018-12-31,51778000.0,425414000.0,69109000.0,0.53,100283000.0,0.23573037088577245,1274522000.0,797355000.0,349257000.0,352760000.0,477167000.0,6353000.0,-20435000.0,1031898560.0,969198560.0,9.51974736741565,0.9900697357977095,0.05492255135650856,0.08779025653567106,0.06154338504520552,9.51974736741565,0.06493719861291394,2.4256337591146506,4.982321449264166,1.2941519900169935,0.0,51.177553911537856,0.0,0.333783175182539,0.9515137770722304,0.04062542663053286,14.754054332284815,0.23573037088577245,0.0,7.20773662529967,2.1984505849690277,10.362720195465279,0.10592425946756655,0.11867775737279897,0.12463791700569568,7.20773662529967,2.1984505849690277,10.362720195465279,Oil & Gas Equipment & Services,Energy,PUMP
2018Q3,2018,Q3,2018-11-08,2018-09-30,46285000.0,434041000.0,61450000.0,0.53,90678000.0,0.2089157475906654,939718000.0,539219000.0,341325000.0,280416000.0,400499000.0,6681000.0,-72213000.0,1412729040.0,1423653040.0,6.454311500526669,1.217209431701472,0.09480290895779372,0.16521673012264035,0.0756014672371487,6.454311500526669,0.08583710885558558,3.2548285530629597,7.6305986820784275,2.6199541188274154,0.0,51.39395300104775,0.0,0.4618843099738432,1.1787986420175738,0.04925413794351071,21.18320373063832,0.2089157475906654,0.1777777777777778,4.383269106925813,2.6903936646980084,6.118029297728466,0.04559291545592915,0.18403213015783684,0.14739711703637315,4.383269106925813,2.6903936646980084,6.118029297728466,Oil & Gas Equipment & Services,Energy,PUMP
2018Q2,2018,Q2,2018-08-09,2018-06-30,39091000.0,459888000.0,53556000.0,0.45,86724000.0,0.18857634902411022,919015000.0,491303000.0,355927000.0,306113000.0,427712000.0,7744000.0,-118498000.0,1308448960.0,1387061960.0,5.887605306362122,1.162730756289344,0.11503185475753933,0.2151747495944458,0.06856627574007393,5.887605306362122,0.07956597049071551,2.8451469923111716,8.36796807449285,2.6632220035293903,0.0,48.1875,0.0,0.5004140302388971,1.1224645800733717,0.04253575839349739,-180.84989080856946,0.18857634902411022,0.0714285714285715,5.1855252014870175,5.71377043760611,0.0,0.2723404879623245,0.06491772910537212,0.10306475531389027,5.1855252014870175,5.71377043760611,0.0,Oil & Gas Equipment & Services,Energy,PUMP
2018Q1,2018,Q1,2018-05-09,2018-03-31,36708000.0,385219000.0,48552000.0,0.42,68161000.0,0.17694090893751346,850347000.0,450718000.0,313835000.0,282266000.0,399629000.0,7512000.0,-157589000.0,1320157090.0,1391077090.0,5.425043030295735,1.1118413128042344,0.13798249420530678,0.260324637578264,0.0666682979284599,5.425043030295735,0.08144338588651884,3.427030053034767,8.990935831426393,2.9290090255991554,0.0,42.206869009584665,0.0,0.45301388727190195,1.0611621661836708,0.04316825954580895,-64.35395778492736,0.17694090893751346,2.5,3.8353802398348438,3.378803817416798,0.0,0.9678099197413246,2.642389362968843,2.4218056240749877,3.8353802398348438,3.378803817416798,0.0,Oil & Gas Equipment & Services,Energy,PUMP
2017Q4,2017,Q4,2018-03-27,2017-12-31,10078000.0,313712000.0,14189000.0,0.12,34638000.0,0.11041337277502933,719032000.0,413252000.0,235660000.0,243596000.0,305780000.0,6184000.0,-194297000.0,1674086400.0,1723079400.0,4.9765414258188825,0.9674214683328134,0.1014447201237219,0.176507312729279,0.022489262552623693,4.9765414258188825,0.024387056807952532,5.336379864334166,41.52823973010518,4.051006165729386,0.0,45.128395860284606,0.0,0.4362976891153662,0.9179337920162892,0.014016066044348513,-27.226672304714818,0.11041337277502933,-0.52,2.2187126633723024,1.3790192540118906,4.939973570755875,-0.18598420755781161,-0.5411791486455725,-0.37504404510218464,2.2187126633723024,1.3790192540118906,4.939973570755875,Oil & Gas Equipment & Services,Energy,PUMP
2017Q3,2017,Q3,2017-11-02,2017-09-30,21965000.0,282730000.0,22704000.0,0.25,42552000.0,0.15050401443072897,638591000.0,402415000.0,226721000.0,200261000.0,236176000.0,9148000.0,-204375000.0,1191624000.0,1182533000.0,4.846038053949903,1.1321275735165608,0.06563982267210156,0.10416361219139446,0.051321231562270704,4.846038053949903,0.05458295540673186,4.214706610547165,13.562758934668793,2.961181864493123,0.0,26.254700480979448,0.0,0.44274034554198227,1.05389966094247,0.03439603752636664,-580.1480038948393,0.15050401443072897,3.166666666666667,2.6153082351362307,1.4184758682959828,4.344371873453542,0.772335374234662,3.46352367404999,2.6003805899143675,2.6153082351362307,1.4184758682959828,4.344371873453542,Oil & Gas Equipment & Services,Energy,PUMP
2017Q2,2017,Q2,2017-08-11,2017-06-30,4921000.0,213492000.0,6306000.0,0.06,24009000.0,0.1124585464560733,561916000.0,379697000.0,188369000.0,170628000.0,182219000.0,4819000.0,-226341000.0,1159238400.0,1150677400.0,4.572459055876686,1.1039747286494597,0.029447461898219663,0.04357948574784631,0.01494842634653355,4.572459055876686,0.01296033416118642,5.429891518183351,58.89242023978866,3.0530617834747185,0.0,39.31998339904545,0.0,0.37993579111468617,1.0134796164756077,0.008757536713672506,-19.718627634421406,0.1124585464560733,1.1395348837209303,1.5294804549120717,2.131983050550157,0.0,1.14079358002675,1.2020861566260113,1.3303992455202767,1.5294804549120717,2.131983050550157,0.0,Oil & Gas Equipment & Services,Energy,PUMP
2017Q1,2017,Q1,2017-05-12,2017-03-31,-24351000.0,171931000.0,-19086000.0,-0.43,11215000.0,0.06522965608296351,521202000.0,374168000.0,209001000.0,134023000.0,147034000.0,5154000.0,-231261000.0,721788440.0,653937440.0,6.6820487177655545,1.5594412899278483,0.034101941281883034,0.04750272604819226,-0.0468064573687914,6.6820487177655545,-0.06508039169570888,4.198128551570107,-7.410254609666954,1.929049090248231,0.0,31.18277066356228,0.0,0.32987402197228716,1.4586376965147774,-0.04672084911416303,-13.29162566293459,0.06522965608296351,-1.0618962165761683,-1.790693214609721,1.899657399062241,0.0,1.6262250643267075,-0.4061400235055381,0.14404234456515772,-1.790693214609721,1.899657399062241,0.0,Oil & Gas Equipment & Services,Energy,PUMP
2016Q4,2016,Q4,2016-12-31,2016-12-31,-17317621.0,163921053.0,-22297832.0,-0.20854589893667203,4270388.0,0.026051491994747007,541422298.0,221009487.0,264780045.0,159740703.0,320412811.0,4712850.0,-206909509.0,1204077883.0,1246809440.0,2.6614869409572903,1.6575615358347333,0.32567398803364395,0.7978261991984081,-0.03647270164880929,2.6614869409572903,-0.07835691234376739,7.345474305853807,-17.382264616485138,5.448082339560383,0.0,33.875609238571144,0.0,0.3027600702917485,1.557365088095299,-0.03198542258782257,-152.59181250872848,0.026051491994747007,-0.27353940957827955,-1.0941894343303424,0.2430892884855,2.1767367606302668,2.0392767096617184,-0.2735417708486542,-0.4034385699899295,-1.0941894343303424,0.2430892884855,2.1767367606302668,Oil & Gas Equipment & Services,Energy,PUMP
2016Q3,2016,Q3,2016-09-30,2016-09-30,-13598000.0,116904000.0,-15888000.0,-0.163753,-4109000.0,-0.03514849791281736,384263548.0,75296836.0,102474303.0,109938358.0,308966712.0,6993074.0,-189591888.0,1204077883.0,1403986879.0,0.9067553996422008,0.932106908491393,0.5340000113671984,2.7251708026616153,-0.037491804510580436,0.9067553996422008,-0.18059191756742607,10.299715005474578,-22.13704006103839,15.991082055559412,0.0,17.304693186429887,0.0,0.3042287008706847,0.8397795335455165,-0.03538717130670953,-110.61366706980475,-0.03514849791281736,-0.4630993012991192,0.0,0.0,0.0,0.4505215298208077,-0.46309446955024747,-0.04643351116380162,0.0,0.0,0.0,Oil & Gas Equipment & Services,Energy,PUMP
2016Q2,2016,Q2,2016-06-30,2016-06-30,-9294000.0,68165000.0,-15183000.0,-0.111922,-7478000.0,-0.10970439375045844,,,,,,,,1204077883.0,,,0.0,0.0,0.0,0.0,,0.0,17.66416611164087,-32.38858088551754,0.0,0.0,0.0,0.0,0.0,0.0,0.0,-78.06015448946515,-0.10970439375045844,0.281763984880863,0.0,0.0,0.0,-1.1713124274099884,0.2817619783616692,-0.0830301733361866,0.0,0.0,0.0,Oil & Gas Equipment & Services,Energy,PUMP
2016Q1,2016,Q1,2016-03-31,2016-03-31,-12940000.0,87930000.0,-14019000.0,-0.155829,-3444000.0,-0.03916751961787786,,,,,,,,1204077883.0,,,0.0,0.0,0.0,0.0,,0.0,13.693595848970773,-23.26271025888717,0.0,0.0,0.0,0.0,0.0,0.0,0.0,594.0196758756783,-0.03916751961787786,-0.5648135351794158,0.0,0.0,0.0,-1.6329075541486042,-0.5648114299437913,-0.7845236394964382,0.0,0.0,0.0,Oil & Gas Equipment & Services,Energy,PUMP
2015Q4,2015,Q4,2015-12-31,2015-12-31,-8269367.0,131865872.0,-7855878.0,-0.09958311102040232,5441553.0,0.04126581743606868,446454334.0,69571231.0,138465251.0,110789154.0,376883103.0,8572015.0,-153762113.0,1204077883.0,1422938691.0,0.8378053145420993,1.2498087222509164,0.5305712386700674,3.404795712181663,-0.016440711361912417,0.8378053145420993,-0.11886187553588062,9.131080428452329,-36.40175490457734,17.307123443022014,0.0,14.748494840477997,0.0,0.2953625084531042,1.1246699112803045,-0.01852231319138678,112.83794211525594,0.04126581743606868,0.0,0.0,0.0,0.0,0.0,0.0,0.0,0.0,0.0,0.0,Oil & Gas Equipment & Services,Energy,PUMP
