Year,Date,FillingDate,NetIncome,Revenue,OperatingIncome,EPSDiluted,GrossProfit,GrossProfitRatio,TotalAssets,CommonStockEquity,CurrentAssets,CurrentLiability,TotalLiability,Inventory,RetainedEarnings,EnterpriseValue,bookValuePerShare,currentRatio,debtToAssets,debtToEquity,roic,shareholdersEquityPerShare,roe,priceToSalesRatio,peRatio,pbRatio,payoutRatio,inventoryTurnover,dividendYield,assetTurnover,quickRatio,returnOnAssets,priceToFreeCashFlowsRatio,grossProfitMargin,epsdilutedGrowth,fiveYNetIncomeGrowthPerShare,fiveYRevenueGrowthPerShare,fiveYShareholdersEquityGrowthPerShare,grossProfitGrowth,netIncomeGrowth,operatingIncomeGrowth,threeYNetIncomeGrowthPerShare,threeYRevenueGrowthPerShare,threeYShareholdersEquityGrowthPerShare,Industry,Sector,Price,MarketCap,AvgVolume,Symbol
2023,2023-01-28,2023-03-16,376700000.0,7842100000.0,604900000.0,6.64,3052100000.0,0.3891942209,6620400000.0,2232400000.0,3507100000.0,2248100000.0,4388000000.0,2150300000.0,3144800000.0,3705100000.0,47.90557939914163,1.560028468484498,0.20093952027067852,0.5959057516574091,0.10641895363020856,47.90557939914163,0.16874216090306396,0.4516137259152523,9.401645872046723,1.586454040494535,0.18449694717281656,2.227596149374506,0.019623898802800993,1.1845356776025617,0.529736221698323,0.056899885203310976,5.374203338391502,0.38919422093571876,-0.4566284779050737,-0.019309585617482736,0.6955030683984132,-0.030625200055912266,-0.02301536491677337,-0.5107156773606962,-0.33041841930484833,2.961391697007912,0.41766560417772897,0.3463353201433042,Luxury Goods,Consumer Cyclical,72.44,3289413472,971640,SIG
2022,2022-01-29,2022-03-17,769900000.0,7826000000.0,903400000.0,12.22,3124000000.0,0.3991822131,6575100000.0,2216100000.0,3730400000.0,2070700000.0,4359000000.0,2060400000.0,2877400000.0,4519500000.0,42.21142857142857,1.801516395421838,0.22086356101047894,0.6552953386580028,0.1581292757888066,42.21142857142857,0.34741212039167907,0.5731663685152057,5.826211196259254,2.0240963855421685,0.05663073126380049,2.2820811492914,0.009719992866060283,1.1902480570637708,0.7057516781764621,0.11709327614789129,3.977653631284916,0.3991822131357015,43.13793103448276,1.0112753348762185,0.732954663670599,0.01374921136373048,0.8031746031746032,51.651315789473685,5.124745762711864,2.2202045576368663,0.3052370966795259,0.27082676143824247,Luxury Goods,Consumer Cyclical,72.44,3289413472,971640,SIG
2021,2021-01-30,2021-03-19,-15200000.0,5226900000.0,147500000.0,-0.29,1732500000.0,0.331458417,6178900000.0,1832600000.0,3582000000.0,1998700000.0,4346300000.0,2032500000.0,2189200000.0,2611040000.0,35.24230769230769,1.7921649071896733,0.27048503778989785,0.911982975008185,0.004970553020580906,35.24230769230769,-0.00829422678162174,0.4041095104172645,-138.96315789473684,1.1525919458692568,-1.7894736842105263,1.7192619926199262,0.012877324546453055,0.845927268607681,0.6568769700305198,-0.002459984786936186,1.6382843403397191,0.3314584170349538,-1.207142857142857,-1.0496654446216318,0.21998197941108094,-0.08460043077124137,-0.22089310608445384,-1.1440758293838862,-0.625158831003812,-1.0354619384082124,0.012728351929535411,-0.28686793068176764,Luxury Goods,Consumer Cyclical,72.44,3289413472,971640,SIG
2020,2020-02-01,2020-03-26,105500000.0,6137100000.0,393500000.0,1.4,2223700000.0,0.3623372603,6299100000.0,1839600000.0,3154800000.0,1652600000.0,4459500000.0,2331700000.0,2242900000.0,3269727000.0,35.58220502901354,1.908991891564807,0.37900652474162977,1.2977821265492497,0.053320733066912804,35.58220502901354,0.05734942378777995,0.20479167685062977,11.913052132701422,0.6832066753642096,1.0293838862559241,1.6783462709611014,0.08640807366487194,0.9742820402914703,0.2539029408205252,0.01674842437808576,2.996726275631855,0.3623372602695084,1.1164725457570717,-0.5723958705862718,0.6534367259224746,0.011606241751416786,0.02910958904109589,1.1604806814724673,1.514648182055977,-0.720128659451976,0.3800007352535485,-0.14545814942732074,Luxury Goods,Consumer Cyclical,72.44,3289413472,971640,SIG
2019,2019-02-02,2019-04-03,-657400000.0,6247100000.0,-764600000.0,-12.02,2160800000.0,0.34588849226040885,4420100000.0,1816900000.0,2855800000.0,1033000000.0,2603200000.0,2386900000.0,2282200000.0,1844159000.0,33.215722120658135,2.7645692158760893,0.1647926517499604,0.4009026363586328,-0.246051411371378,33.215722120658135,-0.3618250866861137,0.20988282563109284,-1.9944615150593243,0.7216462105784578,-0.1676300578034682,1.7119695001885291,0.08404777757693767,1.4133390647270423,0.28383349467570185,-0.14872966674962104,2.3239259127968803,0.34588849226040885,-2.6155913978494625,-3.6192015738017647,1.1760353094405727,0.03932773363379601,-0.013333333333333334,-2.2659349123820527,-2.318503190205208,-3.042003381244059,0.38612915904098727,-0.13723987695876044,Luxury Goods,Consumer Cyclical,72.44,3289413472,971640,SIG
2018,2018-02-03,2018-04-02,519300000.0,6253000000.0,579900000.0,7.44,2190000000.0,0.35023188869342714,5839600000.0,3113400000.0,3446100000.0,1037200000.0,2726200000.0,2280500000.0,4396200000.0,3743410000.0,49.41904761904762,3.3225028924026225,0.12538530036303858,0.23517697693839532,0.1485360671147571,49.41904761904762,0.16679514357294276,0.5175611706380937,6.23206239168111,1.0394777413759877,0.21413441170806854,1.781626836220127,0.034360120013224936,1.070792520035619,0.9712688006170459,0.08892732378930064,1.9002466091245376,0.35023188869342714,0.05084745762711869,0.8849323224705274,1.0506606384750683,0.7456490059863594,-0.07234835648932565,-0.04399852724594993,-0.24017295597484276,0.7272601251358135,0.38249255852937664,0.404989291475201,Luxury Goods,Consumer Cyclical,72.44,3289413472,971640,SIG
2017,2017-01-28,2017-03-16,543200000.0,6408400000.0,763200000.0,7.08,2360800000.0,0.3683914861743961,6597800000.0,3102100000.0,4642600000.0,1203700000.0,3495700000.0,2449300000.0,3995900000.0,7269555000.0,41.638926174496646,3.8569410982803025,0.2135560338294583,0.45420843944424744,0.12874759491638194,41.638926174496646,0.17510718545501436,0.9299130828287873,10.97064617083947,1.9210389735985298,0.13917525773195877,1.6525537908790267,0.012686149527080148,0.9712934614568492,1.708897565838664,0.08233047379429506,14.886972270796901,0.3683914861743961,0.2061328790459966,0.9374473472968166,0.9777072084102774,0.574865269729986,-0.03261760367152926,0.1609318230391109,0.08455307659513997,0.5890224686314561,0.6389592117490164,0.3028917635654602,Luxury Goods,Consumer Cyclical,72.44,3289413472,971640,SIG
2016,2016-01-30,2016-03-24,467900000.0,6550200000.0,703700000.0,5.87,2440400000.0,0.3725687765259076,6474400000.0,3060700000.0,4589900000.0,1152900000.0,3413700000.0,2453900000.0,3534600000.0,10472500000.0,38.49937106918239,3.981177899210686,0.21441369084393921,0.45355637599242005,0.11250570872253031,38.49937106918239,0.1528735256640638,1.4078959421086379,19.70933960247916,3.0130362335413468,0.14340671083564865,1.6748033742206283,0.007276078941661246,1.011707648585197,1.7187960794518171,0.07226924502656616,42.53690036900369,0.3725687765259076,0.23578947368421055,1.516917736853337,1.0541785092067173,0.7015967512268854,0.17654999517886413,0.22711775504851822,0.22043010752688172,0.3458724558359153,0.7022892172326474,0.35992885488377635,Luxury Goods,Consumer Cyclical,72.44,3289413472,971640,SIG
2015,2015-01-31,2015-03-26,381300000.0,5736300000.0,576600000.0,4.75,2074200000.0,0.36159196694733536,6327600000.0,2810400000.0,4407300000.0,1338300000.0,3517200000.0,2439000000.0,3135700000.0,10944389000.0,35.17396745932415,3.293207800941493,0.23094064100132752,0.5199615713065756,0.09517933649358529,35.17396745932415,0.13567463706233987,1.686921709115632,25.378151062155784,3.443171434671221,0.14503015997901914,1.5014760147601476,0.005714764626619704,0.9065522472975536,1.3648658746170514,0.06025981414754409,154.0874044585987,0.36159196694733536,0.041666666666666755,1.4806213434068636,0.8609976163339372,0.6690806766134569,0.31236950332173363,0.036141304347826086,0.010692375109553023,0.26807939640950695,0.6506452039764311,0.3303479421674091,Luxury Goods,Consumer Cyclical,72.44,3289413472,971640,SIG
2014,2014-02-01,2014-03-27,368000000.0,4209200000.0,570500000.0,4.56,1580500000.0,0.3754870284139504,4029200000.0,2563100000.0,3257600000.0,900700000.0,1466100000.0,1488000000.0,2578100000.0,6151610000.0,31.958852867830423,3.6167425335849894,0.004790032760845825,0.0075299442081854006,0.14350929805508073,31.958852867830423,0.1435761382700636,1.51570607241281,17.33671195652174,2.48913815301783,0.125,1.7665994623655914,0.0072101330583033306,1.044673880671101,1.864771844121239,0.09133326714980641,77.05205314009662,0.3754870284139504,0.04827586206896551,1.9929947667023193,0.3370869193213879,0.6915550972699918,0.028034343697151035,0.0225062517365935,0.01784121320249777,0.9622600186161343,0.3085066759412054,0.41251866465862164,Luxury Goods,Consumer Cyclical,72.44,3289413472,971640,SIG
2013,2013-02-02,2013-03-28,359900000.0,3983400000.0,560500000.0,4.35,1537400000.0,0.38595169955314557,3715800000.0,2329900000.0,3032900000.0,868700000.0,1385900000.0,1397000000.0,2268400000.0,4919289000.0,28.309842041312272,3.4913088523080464,0.0,0.0,0.1554686990073404,28.309842041312272,0.1544701489334306,1.3105108701109605,14.504831897749375,2.240563543499721,0.10669630452903585,1.7508947745168217,0.007355914586338036,1.0720167931535605,1.782433521353747,0.09685666612842457,29.245316526610644,0.38595169955314557,0.16621983914209107,0.7311247385799527,0.12494988383884223,0.33531667321820074,0.06942125765164163,0.10943279901356351,0.10465116279069768,1.2731205152298,0.254627561357884,0.34336310977077034,Luxury Goods,Consumer Cyclical,72.44,3289413472,971640,SIG
2012,2012-01-28,2012-03-22,324400000.0,3749200000.0,507400000.0,3.73,1437600000.0,0.38344180091752905,3611400000.0,2279100000.0,3016300000.0,867200000.0,1332300000.0,1304100000.0,1969300000.0,3518052000.0,26.43967517401392,3.4782057195571956,0.0,0.0,0.14383934803910017,26.43967517401392,0.14233688736782063,1.0681884135282194,12.345413070283602,1.7572076696941776,0.02681874229346486,1.772563453722874,0.0021723649213504018,1.0381569474442045,1.8672739852398523,0.08982666002104447,17.611486367634125,0.38344180091752905,0.6077586206896552,0.16932213950148858,0.010070775900567453,0.3115722618271734,0.15664977069756214,0.6187624750499002,0.3621476510067114,1.8144174848028545,0.10806640842069887,0.39942968215186364,Luxury Goods,Consumer Cyclical,72.44,3289413472,971640,SIG
2011,2011-01-29,2011-03-30,200400000.0,3437400000.0,372500000.0,2.32,1242900000.0,0.36158142782335484,3089800000.0,1939000000.0,2542300000.0,711000000.0,1150800000.0,1184200000.0,1662300000.0,3290592000.0,22.62543757292882,3.5756680731364274,0.010033011845426888,0.01598762248581743,0.12614145606196814,22.62543757292882,0.10335224342444559,1.0361587246174435,17.772914171656687,1.8368705518308408,0.0,1.8531498057760514,0.0,1.1124991908861415,1.7949367088607595,0.06485856689753382,13.369714714714714,0.36158142782335484,0.2083333333333333,-0.12815813371720944,0.11626840770605652,0.2554096729766733,0.15414616027486303,0.22120658135283364,0.35061638868745465,-0.07431495707772848,-0.06775869351027762,0.0671950760410864,Luxury Goods,Consumer Cyclical,72.44,3289413472,971640,SIG
2010,2010-01-30,2010-03-30,164100000.0,3290700000.0,275800000.0,1.92,1076900000.0,0.3272555991126508,2924200000.0,1797600000.0,2435800000.0,621300000.0,1126600000.0,1173100000.0,1556400000.0,2341708000.0,21.07385697538101,3.920489296636086,0.11083373230285207,0.18029595015576325,0.08821908926207518,21.07385697538101,0.09128838451268358,0.7092132373051326,14.221864716636196,1.298291054739653,0.0,1.8871366464922001,0.0,1.1253334245263662,1.9348140994688556,0.05611791259147801,4.946604493429419,0.3272555991126508,1.4155844155844155,-0.37350737442243476,0.09879937290322517,0.278732306928412,-0.0029625206362177167,1.41681418993389,1.9276824007252686,-0.40224923210937724,-0.1040996144844875,0.0453943203428053,Luxury Goods,Consumer Cyclical,72.44,3289413472,971640,SIG
2009,2009-01-31,2009-01-31,-393700608.0,3344299378.0,-297300024.0,-4.62,1080099818.0,0.322967442778982,2953899508.0,1609698832.0,2413199978.0,737300368.0,1344200676.0,1364400212.0,1400900116.0,1070508524.0,18.893178779342723,3.2730215292663463,0.19211910915149522,0.3525507571468499,-0.16465652529302457,18.893178779342723,-0.24458029053226027,0.17935236418896944,-1.5235130142344104,0.37262125565113163,-0.31445220932958273,1.6594834419448186,0.2063994244825011,1.1321642354259804,1.422486426861515,-0.13328165258626665,12.117447408696817,0.322967442778982,-2.8260869565217397,-2.5860097611041275,0.14297306396702958,0.22277553404561865,1.6968784469413234,-2.8294637918215613,-1.846285294619983,-2.722849398737318,0.09240816174236124,0.048319145935268294,Luxury Goods,Consumer Cyclical,72.44,3289413472,971640,SIG
TTM,,,,,,,,,,,,,,,,3956913472.0,49.35540838852097,1.736468600394255,0.2132658652141683,0.5919134090705788,0.11938126002889093,49.35540838852097,0.26238147895442676,0.42876684376547874,5.885100430416069,1.4677216208963235,0.12464131994261118,2.15772841767804,0.011457758144671454,1.2363103103748347,0.4061391157420445,0.08985722112998357,8.094029212598425,0.3858807581010975,,,,,,,,,,,Luxury Goods,Consumer Cyclical,72.44,3289413472,971640,SIG
